3050 5184
1252 122 1298 152 ἢ.

377 280 392 299 .
453 310 530 369 18
557 323 841 369 HISTORIA
871 322 1129 367 cArtoms
1158 320 1491 374 u’l’musomz
1521 320 1924 367 TESTAMENTI.
1948 336 2027 349 —-
2046 318 2173 364 CAP.
2208 319 2280 361 II.
2315 318 2451 363 CAN.
2478 318 2765 363 VETEms
2796 318 2973 361 TEST.

451 456 812 535 primigenii
833 460 1038 516 textus
1061 470 1346 533 graecam
1367 454 1830 532 Scripturarum
1850 452 2205 514 versionem
2227 451 2295 512 in
2316 450 2660 531 synagogis
2684 450 3027 529 legebant.

450 554 516 612 ln
545 553 867 613 codicibus
896 552 1068 613 enim
1099 552 1226 612 suis
1257 568 1475 612 omnes
1505 550 2109 612 deuterocanonicos
2136 548 2331 609 libros
2363 546 2911 626 protocanonicis
2942 547 3027 606 in-

449 649 777 711 termixtos
805 649 1154 722 habebant,
1187 648 1352 709 unde
1385 665 1495 709 eos
1525 641 1814 725 utrisque
1848 647 2116 707 eandem
2144 646 2519 706 canonicam
2548 644 3026 705 auctoritatem

450 735 812 805 attribuisse
841 748 1012 806 recte
1037 744 1246 823 colligi
1275 744 1544 805 videtur.

515 866 749 935 Esdras,
781 866 881 922 etsi
906 866 1158 923 hodierni
1185 868 1410 923 canonis
1442 865 1778 923 Iudaeorum
1805 866 2068 922 collector
2093 866 2214 921 iure
2240 865 2525 931 habeatur,
2554 879 2685 919 non
2714 862 2803 919 ita
2832 870 3027 919 tamen

447 968 574 1009 eum
613 953 912 1010 absolvisse
949 954 1257 1011 censendus
1294 963 1405 1019 est,
1443 962 1508 1009 ut
1543 969 1717 1010 novos
1752 956 1804 1009 ei
1839 952 2009 1010 libros
2046 952 2253 1009 addere
2286 952 2445 1008 nefas
2483 950 2685 1007 fuerit.
2732 950 3025 1021 Propheta

448 1041 670 1113 quidem
698 1042 925 1098 ultimus
949 1042 1052 1098 fuit
1079 1042 1401 1113 Malachias,
1433 1042 1529 1099 sed
1554 1057 1664 1098 una
1691 1057 1820 1098 cum
1848 1041 2115 1098 Malacbia
2146 1042 2313 1097 ctiam
2341 1056 2567 1097 omnem
2602 1038 3025 1095 revelationem

448 1138 502 1183 et
521 1127 938 1200 inspirationem
965 1144 1234 1197 cessasse,
1266 1138 1475 1186 temere
1504 1137 1561 1186 et
1581 1128 1733 1185 nulla
1755 1128 1968 1186 ratione
1997 1138 2248 1185 asserunt
2276 1127 2551 1184 Iudaei-«et
2580 1128 3020 1191 Protestantes;

447 1224 660 1272 certum
689 1218 834 1272 enim
864 1226 965 1286 est,
997 1226 1122 1289 post
1149 1217 1356 1273 Esdrae
1384 1225 1623 1273 aetatem
1646 1216 1861 1289 aliquos
1886 1217 2055 1273 libros
2078 1234 2109 1273 a
2140 1220 2259 1273 Deo
2289 1232 2408 1272 esse
2434 1216 2771 1287 inspiratoS‚
2802 1214 3021 1285 aliquos

449 1320 668 1376 quoque
705 1305 1040 1376 antiquiores
1061 1305 1269 1362 Esdrae
1291 1322 1403 1361 non
1431 1305 1763 1373 innotuisse,
1795 1304 1875 1361 ita
1902 1313 1966 1361 ut
1990 1305 2055 1373 ii,
2090 1305 2181 1377 qui
2206 1306 2387 1361 solum
2410 1318 2699 1361 canonem
2725 1302 3019 1359 esdr-inum

447 1400 778 1463 agnoscunt,
813 1391 964 1449 haud
1003 1408 1170 1463 parva
1205 1393 1555 1449 revelationis
1589 1395 1658 1449 V.
1694 1395 1760 1448 T.
1791 1402 1972 1464 parte,
2002 1392 2154 1449 libris
2193 1408 2270 1449 sc.
2315 1390 2887 1455 deuterocanonicis,
2924 1404 3015 1449 ca-

447 1488 621 1535 reant.
649 1482 770 1536 lam
794 1496 925 1537 vero
955 1482 1202 1552 quaestio
1225 1490 1373 1538 mota
1399 1490 1500 1549 est,
1525 1498 1659 1537 num
1687 1480 1900 1553 antiqui
1924 1479 2110 1537 Iudaei
2138 1497 2333 1536 omnes
2356 1480 2421 1536 iis
2444 1494 2676 1550 semper
2703 1478 3013 1543 caruerint,

446 1575 612 1639 atque
640 1567 800 1623 multi
825 1567 1154 1638 interpretes
1185 1569 1521 1640 antiquiores
1551 1577 1606 1624 et
1633 1578 1879 1623 recentes
1914 1576 2063 1626 recte
2089 1576 2308 1637 tenent,
2340 1566 2466 1623 illos
2489 1566 2705 1623 saltem
2738 1566 3009 1625 Iudaeos,

447 1656 542 1726 qui
569 1656 731 1728 vulgo
758 1655 1096 1711 Hellenistae
1129 1665 1413 1724 vocantur,
1445 1656 1613 1712 etiam
1648 1656 2175 1712 deuterocanonicos
2210 1671 2307 1725 pro
2340 1655 2511 1711 sacris
2539 1650 2872 1727 agnovisse.
2910 1654 3011 1707 Re-

448 1758 573 1798 vera
605 1744 722 1799 sola
749 1758 944 1799 eorum
978 1758 1110 1799 cura
1137 1744 1296 1799 nobis
1327 1752 1454 1799 sunt
1481 1746 1821 1812 conservati,
1854 1744 1978 1815 quia
2016 1744 2139 1799 illos
2171 1742 2451 1799 codicibus
2488 1743 2607 1798 suis
2650 1736 2837 1799 saci-is
2873 1742 3010 1795 insc-

447 1838 688 1887 ruerant.
717 1832 926 1887 Verum
956 1831 1178 1903 quidem
1207 1841 1290 1887 est
1309 1872 1322 1899 ,
1359 1830 1693 1888 ludaeorum
1722 1831 2208 1889 alexandrinorum
2242 1830 2457 1887 codices
2481 1846 2604 1886 non
2636 1831 2888 1902 amplius
2916 1844 3008 1885 su-

449 1933 692 1989 peresse;
731 1926 978 1975 attamen
1005 1934 1204 1991 graeca
1235 1920 1590 1991 exemplaria,
1623 1919 1824 1991 quibus
1862 1919 2137 1990 primitiva
2174 1919 2418 1976 Ecclesia
2447 1917 2749 1987 utebatur,
2790 1916 2879 1972 vel
2916 1914 3005 1970 illa

445 2006 560 2077 ipsa
591 2005 841 2075 suerunt,
870 2022 1011 2078 quae
1039 2007 1377 2063 Hellenistae
1416 2007 1489 2063 ad
1523 2006 1695 2063 fidem
1726 2008 1977 2064 conversi
2008 2022 2197 2063 secum
2225 2007 2552 2075 attulerant,
2589 2007 2683 2062 vel
2714 2020 2787 2062 ex
2815 2004 2927 2061 illis
2954 2011 3001 2057 et

447 2092 519 2149 ad
542 2093 766 2149 illorum
793 2110 1047 2150 normam
1071 2093 1370 2168 descript&
1405 2111 1576 2167 quare
1603 2094 1921 2151 omnimoda
1946 2110 2076 2151 cum
2097 2092 2429 2151 certitudine
2454 2110 2717 2151 asserere
2742 2094 2895 2161 licet,
2923 2091 3001 2146 Iu-

446 2181 613 2238 daeos
637 2182 1024 2238 alexandrinos
1051 2183 1109 2238 in
1137 2183 1250 2239 suis
1285 2182 1568 2239 codicibus
1602 2183 1911 2254 Scripturas
1951 2182 2407 2254 protocanonicas
2435 2190 2490 2237 et
2522 2178 2997 2238 deuterocanoni-

447 2284 540 2325 cas
571 2270 649 2325 ita
692 2270 1098 2341 permiscuisse,
1143 2279 1209 2325 ut
1250 2271 1359 2326 illis
1403 2270 1641 2327 eandem
1680 2270 2061 2327 auctoritatem
2098 2271 2409 2327 attribuisse
2444 2270 2787 2338 videantur;
2836 2280 2997 2323 nemo

447 2357 593 2413 cuim
615 2358 760 2413 inter
787 2358 998 2415 medios
1020 2374 1150 2414 suos
1172 2358 1344 2416 libros
1371 2374 1558 2414 sacros
1586 2374 1791 2429 ponere
1814 2359 1981 2415 audet
2008 2358 2289 2431 profanos.

527 2534 812 2612 Amplior
853 2534 1065 2613 igitur,
1100 2552 1286 2613 quam
1329 2536 1839 2613 palaestinensiS‚
1870 2524 1990 2596 suit
2023 2552 2221 2596 canon
2260 2535 2734 2597 alexandrinus.
2773 2534 2991 2596 Contra

447 2646 642 2708 quam
671 2631 1049 2691 sententiam
1077 2631 1420 2692 adversarii
1449 2632 1529 2692 ad
1558 2631 1937 2694 Iudaeorum
1960 2632 2520 2711 palaestinensium
2552 2638 2617 2693 et
2644 2627 2989 2693 alexandri-

448 2742 673 2787 norum
715 2728 1021 2788 unitatem
1059 2728 1420 2806 religiosam
1463 2728 1697 2789 frustra
1737 2734 2098 2808 provocant.
2127 2730 2237 2791 Illa
2278 2729 2449 2791 enim
2492 2732 2627 2790 tam
2663 2732 2841 2791 arcta
2868 2740 2987 2785 non

447 2824 598 2894 fuit,
641 2826 716 2885 ut
756 2823 993 2884 destrui
1044 2824 1321 2902 potuerit
1362 2825 1542 2885 libris
1586 2826 1903 2887 nonnullis
1948 2826 2169 2887 canoni
2229 2826 2516 2900 insertiS,
2566 2844 2733 2904 quos
2788 2822 2987 2885 Palae·

448 2922 757 2981 stinenses
786 2936 1038 3001 quoque
1069 2922 1331 2982 maximi
1385 2922 1695 2997 fecerunt,
1727 2922 1877 2983 licet
1902 2940 2009 2983 eos
2036 2923 2115 2983 ob
2145 2924 2300 2985 certi
2326 2923 2689 2984 testimonii
2722 2918 2985 3001 prophe-

448 3015 559 3076 tici
587 3017 906 3101 defectum
938 3018 1256 3078 canonicis
1286 3019 1697 3096 aequiparare
1729 3019 1826 3079 vel
1856 3019 2087 3080 addere
2117 3036 2245 3080 non
2274 3020 2609 3081 auderent.

515 3139 802 3207 Quaenam
840 3138 1006 3195 suerit
1027 3138 1526 3196 Alexandrinorum
1552 3149 1609 3196 et
1636 3140 2127 3207 Palaestinensium
2164 3142 2326 3210 unio,
2356 3142 2488 3197 satis
2524 3141 2697 3197 docet
2720 3138 2981 3209 templum

451 3225 900 3297 heliopolitanum
915 3269 928 3296 ,
957 3226 1107 3298 quod
1133 3232 1340 3284 contra
1363 3228 1743 3301 gravissimum
1766 3229 1928 3301 Legis
1956 3237 2313 3300 praeceptum
2338 3226 2707 3285 Alexandrini
2728 3228 2787 3283 in
2816 3230 2981 3295 Aegy·

450 3322 544 3385 pto
573 3321 980 3379 exstruxerant,·
1011 3312 1208 3385 quodsi
1233 3324 1421 3387 aperta
1449 3324 1504 3371 et
1538 3316 1717 3387 gravis
1753 3314 1892 3389 haec
1918 3316 2079 3389 Legis
2114 3317 2335 3373 violatio
2372 3315 2647 3373 unitatem
2674 3314 2981 3387 religiosam

446 3418 562 3457 non
597 3399 896 3469 destruxit,
933 3402 1110 3459 multo
1149 3402 1334 3459 minus
1367 3418 1490 3459 eam
1532 3404 1815 3459 destruere
1852 3404 2029 3475 potuit
2052 3404 2149 3461 illa
2184 3404 2413 3461 canonis
2444 3404 2757 3461 diversitas.
2798 3402 2981 3471 Neque

447 3489 596 3546 enim
625 3488 862 3545 fanatico
889 3489 1017 3545 odio
1043 3490 1164 3560 illo,
1194 3507 1304 3563 quo
1335 3490 1504 3562 aliqui
1532 3490 1786 3557 moderni
1810 3494 2207 3561 Protestantes‚
2234 3501 2425 3549 contra
2455 3488 2981 3563 deuoerocanonicos

448 3576 620 3633 libros
663 3576 971 3649 flagrabant
1011 3577 1202 3635 Iudaei
1238 3579 1693 3649 palaestinenses,
1738 3578 1837 3635 sed
1880 3596 1977 3636 eos
2016 3580 2271 3637 omnibus
2310 3580 2556 3652 profanis
2598 3576 2976 3653 praeferebant

449 3680 652 3736 eosque
679 3664 956 3721 interdum
983 3681 1084 3737 pro
1109 3666 1390 3738 inspiratis
1417 3666 1773 3727 adhibebant.
1796 3668 2209 3724 Ecclesiasticus
2234 3684 2322 3724 ex.
2346 3684 2428 3741 gr.
2452 3669 2657 3740 inipso
2676 3660 2979 3723 Thalmude

449 3752 644 3809 iisdem
671 3751 922 3809 formulis
937 3754 1226 3825 allegatur,
1257 3754 1456 3826 quibus
1483 3755 1589 3811 soli
1616 3753 1744 3812 libri
1760 3756 1903 3811 sacri
1924 3756 2152 3828 allegari
2168 3757 2375 3824 solent;
2398 3756 2653 3829 origenis
2671 3766 2916 3824 tempore
2935 3748 2969 3802 l·

449 3839 664 3897 Baruch
687 3842 856 3897 etiam
879 3842 938 3897 in
959 3840 1241 3898 codicibus
1261 3842 1543 3897 nonnullis
1562 3841 1832 3898 hebraicis
1858 3844 2182 3900 coniunctus
2200 3853 2320 3899 erat
2346 3860 2473 3901 cum
2494 3844 2763 3901 Ieremias
2790 3837 2973 3895 vatici-

447 3929 578 3997 niis,
609 3928 762 3984 libris
797 3928 1000 3985 Tobiae
1033 3927 1090 3983 e't
1123 3928 1310 3985 Iudith
1336 3945 1438 4000 pro
1467 3930 1795 3986 auctoritate
1822 3931 1911 3985 usi
1940 3940 2071 3987 sunt
2098 3932 2313 3989 rabbini
2346 3933 2407 3988 in
2440 3934 2553 3989 suis
2594 3927 2965 3987 Midraschim:

449 4017 754 4090 fragmenta
789 4016 1280 4073 deuterocanonica
1318 4018 1565 4073 Danielis
1595 4017 2035 4075 Theodotionem
2060 4020 2118 4075 in
2146 4036 2244 4076 suo
2282 4020 2538 4077 hebraico
2573 4019 2969 4089 scripturarum

447 4104 636 4161 codice
663 4103 968 4176 possedisse
992 4104 1153 4161 docet
1181 4106 1298 4160 eius
1326 4106 1504 4161 versio
1534 4106 1641 4162 etc.
1672 4107 1843 4162 Plane
1870 4106 2173 4163 absurdum
2193 4108 2361 4181 igitur
2387 4117 2489 4179 est,
2516 4110 2560 4164 si
2590 4106 2761 4178 aliqui
2786 4102 2969 4158 adver·

447 4194 578 4248 sarii
603 4208 848 4262 eousque
886 4191 1330 4264 progrediuntur,
1360 4202 1425 4250 ut
1450 4192 1607 4249 libris
1640 4192 2149 4252 deuterocanonicis
2179 4196 2237 4252 in
2262 4210 2533 4253 canonem
2568 4194 2815 4253 admissis
2846 4188 2967 4245 fun-

449 4272 770 4335 damentum
805 4279 1086 4353 religionis
1119 4280 1370 4337 iudaicae
1400 4298 1466 4337 ac
1499 4282 1659 4353 proin
1696 4282 1959 4339 unionem
1994 4283 2491 4341 Alexandrinorum
2520 4294 2575 4341 et
2606 4278 2966 4339 Palaestinen-

447 4366 590 4422 sium
620 4367 826 4423 destrui
855 4376 1118 4424 asserant.

531 4544 722 4604 Multo
749 4545 992 4605 minore
1011 4562 1159 4606 cum
1184 4546 1319 4641 iure
1349 4546 1683 4608 diversitas
1708 4548 1964 4609 canonis
1983 4550 2457 4628 palaestinensis
2477 4552 2554 4611 ab
2578 4541 2957 4610 alexandrino

451 4639 850 4719 impugnatur
876 4643 1250 4705 auctoritate
1279 4643 1529 4722 Prologi
1560 4646 1759 4707 Eccle.
1790 4650 1852 4706 et
1881 4646 2162 4708 Philonis
2198 4654 2309 4709 aut
2338 4649 2429 4709 Fl.
2459 4645 2702 4726 Iosephi
2732 4646 2791 4704 et
2817 4652 2956 4716 aPO·
