3050 5184
623 335 698 378 DE
737 333 1066 379 EVANGELH
1111 329 1420 376 SECUNDUM
1464 331 1713 375 MARCUM
1756 330 2133 375 AUTEENTIA.
2538 311 2656 371 469

113 479 228 534 quo
269 465 438 537 aliqui
477 467 784 522 seeundum
811 464 1175 537 Evangelium
1218 479 1248 518 a
1281 462 1457 534 primo
1496 471 1555 518 et
1580 462 1745 518 tertio
1784 461 2099 534 dependere
2126 471 2401 528 asserunt,
2433 459 2523 515 alii
2554 459 2659 529 pri-

111 567 272 606 mum
295 561 352 608 et
377 552 607 609 tertium
637 569 669 608 a
713 551 959 610 secundo
989 549 1303 621 dependere
1343 549 1564 617 dicunt3
1599 564 1873 620 quaenam
1912 558 2099 605 autem
2138 548 2333 605 relatio
2371 548 2515 603 inter
2553 548 2657 619 Sy-

107 639 373 709 nopticos
395 639 727 710 intercedat,
757 639 900 696 infra
931 639 981 710 (5
1008 644 1086 705 5.)
1115 637 1476 710 inquiremus.

179 729 328 784 Cum
367 729 425 784 S.
469 729 644 799 Papia
678 728 840 800 plane
878 726 1230 782 consentiunt
1258 733 1494 780 exeunte
1521 739 1667 781 saec.
1704 731 1759 781 2.
1792 725 1849 781 S.
1878 729 2157 782 Irenaeus
2188 726 2255 794 (c.
2289 725 2458 779 Haer.
2488 723 2592 777 111.
2628 728 2651 775 1

111 835 136 864 a
171 817 428 881 Μυοῦς,
459 815 764 888 discipulus
791 823 846 871 et
874 814 1148 885 interpres
1172 814 1339 882 Petri,
1373 814 1468 868 illa
1499 829 1641 885 quae
1671 829 1704 869 a
1727 815 1894 869 Petro
1922 813 2245 869 annuntiata
2274 818 2452 878 erant,
2484 809 2659 866 literis

107 901 347 958 tradidit
376 907 448 970 n),
494 903 748 960 Clemens
785 903 958 959 Alex.
995 903 1088 968 (H.
1119 904 1182 957 E.
1224 902 1320 956 VI.
1357 906 1422 957 14
1461 899 1635 956 fusius
1664 899 1859 956 eadem
1903 900 2223 971 explicans),
2271 901 2544 971 Oriqenes
2582 895 2659 963 (in

107 989 313 1045 Mattb.
345 999 481 1047 tom.
517 993 563 1046 1.
599 1011 624 1042 ι
655 993 892 1058 Marcus»,
929 998 1092 1062 prout
1127 991 1325 1045 Petrus
1353 989 1454 1060 ipsi
1483 997 1833 1059 exposuerat,
1864 988 1924 1043 in
1956 988 2147 1044 literas
2176 985 2367 1042 retulit
2400 987 2475 1056 n),
2519 987 2657 1039 Ter-

107 1077 410 1134 tullianus
447 1079 518 1150 (c.
553 1081 727 1134 Marc.
771 1080 868 1135 IV.
910 1084 944 1134 5
989 1097 1015 1129 α
1047 1075 1408 1149 Evangelium
1445 1075 1595 1147 quod
1631 1077 1853 1131 Marcus
1892 1073 2086 1138 edidit,
2132 1075 2280 1130 Petri
2323 1071 2653 1140 affirmatur,

107 1167 264 1220 cuius
293 1166 570 1238 interpres
597 1167 820 1222 Marcus
850 1166 925 1238 n),
959 1174 1124 1237 atque
1153 1164 1351 1220 eodem
1390 1162 1559 1219 modo
1596 1164 1904 1234 loquuntur
1937 1163 2180 1218 iuniores
2223 1165 2415 1217 Patres
2444 1175 2655 1216 omnes.

106 1253 324 1321 Quibus
347 1253 676 1308 testimoniis
717 1253 908 1322 adiuti,
940 1252 1108 1309 etiam
1145 1251 1331 1308 medio
1366 1266 1512 1307 saec.
1559 1256 1613 1306 2.
1657 1249 2019 1322 Evangelium
2057 1258 2310 1306 nostrum
2350 1247 2658 1304 adhibitum

107 1355 250 1408 esse,
281 1339 445 1396 facile
486 1341 951 1397 demonstramus,
996 1339 1212 1396 Etenim
1253 1339 1399 1396 filios
1428 1337 1702 1394 Zebedaei
1737 1354 1768 1394 a
1811 1338 2051 1394 Domino
2082 1336 2502 1410 cognominatos
2539 1349 2657 1391 esse

105 1429 252 1484 lilios
267 1429 524 1498 tonitrui,
551 1430 608 1484 S.
633 1429 896 1484 lustinus
915 1431 989 1486 Μ.
1015 1428 1150 1502 legit
1174 1429 1230 1483 in
1258 1447 1284 1478 α
1305 1426 1719 1483 commentariis
1747 1426 1895 1482 Petri
1924 1447 1948 1478 »
1974 1430 2043 1493 (c.
2075 1424 2284 1500 Tryph.
2319 1428 2473 1492 106);
2505 1423 2657 1494 atqui

104 1517 336 1571 nomine
371 1536 396 1566 α
427 1517 951 1572 commentariorum
979 1515 1378 1588 Apostolorum
1409 1536 1434 1566 n
1459 1530 1492 1570 a
1519 1516 1575 1570 S.
1610 1514 1821 1570 Iustino
1858 1512 2151 1586 Evangelia
2180 1512 2481 1584 designari,
2513 1511 2659 1566 inter

103 1619 306 1659 omnes
350 1612 585 1672 constat,
635 1619 754 1660 rem
801 1612 989 1659 autem
1028 1603 1098 1659 ab
1137 1619 1202 1658 eo
1249 1611 1744 1658 commemoratam
1788 1602 1941 1658 solus
1979 1602 2199 1656 Marcus
2227 1601 2396 1670 (3,17)
2433 1599 2653 1664 retulit;

102 1694 218 1746 eius
243 1691 420 1762 igitur
447 1691 806 1764 Evangelium
837 1691 938 1748 sub
966 1692 1130 1748 titulo
1168 1690 1698 1746 commentariorum
1734 1690 1885 1746 Petri
1910 1689 2171 1756 allegavit
2198 1690 2255 1745 S.
2293 1689 2535 1761 Martyr3
2568 1702 2653 1742 ce·

103 1789 290 1834 terum
320 1779 374 1834 ei
399 1779 675 1853 integrum
704 1780 1060 1851 Evangelium
1087 1787 1342 1835 nostrum
1366 1778 1653 1852 cognitum
1679 1776 1865 1844 fuisse,
1901 1777 2021 1834 iure
2049 1777 2217 1833 etiam
2246 1791 2313 1831 ex
2338 1791 2405 1831 eo
2438 1774 2653 1845 colligi-

101 1883 256 1935 ιιιιιε,
291 1866 447 1938 quod
469 1868 588 1922 eius
613 1866 918 1939 discipulus
943 1867 1245 1924 Tacianus
1271 1867 1410 1922 illud
1431 1865 1712 1938 integrum
1740 1880 1841 1921 suo
1869 1865 2187 1921 Diatessaro
2217 1864 2473 1919 inseruit.

163 1959 334 2010 Inter
361 1957 552 2010 Patres
581 1955 912 2024 apostolicos
939 1963 1147 2024 autem,
1180 1963 1399 2025 praeter
1419 1954 1475 2009 S.
1513 1953 1763 2024 Papiam,
1800 1953 1983 2008 nullus
2016 1953 2307 2024 reperitur,
2341 1952 2437 2022 qui
2462 1959 2651 2005 nostro

99 2041 407 2114 Evangelio
439 2051 653 2098 eertum
681 2042 1056 2099 testimonium
1096 2040 1270 2108 ferat;
1306 2057 1486 2112 neque
1516 2040 1571 2096 id
1602 2037 1905 2096 admodum
1934 2041 2167 2106 mirum,
2204 2039 2465 2111 quoniam
2496 2054 2587 2094 res
2620 2053 2650 2092 a

96 2133 145 2184 S.
183 2133 386 2185 Marco
413 2131 619 2186 relatae
643 2139 861 2186 tantum
891 2146 1004 2187 uon
1031 2145 1226 2186 omnes
1253 2129 1420 2185 etiam
1449 2129 1506 2184 in
1538 2128 1721 2200 primo
1750 2135 1845 2183 aut
1884 2128 2049 2184 tertio
2075 2135 2171 2183 aut
2202 2135 2443 2200 utroque
2475 2129 2651 2182 Evan-

97 2219 246 2290 gelio
284 2219 564 2290 leguntur,
609 2227 663 2273 et
702 2221 894 2274 Patres
923 2218 1208 2290 apostolici
1247 2216 1424 2273 libero
1467 2218 1798 2287 plerumque
1840 2214 2009 2271 modo
2039 2215 2332 2286 Evangelia
2374 2216 2544 2270 citant
2578 2211 2648 2269 ad

97 2321 328 2362 sensum
349 2306 552 2376 potius,
585 2322 753 2378 quam
781 2305 852 2361 ad
882 2305 1048 2362 verba
1078 2304 1447 2362 attendentes
1475 2305 1652 2376 Magis
1680 2305 1930 2360 minusve
1960 2301 2265 2374 probabilia
2291 2311 2477 2358 tamen
2498 2303 2647 2358 testi-

97 2395 288 2450 monia
318 2394 583 2465 leguntur
609 2394 666 2449 in
696 2395 754 2450 S.
785 2395 1097 2451 Clementis
1125 2399 1288 2449 Rom.
1317 2399 1351 2449 2
1381 2392 1537 2466 Virg.
1574 2399 1637 2448 15
1668 2400 1724 2447 et
1750 2396 1805 2449 S.
1839 2393 2091 2446 Hermae
2108 2392 2338 2446 Pastore
2365 2392 2499 2458 (Vis,
2523 2395 2612 2459 3,7
2628 2413 2643 2456 ς

95 2484 228 2537 Sim.
261 2475 441 2552 ’9,25),
481 2481 560 2536 uti
589 2482 756 2538 etiam
782 2481 842 2536 in
873 2480 1195 2554 fragmentis
1223 2480 1629 2536 haeretieorum
1657 2495 1801 2535 saec.
1846 2485 1922 2546 2.,
1956 2483 2335 2547 Doctum-um,
2379 2482 2645 2534 Naasse·

95 2587 311 2625 norum
347 2577 456 2625 etc.
496 2569 842 2640 (Philosoph.
878 2571 943 2625 V.
978 2576 1037 2639 ὃς
1071 2571 1228 2625 VIII.
1270 2573 1356 2639 8);
1387 2567 1488 2624 sed
1523 2567 1612 2624 bis
1638 2583 1748 2623 non
1782 2565 2095 2638 indigemus
2135 2580 2308 2637 quum
2334 2574 2451 2622 tam
2480 2581 2645 2637 prae-

93 2657 308 2714 clarum
331 2659 392 2713 S.
422 2659 624 2728 Papiae
652 2657 1030 2712 testimonium
1063 2656 1458 2728 possideamus.

167 2786 229 2842 4.
266 2815 352 2824 —-
382 2781 738 2859 Originem,
774 2799 964 2858 quam
996 2781 1211 2841 Patres
1247 2778 1529 2840 secundo
1566 2778 1904 2856 Evangelio
1938 2778 2291 2856 assignant,
2329 2781 2459 2838 tota
2497 2777 2644 2838 libri

93 2878 346 2938 indoles
391 2878 638 2956 egregie
682 2879 1037 2949 confirmat,
1089 2882 1396 2955 quatenus
1436 2876 1739 2935 nimirum
1784 2873 1967 2934 Petro
2012 2880 2305 2936 narrante
2350 2873 2643 2952 illiusque

91 2974 415 3053 discipulo
445 2973 758 3034 scribente
789 2990 934 3034 eum
958 2973 1384 3051 compositum
1415 2989 1553 3034 esse
1587 2971 1999 3032 demonstrat.

157 3079 376 3133 Contra
404 3076 777 3132 rationalistas
823 3076 1160 3149 apostolica
1207 3075 1449 3131 maxime
1493 3074 1922 3147 Evangeliorum
1968 3073 2127 3146 origo
2173 3073 2507 3130 vindicanda
2537 3082 2641 3144 est,

89 3175 258 3237 atque
301 3153 557 3220 Marcum
599 3163 766 3220 fuisse
805 3163 1146 3235 scriptorem·
1179 3163 1297 3218 sine
1341 3163 1452 3218 ulla
1482 3161 1812 3216 difficultate
1858 3161 2197 3232 concedent,
2248 3164 2294 3218 si
2336 3162 2645 3235 apostolico

91 3261 347 3324 tempore
376 3251 531 3306 iuxta
557 3253 710 3307 Petri
736 3251 1204 3323 praedicationem
1235 3249 1441 3306 librum
1470 3251 1841 3321 compositum
1870 3265 1989 3306 esse
2016 3247 2175 3306 fateri
2203 3259 2493 3322 cogantur.
2522 3252 2643 3306 Iam

91 3356 220 3396 vero
249 3338 618 3411 apostolicam
647 3349 702 3394 et
733 3339 972 3396 maxime
1002 3339 1276 3411 petrinam
1307 3338 1593 3410 Evangelii
1622 3337 1892 3410 originem
1923 3338 2222 3393 confirmat
2256 3339 2375 3393 eius
2402 3337 2639 3394 indoles,

91 3427 435 3498 praeprimis
464 3428 610 3482 enim
646 3427 792 3482 inter
814 3428 1110 3500 Evangelia
1140 3427 1356 3482 nullum
1384 3427 1627 3481 minutas
1655 3425 1785 3492 loci,
1814 3426 2107 3496 temporis,
2142 3441 2507 3497 personarum
2533 3427 2641 3481 cir-

89 3515 459 3570 cumstantias
501 3523 692 3570 nostro
735 3515 1046 3570 accuratius
1085 3513 1261 3570 refert
1301 3522 1396 3570 aut
1436 3512 1901 3584 descriptionibus
1952 3512 2064 3569 suis
2116 3511 2188 3568 ad
2242 3514 2429 3569 vivum
2486 3515 2646 3585 quasi

90 3603 364 3674 expressis
410 3609 610 3658 testem
654 3603 935 3658 ocularem
967 3603 1169 3658 clarius
1209 3601 1545 3658 manifestat.
1594 3602 1703 3656 Ex.
1742 3617 1826 3674 gr.
1858 3601 2077 3674 legatur
2110 3606 2235 3669 1,29
2270 3617 2393 3672 sqq.
2444 3610 2499 3657 et
2540 3601 2639 3658 cfr.

91 3691 312 3747 matth.
349 3695 577 3760 ami-17
603 3698 658 3744 et
687 3695 824 3746 Luc.
857 3697 1090 3759 4,38-44
1120 3691 1168 3763 (ιι
1201 3699 1472 3746 venerunt
1499 3689 1556 3744 in
1587 3688 1819 3744 domum
1846 3687 2087 3745 Simonis
2116 3695 2172 3744 ec
2202 3689 2483 3744 Andreae
2512 3705 2643 3744 cum

91 3779 301 3834 Iacobo
331 3783 392 3834 et
417 3781 674 3846 Μανιος
702 3777 1073 3834 decumbebat
1099 3787 1284 3834 autem
1313 3793 1506 3833 socrus
1547 3778 1789 3834 Simonis
1830 3776 2154 3832 febricitans
2183 3783 2243 3834 et
2288 3778 2505 3832 statim
2542 3777 2643 3832 di-

99 3871 234 3919 cunt
254 3867 314 3922 ei
337 3866 418 3922 de
443 3865 596 3933 illa‚·
624 3875 679 3923 et
701 3866 968 3922 accedens
997 3867 1230 3922 elevavit
1257 3881 1381 3922 eam
1409 3867 1782 3940 apprehensa
1821 3882 2007 3920 manu
2036 3866 2182 3920 eius.
2199 3907 2235 3920 ..
2264 3867 2511 3936 Vespere
2540 3879 2641 3919 au-

98 3961 214 4007 tem
239 3953 417 4022 facto,
463 3970 645 4028 quum
687 3954 991 4010 occidisset
1035 3955 1152 4023 sol,
1183 3953 1491 4010 afferebant
1532 3952 1601 4009 ad
1630 3969 1757 4008 eum
1801 3969 1995 4008 omues
2036 3953 2181 4008 male
2222 3951 2557 4008 habentes...
2590 3961 2645 4008 et.

97 4051 232 4098 erat
262 4043 459 4098 omnis
504 4042 720 4098 civitas
765 4047 1122 4116 conqreqata
1168 4042 1254 4097 ad
1290 4045 1610 4096 ianuam...
1646 4043 1719 4097 Ec
1750 4040 2014 4096 diluculo
2060 4041 2235 4096 valde
2267 4038 2419 4110 [πρωῒ
2462 4039 2645 4110 ἔννυχα

95 4127 232 4200 λίαν]
262 4145 499 4204 surgens
539 4145 794 4202 egressus
836 4129 1037 4187 abiit...
1082 4134 1152 4187 Et
1189 4136 1539 4202 prosecutus
1583 4135 1668 4184 est
1710 4147 1842 4185 eum
1883 4133 2087 4185 Simon
2132 4134 2185 4183 ec
2235 4131 2333 4200 qui
2369 4144 2503 4182 cum
2534 4129 2644 4184 ileo
2746 4130 2751 4136 '

93 4224 298 4288 σωκ,-
323 4229 382 4275 et
409 4235 583 4292 quum
611 4219 945 4275 invenissent
973 4235 1132 4285 eum,
1164 4219 1424 4274 dixerunt
1449 4218 1501 4274 ei
1530 4239 1543 4272 :
1580 4221 1793 4274 Omnes
1826 4225 2119 4292 quaerunt
2150 4221 2205 4271 te
2238 4239 2261 4267 υ
2294 4219 2448 4285 etc.).

165 4308 338 4362 Porro
365 4307 447 4363 uti
471 4308 528 4362 in
559 4307 668 4362 hoc
698 4307 837 4376 loco,
873 4309 948 4363 ita
978 4323 1079 4378 per
1101 4315 1284 4362 totum
1311 4307 1670 4378 Evangelium
1701 4305 2016 4362 accuratior
2047 4314 2130 4360 est
2164 4305 2438 4374 narratio,
2476 4305 2523 4360 si
2550 4319 2639 4360 res

91 4393 428 4464 referuntur,
456 4411 600 4467 quae
624 4397 849 4451 Petrum
873 4394 1052 4467 ipsum
1072 4395 1378 4466 attingunt3
1409 4395 1544 4450 licet
1562 4402 1750 4449 autem
1770 4393 2005 4464 plurima
2028 4392 2299 4448 eiusmodi
2320 4401 2632 4460 narrentur,

89 4482 190 4536 illa
229 4489 410 4538 tamen
451 4482 674 4539 silentio
705 4483 1240 4555 praetermittuntur,
1286 4497 1428 4553 quae
1455 4484 1624 4538 Petro
1670 4480 1869 4536 maiori
1914 4479 2067 4536 laudi
2113 4489 2303 4548 erant,
2334 4481 2441 4536 alia
2484 4497 2630 4549 vero,

89 4586 240 4640 quae
263 4571 314 4626 ei
339 4571 610 4644 vituperio
639 4580 825 4638 erant,
852 4571 1166 4644 diligentius
1195 4569 1531 4626 indicantur.
1562 4573 1696 4626 Post
1724 4569 1963 4639 primam
1988 4584 2193 4641 panum
2222 4569 2633 4638 multiplicatio-

87 4673 228 4713 nem
257 4661 552 4716 Dominum
581 4675 746 4732 supra
775 4676 928 4716 mare
957 4659 1294 4725 ambulasse,
1325 4667 1519 4715 narrat
1548 4661 1799 4728 MarcuS,
1827 4657 1926 4714 sed
1953 4660 2183 4716 Petrum
2211 4674 2243 4714 a
2278 4658 2517 4714 Domino
2545 4657 2632 4713 iu-

1849 4752 1861 4774 θ
