3050 5184
863 293 940 336 nn
982 293 1212 338 nunus
1253 291 1543 337 Erisroms
1583 293 1661 336 An
1702 287 2077 336 coniurmos.
2628 269 2743 327 553

275 429 362 482 De
386 434 639 497 tempore
677 433 735 481 et
759 425 884 482 loco
912 425 1141 497 originis
1175 424 1541 495 epistolarum
1568 422 1737 479 hodie
1777 437 1971 478 omnes
2011 419 2393 484 consentiunt;
2430 417 2561 474 satis
2596 417 2745 472 clare

201 512 357 568 enim
395 513 728 581 indicantur,
768 513 814 568 si
849 511 1113 586 epistolae
1154 527 1282 568 cum
1325 512 1556 568 Actibus
1600 519 2013 582 comparantur.
2058 509 2245 564 Verno
2285 516 2537 578 tempore
2565 520 2613 560 a.
2651 509 2741 560 55.

202 601 506 672 Apostolus
539 601 766 656 tertium
806 600 914 656 iter
953 601 1232 672 ingressus
1259 599 1567 672 peragratis
1609 598 1855 671 Phrygia
1882 605 1936 652 et
1962 597 2185 652 Galatia
2212 603 2341 650 ante
2382 601 2746 649 auctumnum

203 687 490 757 Ephesum
517 687 603 742 vix
633 689 907 758 pervenit,
931 685 1027 743 ubi
1053 687 1258 743 resedit
1299 687 1515 743 duobus
1544 687 1703 742 annis
1750 694 1806 742 et
1846 683 2222 756 compluribus
2266 681 2549 738 mensibus
2590 685 2740 747 (Act.

207 781 400 844 18:233
435 780 579 842 19‚8.
629 780 714 842 10)
749 775 789 831 i.
821 792 872 832 e.
903 791 1076 847 usque
1117 791 1306 830 versus
1348 774 1553 846 pascha
1590 790 1643 829 a.
1686 779 1809 840 58.;
1842 772 2169 844 quibuscum
2211 770 2484 827 consentit
2529 774 2552 824 1
2604 770 2741 824 Cor.

209 868 358 931 16,8,
379 875 495 934 quo
523 863 580 917 in
605 863 728 918 loco
755 863 951 918 asserit
977 879 1036 918 se
1067 883 1095 914 α
1124 878 1298 934 usque
1320 865 1689 918 Pentecosten
1720 882 1744 914 »
1774 860 1978 931 Ephesi
1997 875 2352 928 mansurum3
2372 867 2430 912 at
2450 857 2747 929 quominus

201 949 502 1005 consilium
534 965 696 1006 suum
724 959 1134 1022 exsequeretur,
1169 949 1480 1022 prohibitus
1508 958 1593 1005 est
1636 949 1905 1006 seditione
1952 947 2320 1019 Ephesiorum
2352 947 2499 1016 (Act.
2548 949 2740 1012 19‚21;

201 1038 387 1108 20,1);
419 1038 564 1094 circa
604 1038 808 1110 pascha
847 1038 1018 1110 igitur
1063 1037 1262 1110 scripta
1307 1046 1393 1093 est
1427 1038 1580 1109 prior
1618 1037 1849 1109 epistola
1889 1035 1992 1104 (cfr
2022 1045 2048 1092 1
2084 1040 2215 1093 Cor.
2263 1041 2397 1104 5,·1).
2441 1033 2659 1102 Epheso
2686 1032 2745 1086 in

203 1123 592 1181 Macedoniam
619 1134 676 1180 et
718 1125 983 1181 Achaiam
1025 1125 1304 1196 profectus
1329 1135 1445 1180 tres
1469 1139 1689 1180 menses
1717 1125 1846 1181 fecit
1871 1125 1931 1179 in
1972 1123 2181 1180 Achaia
2210 1127 2365 1189 (Act.
2402 1125 2549 1186 20‚3)
2576 1128 2745 1190 atque

201 1229 271 1266 ex
313 1211 525 1268 Achaia
573 1211 850 1284 profectus
891 1213 1156 1284 Philippis
1185 1212 1386 1284 pascha
1433 1212 1736 1268 celebravit
1774 1215 1972 1280 (2o,6);
2006 1227 2193 1267 mense
2232 1211 2401 1282 igitur
2446 1207 2744 1264 Februario

200 1309 444 1356 exeunte
487 1301 572 1356 vel
617 1301 818 1358 Martio
855 1300 1078 1356 ineunte
1119 1317 1172 1356 a.
1214 1307 1303 1357 59.
1351 1299 1681 1359 Corinthum
1722 1300 1947 1370 reliquit
1988 1315 2165 1370 eoque
2209 1298 2510 1354 advenerat
2558 1310 2744 1350 mense

201 1387 509 1444 Novembri
532 1395 619 1445 58.
652 1397 915 1458 exeunte3
943 1389 1113 1444 altera
1139 1389 1311 1460 igitur
1333 1389 1566 1460 epistola
1592 1401 1781 1443 versus
1808 1401 2055 1443 mensem
2078 1386 2459 1456 Septembrem
2484 1391 2574 1440 ⁵8.
2606 1381 2742 1438 scri-

202 1484 298 1546 pta
327 1491 445 1531 esse
469 1485 614 1532 recte
643 1476 863 1533 dicitur.

286 1630 347 1684 7.
373 1661 453 1669 —
479 1627 604 1688 vll.
638 1630 899 1688 DuAnmr
930 1643 1334 1688 selsromnuu
1363 1643 1713 1687 ‚turni-iuria
1732 1674 1745 1698 ‚
1771 1644 1928 1704 quae
1959 1626 2107 1686 inde
2137 1627 2215 1685 ab
2248 1624 2741 1704 apostolicorum

205 1725 460 1783 Patrum
489 1727 696 1784 aetate
721 1741 972 1801 semper
993 1725 1203 1801 agnita
1227 1728 1351 1793 est,
1379 1724 1569 1782 etiam
1599 1722 1789 1783 hodie
1814 1741 1851 1782 a
1878 1723 2051 1782 nullo
2081 1723 2144 1781 in
2173 1720 2439 1782 dubium
2458 1725 2735 1780 vocatur.

199 1819 372 1890 Quae
401 1837 548 1878 vero
576 1837 612 1878 a
635 1821 850 1896 paucis
880 1819 1204 1880 modernis
1235 1824 1450 1879 contra
1477 1820 1735 1879 alterius
1770 1821 2199 1896 integritatem
2232 1819 2328 1878 vel
2357 1818 2569 1894 potius
2595 1817 2737 1876 uni-

201 1919 401 1975 tatem
430 1915 673 1992 prolata
703 1919 874 1988 sunt,
911 1933 984 1975 ea
1011 1919 1137 1975 tam
1182 1915 1342 1975 levia
1377 1921 1556 1987 sunt,
1590 1921 1659 1975 ut
1690 1916 1766 1974 ab
1804 1916 1959 1993 ipsis
1988 1915 2393 1976 rationalistis
2423 1914 2739 1992 plerisque

198 2016 598 2089 spernantur.

271 2124 611 2180 Authentiae
649 2125 1024 2181 testimonium
1057 2123 1556 2196 praeclarissimum
1592 2125 1745 2196 prior
1784 2123 2015 2196 epistola
2049 2124 2217 2181 habet
2252 2125 2311 2179 in
2336 2129 2393 2180 S.
2429 2124 2738 2181 Clementis

199 2217 365 2268 Rom.
399 2218 422 2268 1
455 2214 582 2269 Cor.
611 2220 702 2281 47,
735 2215 829 2286 qui
855 2229 978 2268 eam
1005 2212 1206 2268 diserte
1233 2213 1438 2286 allegat
1465 2221 1632 2283 atque
1656 2229 1688 2268 a
1716 2213 1769 2269 S.
1804 2213 1975 2268 Paulo
2000 2229 2065 2268 ex
2088 2213 2449 2284 inspiratione
2476 2213 2739 2284 scriptam

195 2301 426 2371 asserit3
468 2301 554 2355 vix
592 2300 774 2356 minus
811 2300 1159 2370 praeclarum
1189 2309 1270 2356 est
1297 2301 1355 2356 S.
1387 2299 1708 2373 Polycarpi
1733 2304 1812 2355 M.
1854 2301 2261 2369 testimonium,
2295 2301 2389 2372 qui
2426 2301 2541 2355 eius
2571 2300 2737 2356 verba

201 2387 478 2458 quaedam
507 2387 696 2444 addito
725 2387 880 2443 Pauli
909 2389 1132 2442 nomine
1161 2389 1314 2443 citat.
1346 2387 1434 2444 Ad
1464 2389 1695 2443 alteram
1720 2388 2029 2458 epistolam,
2058 2387 2202 2443 sicut
2225 2386 2296 2442 ad
2324 2385 2567 2458 reliquos
2596 2387 2737 2443 Novi

193 2479 348 2531 Test.
379 2475 571 2542 libroS,
605 2475 899 2532 allusiones
919 2483 1138 2530 tantum
1167 2477 1517 2546 reperiuntur
1540 2477 1598 2530 in
1620 2475 2004 2546 superstitibus
2028 2475 2286 2547 operibus
2309 2476 2737 2547 apostolicorum

195 2565 428 2619 Patrum
457 2563 532 2629 (S.
571 2562 752 2620 Clem.
783 2565 948 2620 Rom.
992 2568 1015 2617 1
1058 2563 1182 2619 Cor.
1221 2569 1285 2631 ὃς
1318 2567 1430 2634 Ep.
1469 2562 1550 2617 ad
1582 2564 1788 2635 Dioqn.
1826 2569 1939 2632 5,8.
1977 2570 2039 2618 12
2070 2579 2191 2635 sqq.
2235 2567 2384 2630 etc.).
2426 2564 2736 2633 Utriusque

193 2649 399 2706 deinde
437 2651 700 2722 epistolae
738 2650 1050 2706 testimonia
1092 2651 1375 2720 coniungit
1415 2651 1472 2705 S.
1521 2651 1919 2722 Achenaqoras
1964 2649 2053 2720 (de
2092 2653 2319 2706 Resurr.
2379 2655 2483 2718 18);
2540 2650 2735 2705 eodem

195 2747 452 2809 tempore
481 2746 676 2794 auctor
702 2742 949 2809 Fraqm.
981 2742 1209 2793 Mur-at.
1245 2746 1539 2808 utramque
1563 2738 1619 2792 in
1642 2753 1901 2794 romanae
1931 2736 2191 2792 ecclesiae
2216 2753 2427 2792 canone
2456 2747 2731 2804 recenset;

191 2826 453 2880 exeuntis
492 2834 680 2881 autem
714 2841 858 2881 saec.
891 2832 944 2881 2.
977 2827 1166 2882 Patres
1204 2827 1386 2880 cuncti
1425 2824 1613 2880 addito
1640 2825 1797 2881 Pauli
1834 2825 2057 2881 nomine
2088 2825 2403 2896 frequenter
2439 2833 2733 2896 utramque

189 2913 471 2984 allegant,
503 2927 743 2984 quorum
771 2913 1082 2968 testimonia
1123 2912 1324 2968 afferre
1361 2927 1501 2983 opus
1538 2928 1651 2968 non
1690 2921 1801 2982 est,
1844 2912 1969 2984 quia
2009 2912 2078 2967 de
2116 2928 2177 2968 re
2215 2911 2283 2967 ab
2321 2911 2577 2968 omnibus
2606 2927 2733 2967 con-

187 3015 350 3056 cessa
373 3000 575 3072 agitur,
602 3009 772 3073 atque
795 3009 916 3056 tota
945 3015 1044 3056 sua
1069 2999 1255 3056 indole
1280 2999 1478 3056 ambae
1503 2999 1773 3074 originem
1801 3000 2079 3070 paulinam
2107 3000 2368 3071 produnt.

263 3087 541 3156 Quoniam
580 3096 766 3144 autem
801 3089 945 3143 inter
974 3087 1208 3158 primam
1245 3096 1302 3142 et
1341 3083 1562 3143 tertiam
1590 3087 1864 3143 secundae
1907 3089 2171 3160 epistolae
2208 3098 2395 3159 partes
2417 3087 2729 3146 differentia

189 3173 471 3248 quaedam
489 3174 799 3244 intercedit,
823 3176 1094 3246 quatenus
1123 3175 1179 3230 in
1212 3175 1389 3246 prima
1415 3176 1716 3246 Apostolus
1742 3191 1943 3248 magna
1973 3192 2103 3230 cum
2130 3177 2357 3232 caritate
2387 3177 2652 3248 loquitur,
2675 3181 2733 3235 in

187 3264 358 3320 tertia
376 3271 562 3318 autem
580 3262 840 3318 acerbum
861 3271 916 3318 et
935 3262 1321 3318 vehementem
1336 3278 1394 3317 se
1419 3261 1661 3332 exhibet,
1681 3272 1846 3335 atque
1866 3263 2068 3319 secund
2076 3280 2140 3319 ae
2158 3265 2329 3333 partis
2344 3275 2733 3338 argumentum

189 3351 282 3416 (de
301 3351 564 3417 collectis)
585 3366 689 3406 nec
709 3366 838 3406 cum
858 3351 1034 3421 prima
1054 3366 1158 3405 nec
1179 3365 1306 3405 cum
1327 3351 1488 3406 tertia
1507 3359 1658 3406 arcte
1677 3350 1976 3406 cohaerere
1999 3351 2234 3420 videtur,
2260 3353 2419 3424 pauci
2446 3356 2679 3410 rational
2688 3355 2731 3410 i-

183 3447 308 3496 stae
339 3455 460 3494 eam
494 3439 550 3493 in
588 3439 769 3493 varias
797 3439 1055 3508 epistolas
1092 3437 1406 3509 discerpere
1449 3439 1768 3506 voluerunt3
1801 3447 1859 3494 at
1886 3447 2035 3494 certe
2064 3439 2267 3495 mirum
2296 3457 2408 3496 non
2438 3451 2549 3512 est,
2582 3442 2732 3514 quod

185 3527 394 3584 Paulus
421 3541 549 3582 cum
575 3525 875 3581 Corinthiis
912 3525 1154 3582 seductis
1181 3525 1417 3596 benigne
1445 3534 1574 3598 agat
1606 3541 1912 3598 eorumque
1938 3525 2259 3584 seductores
2287 3529 2527 3600 graviter
2564 3533 2731 3586 casti-—

185 3623 308 3688 get3
343 3629 522 3685 neque
545 3602 722 3685 magis
749 3614 950 3669 mirum
979 3622 1082 3682 est,
1115 3613 1264 3685 quod
1292 3613 1495 3669 inserta
1521 3612 1906 3671 exhortatione
1935 3613 2006 3671 de
2034 3615 2279 3671 collectis
2302 3615 2566 3672 faciendis
2593 3618 2733 3674 duas

183 3711 374 3776 partes
399 3702 754 3773 separaverit.

859 3909 894 3990 ἓ
933 3915 997 3974 8.
1039 3943 1126 3956 -
1159 3909 1255 3972 De
1293 3906 1573 3997 epistola
1598 3907 1692 3974 ad
1712 3911 2063 3974 Romanos.

265 4114 323 4170 1.
357 4145 434 4152 —
465 4111 510 4172 1.
541 4111 836 4169 Romnae
871 4125 1182 4170 Ecetsssut:
1221 4125 1417 4168 imru
1452 4111 1514 4170 S.
1560 4112 1773 4181 Petr0‚
1806 4111 2076 4188 principi
2107 4113 2582 4188 Apostolorum,
2616 4114 2725 4174 de-

184 4207 316 4267 beri
337 4254 352 4280 ,
382 4205 700 4266 unanimis
730 4210 828 4264 est
857 4210 919 4264 et
944 4209 1235 4265 constans
1257 4207 1511 4266 Patrum
1538 4205 1823 4276 traditio;
1849 4211 2095 4282 praeter
2120 4206 2469 4268 fundatoris
2494 4226 2727 4270 nomen

183 4307 393 4363 autem
422 4301 770 4362 admodum
795 4319 994 4380 pauca
1021 4301 1101 4361 de
1134 4303 1436 4362 ecclesiae
1462 4303 1643 4362 istius
1682 4301 2047 4379 primordiis
2086 4307 2231 4364 sunt
2272 4304 2530 4378 tradita;
2570 4305 2727 4366 illud

187 4415 382 4459 unum
423 4415 704 4459 asserere
733 4397 911 4468 licet,
946 4398 1170 4458 saltem
1215 4415 1288 4458 eo
1333 4403 1649 4475 tempore,
1686 4415 1806 4474 quo
1836 4397 1896 4456 S.
1929 4398 2155 4459 Paulus
2200 4417 2377 4460 suam
2419 4400 2497 4460 ad
2542 4404 2721 4462 Rom.

187 4495 518 4572 epistolam
547 4494 829 4573 scripsit,
859 4493 1043 4570 longe
1070 4493 1375 4554 maiorem
1410 4511 1745 4555 numerum
1787 4493 2287 4556 Christianorum
2322 4513 2725 4558 romanorum

185 4607 258 4649 ex
289 4591 559 4652 ethnicis
587 4590 858 4651 venisse.
