3050 5184
496 336 569 382 ns
610 337 924 381 ememus
968 337 1045 381 At>
1084 335 1390 381 nnana-sos
1430 335 1709 380 Aue-roas
1753 333 1826 377 er
1871 333 2213 378 schPTORE.
2537 309 2648 370 571

143 467 314 537 plicari
340 476 591 537 censent,
624 469 673 524 si
700 469 946 540 reliquae
978 467 1244 540 epistolae
1274 483 1305 524 a
1332 467 1503 523 Paulo
1547 465 1870 522 festinanter
1907 464 2148 520 dictatae
2190 461 2470 530 dieantur,
2516 457 2656 514 haec

142 564 305 620 autem
342 554 584 612 studiose
632 564 688 612 ct
727 555 1021 629 diligenter
1056 555 1358 612 elaborata.
1409 558 1673 610 Attamen
1709 553 1882 625 probe
1920 549 2321 608 attendendum
2359 556 2470 616 est,
2511 546 2654 602 anti-

143 657 263 712 quos
300 645 490 699 Patres
529 645 875 700 coniecturas
924 659 1051 699 suas
1092 643 1164 700 ad
1205 643 1333 715 styli
1374 641 1750 698 differentiam
1790 639 2180 712 explicandam
2229 653 2344 694 non
2386 635 2656 692 allaturos

142 729 315 798 luisse,
348 731 455 786 nisi
484 735 612 788 cum
634 731 904 804 Apostolo
932 747 1107 787 unum
1130 747 1197 787 ex
1226 731 1343 787 eius
1367 729 1652 801 discipulis
1675 730 1738 785 in
1765 726 2100 784 elaboranda
2129 725 2235 783 hac
2263 724 2494 796 epistola
2520 737 2655 793 ope-

142 833 243 872 ram
266 835 421 874 suam
446 819 692 892 posuisse
717 835 785 875 cx
807 817 1107 876 traditione
1130 819 1438 876 scivissent.

200 905 302 960 Alii
323 905 461 962 satis
484 908 644 963 multi
666 921 795 963 cum
817 907 1101 964 Clemente
1118 907 1279 964 Alex.
1302 915 1503 979 putant
1518 949 1532 976 ‚
1552 905 1787 962 Paulum
1805 903 2099 976 epistolam
2119 901 2375 959 hebraice
2397 899 2652 964 dictasse,

144 1009 293 1048 unum
321 1010 388 1049 ex
418 993 541 1050 cius
566 991 851 1068 discipulis
880 1010 1075 1070 graece
1112 1010 1235 1050 cam
1266 994 1512 1053 vertisse.
1543 997 1721 1050 Tanta
1759 1001 1944 1048 autem
1979 992 2037 1046 in
2073 1000 2266 1047 nostra
2303 988 2538 1060 epistola
2575 995 2658 1042 est

144 1095 350 1150 graecae
376 1081 635 1138 dictionis
664 1083 877 1152 puritas
903 1091 959 1139 et
986 1082 1287 1155 elegantia,
1321 1090 1384 1137 ut
1410 1097 1576 1138 nemo
1605 1097 1664 1137 se
1692 1081 2002 1136 versionem
2031 1095 2098 1134 ex
2127 1076 2389 1134 hebraico
2417 1075 2656 1131 adorna-

143 1175 240 1223 tam
264 1168 445 1241 legcre
474 1169 635 1227 facile
662 1171 1029 1240 concesserit,
1051 1169 1265 1226 accedit
1290 1179 1496 1237 autem,
1524 1168 1674 1242 quod
1701 1170 1874 1223 Vetus
1895 1169 2044 1222 Test.
2073 1179 2295 1237 semper
2316 1165 2471 1220 iuxta
2495 1177 2656 1234 grae—

143 1270 246 1310 cam
268 1257 577 1313 versionem
603 1257 770 1313 etiam
797 1258 905 1314 illis
929 1259 989 1313 in
1008 1259 1167 1327 locis,
1193 1259 1252 1314 in
1274 1257 1473 1330 quibus
1498 1256 1786 1313 hebraicus
1807 1263 1993 1311 textus
2015 1253 2294 1322 dissentit,
2328 1252 2404 1307 ita
2429 1249 2658 1306 adhibe-

142 1349 234 1411 tur,
254 1351 313 1398 ut
328 1343 612 1400 interdum
634 1346 841 1416 graecis
860 1345 1039 1401 verbis
1060 1345 1354 1418 praecipua
1375 1344 1459 1400 vis
1481 1343 1794 1416 argumenti
1809 1342 2080 1398 innitatur
2103 1345 2211 1409 (ex.
2236 1355 2320 1413 gr.
2337 1345 2467 1404 9,15
2487 1336 2655 1409 sqq.);

144 1438 286 1502 atque
314 1430 443 1487 addi
480 1440 687 1502 potest,
729 1449 949 1502 omnes,
982 1435 1149 1490 ctiam
1176 1432 1604 1505 antiquissimas,
1637 1431 1917 1487 versiones
1945 1445 2012 1485 ex
2042 1443 2238 1502 graeco
2275 1437 2469 1482 nostro
2505 1433 2658 1481 textu

144 1531 243 1572 esse
263 1517 581 1575 adornatas
608 1551 681 1560 —
703 1520 1053 1578 Probabilius
1076 1520 1242 1594 igitur
1266 1521 1357 1577 alii
1384 1535 1512 1576 cum
1539 1519 1874 1575 Bellarmino
1890 1559 1904 1586 ,
1937 1518 2090 1574 Estio
2116 1515 2415 1587 multisque
2441 1513 2657 1588 moder-

143 1603 215 1659 nis
234 1615 453 1663 censent
468 1651 481 1675 ,
511 1608 686 1664 Paulo
711 1607 937 1680 quidem
960 1608 1156 1664 deberi
1187 1617 1366 1665 totum
1386 1615 1776 1680 argumentum
1796 1605 2220 1678 argumentique
2239 1602 2658 1676 explicationem

144 1692 388 1765 integram
414 1711 719 1767 omnesque
746 1695 918 1764 ideaS,
947 1697 1119 1752 alium
1142 1703 1328 1752 autem
1350 1695 1532 1750 virum
1555 1695 1938 1766 apostolicum,
1964 1703 2028 1749 ut
2051 1691 2231 1748 verbis
2253 1692 2310 1748 S.
2333 1688 2659 1760 Hieronymi

146 1788 345 1837 utamur
384 1782 478 1856 (de
506 1783 624 1838 Vir.
666 1783 747 1839 ill.
788 1784 875 1855 5),
919 1803 943 1834 «
984 1784 1088 1854 ipsi
1125 1782 1449 1839 adiunctum
1486 1783 1787 1838 sententias
1825 1778 1984 1836 Pauli
2019 1780 2245 1851 proprio
2281 1777 2566 1834 ordinasse
2602 1785 2656 1831 et

145 1883 344 1925 ornasse
365 1885 624 1927 sermone
657 1891 716 1942 η
742 1870 821 1927 ita
844 1872 993 1928 enim
1019 1871 1148 1942 styli
1176 1869 1544 1943 dictionisque
1573 1869 1882 1942 proprietas
1907 1877 2072 1940 atque
2095 1867 2408 1924 traditionis
2430 1866 2500 1920 de
2523 1879 2656 1920 auc-

145 1963 246 2010 tore
279 1958 647 2014 inconstantia
684 1967 813 2030 apte
846 1959 1209 2031 explicantur.
1253 1959 1406 2014 Inter
1442 1957 1592 2013 viros
1625 1965 1812 2012 autem
1849 1955 2186 2027 apostolicos
2221 1956 2278 2012 S.
2317 1955 2656 2010 Clementem

148 2043 285 2098 Rom.
323 2046 541 2117 potius,
572 2061 741 2118 quam
768 2047 1079 2102 Barnabam
1108 2055 1205 2102 aut
1232 2049 1471 2114 Lucam,
1505 2045 1678 2102 Paulo
1708 2044 1766 2099 in
1794 2043 2132 2100 elaboranda
2161 2042 2396 2114 epistola
2433 2055 2656 2112 operam

146 2145 277 2186 suam
306 2133 659 2204 praestitisse,
689 2133 1047 2201 arbitramur,
1082 2135 1207 2205 quia
1238 2133 1453 2206 antiqui
1478 2133 1590 2189 iam
1619 2139 1985 2200 monuerunt,
2017 2133 2074 2187 S.
2105 2131 2404 2186 Clementis
2429 2126 2500 2185 ad
2527 2129 2652 2183 Cor.

152 2237 169 2266 ι
194 2219 471 2289 epistolam
509 2229 565 2276 et
600 2221 757 2277 illam
789 2221 860 2278 ad
895 2221 1181 2278 Hebraeos
1222 2220 1461 2277 eundem
1504 2220 1711 2277 habere
1752 2219 1958 2291 stylum
1993 2235 2097 2275 nec
2139 2218 2428 2289 utriusque
2466 2216 2654 2287 scripti

146 2309 417 2364 sententias
442 2308 683 2364 multum
704 2309 848 2366 inter
872 2326 931 2365 se
954 2308 1265 2380 discrepare
1292 2329 1317 2360 n
1354 2309 1586 2376 (Euseb.
1613 2311 1687 2364 H.
1715 2309 1778 2363 E.
1813 2309 1914 2362 111.
1945 2307 2054 2378 38),
2086 2327 2110 2356 α
2139 2306 2365 2362 omnino
2391 2303 2654 2377 grandem

149 2392 191 2446 in
214 2402 435 2468 utraque
470 2396 892 2453 similitudinem
920 2413 1038 2453 esse
1072 2418 1097 2448 α
1127 2399 1205 2463 (S.
1236 2398 1399 2452 Hier.
1433 2396 1502 2452 de
1531 2396 1649 2453 Vir.
1683 2396 1762 2452 ill.
1799 2400 1882 2462 15)
1913 2405 2017 2451 etc.

209 2565 259 2619 4.
284 2597 360 2606 -
387 2563 837 2638 DifficultateS‚
871 2564 1099 2641 quibus
1133 2566 1386 2644 paulina
1414 2564 1716 2643 epistolae
1748 2563 1924 2642 origo
1957 2565 2384 2641 impugnatur,
2417 2561 2654 2638 plerae-

148 2671 245 2732 que
280 2660 570 2720 Patrihus
617 2665 796 2721 erant
826 2661 951 2720 iam
989 2663 1274 2738 cognitae
1314 2666 1377 2722 et
1413 2662 1490 2722 ab
1529 2660 1656 2720 illis
1699 2660 2085 2721 sufficienter
2131 2663 2280 2718 sunt
2319 2656 2649 2728 enodatae3

148 2769 344 2827 paucas
377 2774 571 2817 novas
608 2757 977 2818 adiecerunt
1004 2757 1321 2830 moderni,
1366 2757 1532 2820 inter
1559 2774 1712 2836 quas
1752 2756 2085 2818 nonnullae
2124 2756 2276 2816 satis
2315 2757 2462 2814 sunt
2493 2753 2653 2814 arbi-

148 2851 376 2924 trariae,
407 2853 585 2914 nulla
626 2856 835 2914 autem
882 2854 1221 2926 invenitur,
1270 2872 1395 2931 qua
1428 2854 1690 2932 antiqua
1717 2853 1970 2915 traditio
2013 2852 2092 2913 de
2139 2852 2313 2912 Pauli
2353 2849 2652 2928 epistolae

148 2954 361 3008 auctore
382 2951 514 3010 ulla
538 2949 783 3010 ratione
811 2949 1241 3011 labefactatur.

198 3067 273 3122 De
299 3069 426 3142 styli
454 3069 1056 3142 argumentationisque
1085 3070 1437 3141 proprietate,
1474 3087 1618 3142 quae
1646 3087 1678 3126 a
1704 3069 1989 3128 modernis
2018 3084 2237 3142 quoque
2265 3076 2515 3140 urgetur,
2542 3067 2652 3123 iam

148 3150 373 3212 diximus.
412 3156 685 3214 obiicitur
720 3167 1034 3229 praeterea,
1072 3158 1221 3229 quod
1255 3167 1448 3215 auctor
1475 3158 1594 3230 ipse
1631 3175 1751 3214 sese
1781 3175 1846 3214 ex
1875 3173 2108 3214 numero
2136 3157 2530 3228 Apostolorum
2555 3171 2654 3211 ex-

146 3239 307 3297 cludat
327 3248 465 3314 (2³)
494 3252 551 3299 et
577 3259 696 3300 sese
718 3245 999 3316 Apostolis
1027 3246 1299 3301 iuniorem
1326 3261 1442 3302 esse
1472 3255 1711 3302 ostentet
1733 3251 1935 3313 (13,7);
1977 3253 2034 3302 at
2059 3245 2116 3300 in
2147 3245 2326 3315 priore
2352 3245 2478 3300 loco
2505 3247 2654 3299 Pau-

148 3322 217 3380 lus
240 3329 405 3402 ligura
434 3331 804 3395 ἀνακαινώσεως
832 3332 1024 3400 utitur,
1054 3347 1159 3388 nec
1185 3347 1245 3388 se
1267 3332 1445 3404 ipsum
1472 3333 1584 3390 illis
1612 3333 1960 3401 adnumerat,
1993 3352 2016 3384 ι
2042 3333 2102 3388 in
2131 3347 2270 3404 quos
2298 3331 2376 3388 ab
2409 3333 2517 3399 eis,
2553 3331 2655 3404 qui

147 3415 458 3486 audierunt,
486 3419 811 3476 confirmata
835 3428 918 3476 est
938 3421 1089 3476 salus
1114 3441 1173 3488 ”3
1199 3420 1435 3477 eandem
1456 3421 1691 3494 figuram
1717 3420 1850 3476 alibi
1874 3435 2094 3492 quoque
2113 3418 2342 3476 adhibet
2366 3419 2469 3486 (cfr
2488 3424 2646 3474 Rom.

148 3507 329 3575 13,11)3
364 3507 505 3564 alter
540 3515 728 3564 autem
755 3515 939 3564 textus
968 3513 1133 3577 (13,7)
1164 3507 1350 3581 inepte
1378 3510 1435 3564 in
1463 3509 1570 3565 hac
1609 3508 1931 3581 quaestione
1960 3507 2209 3564 affertur.
2245 3509 2418 3562 Porro
2452 3527 2476 3557 α
2508 3509 2650 3563 Pau·

148 3585 239 3658 lm,
267 3591 520 3666 inquiunt
548 3593 876 3666 adversarii,
908 3595 954 3652 si
993 3595 1257 3667 epistolae
1292 3605 1487 3652 auctor
1524 3606 1699 3666 esset,
1735 3611 1940 3652 nomeu
1969 3611 2132 3650 suum
2165 3611 2267 3668 pro
2305 3610 2461 3650 more
2492 3611 2652 3667 prae-

145 3673 349 3750 fixisset3
370 3682 525 3739 nulla
554 3684 702 3740 enim
732 3682 967 3739 affertur
994 3685 1135 3739 ratio
1158 3691 1303 3755 apta,
1336 3699 1436 3740 cur
1460 3681 1604 3740 illud
1632 3685 1867 3739 tacuerit
1898 3705 1946 3738 ι».
1979 3685 2134 3753 Quae
2163 3683 2399 3739 obiectio
2425 3699 2654 3739 erronee

147 3770 390 3840 supponit,
404 3771 749 3842 scripturam
776 3771 919 3828 hanc
946 3787 1064 3827 esse
1086 3771 1199 3827 veri
1226 3772 1467 3827 nominis
1493 3772 1810 3842 epistolam3
1845 3779 1927 3827 est
1951 3771 2101 3827 enim
2124 3771 2354 3827 homilia
2383 3770 2654 3842 quaedam

146 3849 215 3903 vel
240 3853 443 3914 libellus
471 3859 870 3914 consolatorius
898 3867 954 3912 et
982 3857 1392 3913 exhortatorius
1425 3859 1598 3930 (λόγος
1625 3863 1710 3926 τῆς
1735 3859 2088 3932 παρακλήσεως
2119 3863 2333 3926 13,22),
2367 3859 2457 3914 cui
2493 3860 2653 3930 pauci

148 3940 364 3999 versiculi
390 3946 694 4016 (lam-25)
720 3947 863 4017 stylo
888 3945 1169 4016 epistolari
1194 3955 1323 4001 sunt
1346 3945 1574 4016 adiecti;
1603 3947 1809 4019 optime
1835 3963 2055 4019 quoque
2079 3955 2414 4004 monuerunt
2438 3949 2649 4014 Patres,

154 4021 284 4082 Pauli
314 4047 515 4088 nomen
544 4033 781 4088 invisum
820 4031 983 4088 ruisse
1021 4031 1241 4089 Iudaeis
1268 4043 1322 4089 et
1349 4035 1629 4090 nonnullis
1657 4034 2206 4102 IudaeoehristianiS,
2250 4034 2488 4107 ideoque
2525 4051 2653 4090 eum

156 4107 253 4167 loco
276 4119 530 4188 epistolae
553 4120 954 4176 consolatoriae
983 4120 1133 4176 hunc
1160 4121 1408 4176 libellum
1434 4137 1774 4196 anonymum
1801 4122 2040 4191 misisse,
2071 4121 2250 4178 alieno
2279 4124 2424 4196 stylo
2458 4139 2652 4179 exara-

156 4202 279 4268 tum,
308 4208 398 4276 qui
424 4207 483 4263 in
509 4207 619 4263 iine
646 4216 867 4264 tantum
895 4217 1181 4265 auctorem
1208 4225 1370 4264 suum
1399 4210 1535 4265 satis
1563 4211 1710 4266 clare
1738 4210 1966 4266 indicat.

213 4289 513 4352 Arbitrariis
542 4295 944 4353 obiectionibus
973 4295 1399 4352 adnumeramus
1418 4339 1433 4367 ‚
1467 4296 1617 4370 quod
1648 4296 1900 4354 doctrina
1925 4298 2189 4370 epistolae
2217 4315 2249 4356 a
2277 4301 2502 4373 paulina
2539 4301 2653 4357 dis-

159 4383 353 4444 crepare
388 4381 633 4454 dicatur;
666 4384 798 4439 solis
825 4385 973 4440 enim
1004 4385 1273 4456 perversis
1309 4385 1854 4456 interpretationibus
1891 4385 2254 4460 discrepantia
2284 4388 2554 4459 innititur,
2595 4389 2655 4446 id

160 4462 284 4526 quod
304 4471 585 4544 exempliS,
620 4488 761 4544 quae
789 4472 1115 4538 afferuntur,
1150 4473 1305 4528 facile
1335 4473 1768 4529 demonstratur.
1793 4474 1970 4531 Paulo
1993 4477 2202 4532 scilicet
2224 4475 2418 4554 dicunt
2443 4478 2655 4548 praeci·
2701 4496 2706 4506 ·

162 4557 302 4610 Duum
338 4557 620 4614 doctrinae
660 4569 825 4630 caput
866 4560 1031 4616 fuisse
1073 4561 1536 4617 resurrectionem
1576 4561 1814 4632 Christi,
1863 4563 2089 4634 quaein
2131 4563 2236 4619 hac
2279 4564 2508 4635 epistola
2557 4581 2657 4636 per

160 4636 475 4703 transennam
502 4655 721 4704 tantum
749 4648 1039 4720 attingitur
1066 4649 1302 4720 (13,20);
1335 4657 1393 4704 at
1428 4664 1543 4704 non
1581 4647 1797 4715 vident,
1833 4657 2013 4706 totam
2050 4651 2354 4707 secundam
2391 4653 2657 4724 epistolae
