<?xml version="1.0" encoding="UTF-8"?>
<!DOCTYPE html PUBLIC "-//W3C//DTD XHTML 1.0 Transitional//EN"
    "http://www.w3.org/TR/xhtml1/DTD/xhtml1-transitional.dtd">
<html xmlns="http://www.w3.org/1999/xhtml" xml:lang="en" lang="en">
 <head>
  <title>
</title>
<meta http-equiv="Content-Type" content="text/html;charset=utf-8" />
  <meta name='ocr-system' content='tesseract 3.04.00' />
  <meta name='ocr-capabilities' content='ocr_page ocr_carea ocr_par ocr_line ocrx_word'/>
</head>
<body>
  <div class='ocr_page' id='page_1' title='image "./historicaeetcri00corngoog_0313.png"; bbox 0 0 3050 5184; ppageno 0'>
   <div class='ocr_carea' id='block_1_1' title="bbox 260 316 2674 378">
    <p class='ocr_par' dir='ltr' id='par_1_1' title="bbox 260 316 2674 378">
     <span class='ocr_line' id='line_1_1' title="bbox 260 316 2674 378; baseline 0 -5"><span class='ocrx_word' id='word_1_1' title='bbox 260 332 329 374; x_wconf 82' lang='lat' dir='ltr'><strong>DE</strong></span> <span class='ocrx_word' id='word_1_2' title='bbox 376 332 689 376; x_wconf 63' lang='lat' dir='ltr'><strong>naumann</strong></span> <span class='ocrx_word' id='word_1_3' title='bbox 731 329 1177 375; x_wconf 71' lang='lat' dir='ltr'><strong>mmcrlconun</strong></span> <span class='ocrx_word' id='word_1_4' title='bbox 1220 328 1534 373; x_wconf 70' lang='lat' dir='ltr'><strong>spncmnus</strong></span> <span class='ocrx_word' id='word_1_5' title='bbox 1577 330 1652 373; x_wconf 77' lang='lat' dir='ltr'><strong>m·</strong></span> <span class='ocrx_word' id='word_1_6' title='bbox 1699 330 1774 373; x_wconf 76' lang='lat' dir='ltr'><strong>DE</strong></span> <span class='ocrx_word' id='word_1_7' title='bbox 1823 331 2112 378; x_wconf 71' lang='lat' dir='ltr'><strong>mmmm:</strong></span> <span class='ocrx_word' id='word_1_8' title='bbox 2155 332 2432 377; x_wconf 76' lang='lat' dir='ltr'><strong>POETICA·</strong></span> <span class='ocrx_word' id='word_1_9' title='bbox 2557 316 2674 374; x_wconf 83' lang='lat'><strong>303</strong></span> 
     </span>
    </p>
   </div>
   <div class='ocr_carea' id='block_1_2' title="bbox 144 460 2672 2551">
    <p class='ocr_par' dir='ltr' id='par_1_2' title="bbox 150 460 2672 781">
     <span class='ocr_line' id='line_1_2' title="bbox 150 460 2672 534; baseline 0 -17"><span class='ocrx_word' id='word_1_10' title='bbox 150 472 297 528; x_wconf 86' lang='lat' dir='ltr'><strong>recte,</strong></span> <span class='ocrx_word' id='word_1_11' title='bbox 324 471 597 534; x_wconf 89' lang='lat' dir='ltr'><strong>quatenus</strong></span> <span class='ocrx_word' id='word_1_12' title='bbox 624 477 831 518; x_wconf 86' lang='lat' dir='ltr'><strong>nomen</strong></span> <span class='ocrx_word' id='word_1_13' title='bbox 859 460 997 517; x_wconf 89' lang='lat' dir='ltr'><strong>illud</strong></span> <span class='ocrx_word' id='word_1_14' title='bbox 1025 460 1294 529; x_wconf 85' lang='lat' dir='ltr'><strong>insinuat,</strong></span> <span class='ocrx_word' id='word_1_15' title='bbox 1322 474 1415 515; x_wconf 88' lang='lat' dir='ltr'><strong>eas</strong></span> <span class='ocrx_word' id='word_1_16' title='bbox 1448 476 1517 515; x_wconf 86' lang='lat' dir='ltr'><strong>ex</strong></span> <span class='ocrx_word' id='word_1_17' title='bbox 1551 460 1672 515; x_wconf 85' lang='lat' dir='ltr'><strong>aliis</strong></span> <span class='ocrx_word' id='word_1_18' title='bbox 1699 461 1902 533; x_wconf 81' lang='lat' dir='ltr'><strong>linguis</strong></span> <span class='ocrx_word' id='word_1_19' title='bbox 1939 462 1998 517; x_wconf 91' lang='lat' dir='ltr'><strong>in</strong></span> <span class='ocrx_word' id='word_1_20' title='bbox 2029 462 2330 520; x_wconf 80' lang='lat' dir='ltr'>hebraeam</span> <span class='ocrx_word' id='word_1_21' title='bbox 2368 478 2486 519; x_wconf 88' lang='lat' dir='ltr'><strong>esse</strong></span> <span class='ocrx_word' id='word_1_22' title='bbox 2517 470 2672 517; x_wconf 85' lang='lat' dir='ltr'><strong>tran-</strong></span> 
     </span>
     <span class='ocr_line' id='line_1_3' title="bbox 153 546 2672 622; baseline 0 -18"><span class='ocrx_word' id='word_1_23' title='bbox 153 558 355 605; x_wconf 75' lang='lat' dir='ltr'><strong>smutas,</strong></span> <span class='ocrx_word' id='word_1_24' title='bbox 404 552 483 605; x_wconf 82' lang='lat' dir='ltr'><strong>Ex</strong></span> <span class='ocrx_word' id='word_1_25' title='bbox 529 554 697 605; x_wconf 76' lang='lat' dir='ltr'><strong>vivae</strong></span> <span class='ocrx_word' id='word_1_26' title='bbox 740 564 875 605; x_wconf 88' lang='lat' dir='ltr'><strong>suae</strong></span> <span class='ocrx_word' id='word_1_27' title='bbox 914 549 1134 621; x_wconf 82' lang='lat' dir='ltr'><strong>linguae</strong></span> <span class='ocrx_word' id='word_1_28' title='bbox 1171 546 1320 603; x_wconf 78' lang='lat' dir='ltr'><strong>fonte</strong></span> <span class='ocrx_word' id='word_1_29' title='bbox 1355 562 1449 603; x_wconf 82' lang='lat' dir='ltr'><strong>eas</strong></span> <span class='ocrx_word' id='word_1_30' title='bbox 1476 547 1806 604; x_wconf 87' lang='lat' dir='ltr'><strong>hauriebant</strong></span> <span class='ocrx_word' id='word_1_31' title='bbox 1850 558 2045 619; x_wconf 85' lang='lat' dir='ltr'><strong>poetae</strong></span> <span class='ocrx_word' id='word_1_32' title='bbox 2093 552 2263 621; x_wconf 90' lang='lat' dir='ltr'><strong>sacri,</strong></span> <span class='ocrx_word' id='word_1_33' title='bbox 2295 552 2423 607; x_wconf 89' lang='lat' dir='ltr'><strong>licet</strong></span> <span class='ocrx_word' id='word_1_34' title='bbox 2467 564 2672 622; x_wconf 84' lang='lat' dir='ltr'><strong>negare</strong></span> 
     </span>
     <span class='ocr_line' id='line_1_4' title="bbox 150 636 2671 703; baseline 0 -12"><span class='ocrx_word' id='word_1_35' title='bbox 150 638 389 703; x_wconf 63' lang='lat' dir='ltr'><strong>colinum,</strong></span> <span class='ocrx_word' id='word_1_36' title='bbox 422 638 547 693; x_wconf 87' lang='lat' dir='ltr'><strong>illos</strong></span> <span class='ocrx_word' id='word_1_37' title='bbox 574 639 743 693; x_wconf 84' lang='lat' dir='ltr'><strong>etiam</strong></span> <span class='ocrx_word' id='word_1_38' title='bbox 788 636 1109 691; x_wconf 71' lang='lat' dir='ltr'><strong>nonnullas</strong></span> <span class='ocrx_word' id='word_1_39' title='bbox 1150 636 1293 691; x_wconf 80' lang='lat' dir='ltr'><strong>forte</strong></span> <span class='ocrx_word' id='word_1_40' title='bbox 1318 650 1385 691; x_wconf 90' lang='lat' dir='ltr'><strong>ex</strong></span> <span class='ocrx_word' id='word_1_41' title='bbox 1430 636 1602 691; x_wconf 81' lang='lat' dir='ltr'><strong>vicina</strong></span> <span class='ocrx_word' id='word_1_42' title='bbox 1651 636 1890 692; x_wconf 87' lang='lat' dir='ltr'><strong>dialecto</strong></span> <span class='ocrx_word' id='word_1_43' title='bbox 1932 639 2328 694; x_wconf 77' lang='lat' dir='ltr'><strong>transumsisse</strong></span> <span class='ocrx_word' id='word_1_44' title='bbox 2354 647 2410 694; x_wconf 87' lang='lat' dir='ltr'><strong>et</strong></span> <span class='ocrx_word' id='word_1_45' title='bbox 2449 638 2671 693; x_wconf 85' lang='lat' dir='ltr'><strong>civitate</strong></span> 
     </span>
     <span class='ocr_line' id='line_1_5' title="bbox 152 724 657 781; baseline 0.004 -2"><span class='ocrx_word' id='word_1_46' title='bbox 152 724 359 781; x_wconf 87' lang='lat' dir='ltr'><strong>hebraea</strong></span> <span class='ocrx_word' id='word_1_47' title='bbox 398 725 657 781; x_wconf 81' lang='lat' dir='ltr'><strong>donasse.</strong></span> 
     </span>
    </p>

    <p class='ocr_par' dir='ltr' id='par_1_3' title="bbox 144 809 2671 2551">
     <span class='ocr_line' id='line_1_6' title="bbox 206 809 2671 885; baseline 0 -18"><span class='ocrx_word' id='word_1_48' title='bbox 206 814 369 869; x_wconf 75' lang='lat' dir='ltr'><strong>Multo</strong></span> <span class='ocrx_word' id='word_1_49' title='bbox 390 813 567 885; x_wconf 80' lang='lat' dir='ltr'><strong>magis</strong></span> <span class='ocrx_word' id='word_1_50' title='bbox 592 821 781 868; x_wconf 89' lang='lat' dir='ltr'><strong>autem</strong></span> <span class='ocrx_word' id='word_1_51' title='bbox 809 821 1101 882; x_wconf 76' lang='lat' dir='ltr'><strong>troporum</strong></span> <span class='ocrx_word' id='word_1_52' title='bbox 1130 810 1439 882; x_wconf 78' lang='lat' dir='ltr'><strong>frequentia</strong></span> <span class='ocrx_word' id='word_1_53' title='bbox 1458 820 1513 866; x_wconf 94' lang='lat' dir='ltr'><strong>et</strong></span> <span class='ocrx_word' id='word_1_54' title='bbox 1537 809 1770 868; x_wconf 89' lang='lat' dir='ltr'><strong>audacia</strong></span> <span class='ocrx_word' id='word_1_55' title='bbox 1798 828 1983 868; x_wconf 89' lang='lat' dir='ltr'><strong>sermo</strong></span> <span class='ocrx_word' id='word_1_56' title='bbox 2007 812 2394 869; x_wconf 81' lang='lat' dir='ltr'><strong>Hebraeorum</strong></span> <span class='ocrx_word' id='word_1_57' title='bbox 2423 811 2671 884; x_wconf 87' lang='lat' dir='ltr'><strong>poeticus</strong></span> 
     </span>
     <span class='ocr_line' id='line_1_7' title="bbox 149 898 2668 973; baseline 0.001 -20"><span class='ocrx_word' id='word_1_58' title='bbox 149 918 171 953; x_wconf 79' lang='lat' dir='ltr'><strong>a</strong></span> <span class='ocrx_word' id='word_1_59' title='bbox 198 916 347 971; x_wconf 86' lang='lat' dir='ltr'><strong>prosa</strong></span> <span class='ocrx_word' id='word_1_60' title='bbox 376 900 631 956; x_wconf 88' lang='lat' dir='ltr'><strong>oratione</strong></span> <span class='ocrx_word' id='word_1_61' title='bbox 658 898 873 967; x_wconf 76' lang='lat' dir='ltr'><strong>differt3</strong></span> <span class='ocrx_word' id='word_1_62' title='bbox 907 900 1041 971; x_wconf 90' lang='lat' dir='ltr'><strong>quin</strong></span> <span class='ocrx_word' id='word_1_63' title='bbox 1088 899 1253 955; x_wconf 89' lang='lat' dir='ltr'><strong>etiam</strong></span> <span class='ocrx_word' id='word_1_64' title='bbox 1281 907 1397 954; x_wconf 87' lang='lat' dir='ltr'><strong>tam</strong></span> <span class='ocrx_word' id='word_1_65' title='bbox 1434 898 1752 970; x_wconf 80' lang='lat' dir='ltr'><strong>frequentes</strong></span> <span class='ocrx_word' id='word_1_66' title='bbox 1789 908 1846 956; x_wconf 91' lang='lat' dir='ltr'><strong>et</strong></span> <span class='ocrx_word' id='word_1_67' title='bbox 1883 900 2151 971; x_wconf 81' lang='lat' dir='ltr'><strong>pulchrae</strong></span> <span class='ocrx_word' id='word_1_68' title='bbox 2187 909 2317 956; x_wconf 87' lang='lat' dir='ltr'><strong>sunt</strong></span> <span class='ocrx_word' id='word_1_69' title='bbox 2355 901 2534 955; x_wconf 87' lang='lat' dir='ltr'><strong>omnis</strong></span> <span class='ocrx_word' id='word_1_70' title='bbox 2569 916 2668 973; x_wconf 84' lang='lat' dir='ltr'><strong>ge-</strong></span> 
     </span>
     <span class='ocr_line' id='line_1_8' title="bbox 150 985 2669 1061; baseline 0 -20"><span class='ocrx_word' id='word_1_71' title='bbox 150 988 271 1043; x_wconf 85' lang='lat' dir='ltr'><strong>neris</strong></span> <span class='ocrx_word' id='word_1_72' title='bbox 306 988 521 1061; x_wconf 82' lang='lat' dir='ltr'><strong>figurae</strong></span> <span class='ocrx_word' id='word_1_73' title='bbox 568 988 627 1043; x_wconf 90' lang='lat' dir='ltr'><strong>in</strong></span> <span class='ocrx_word' id='word_1_74' title='bbox 672 989 823 1058; x_wconf 88' lang='lat' dir='ltr'><strong>poesi</strong></span> <span class='ocrx_word' id='word_1_75' title='bbox 866 1002 1055 1053; x_wconf 88' lang='lat' dir='ltr'><strong>sacra,</strong></span> <span class='ocrx_word' id='word_1_76' title='bbox 1098 996 1161 1042; x_wconf 90' lang='lat' dir='ltr'><strong>ut</strong></span> <span class='ocrx_word' id='word_1_77' title='bbox 1196 1002 1473 1059; x_wconf 86' lang='lat' dir='ltr'><strong>nusquam</strong></span> <span class='ocrx_word' id='word_1_78' title='bbox 1510 985 1623 1041; x_wconf 79' lang='lat' dir='ltr'><strong>fere</strong></span> <span class='ocrx_word' id='word_1_79' title='bbox 1684 985 1833 1059; x_wconf 88' lang='lat' dir='ltr'><strong>apud</strong></span> <span class='ocrx_word' id='word_1_80' title='bbox 1871 988 2106 1043; x_wconf 88' lang='lat' dir='ltr'><strong>aliarum</strong></span> <span class='ocrx_word' id='word_1_81' title='bbox 2144 988 2436 1045; x_wconf 89' lang='lat' dir='ltr'><strong>nationum</strong></span> <span class='ocrx_word' id='word_1_82' title='bbox 2479 996 2669 1058; x_wconf 90' lang='lat' dir='ltr'><strong>poetas</strong></span> 
     </span>
     <span class='ocr_line' id='line_1_9' title="bbox 148 1074 2668 1147; baseline 0 -18"><span class='ocrx_word' id='word_1_83' title='bbox 148 1090 309 1131; x_wconf 85' lang='lat' dir='ltr'><strong>earum</strong></span> <span class='ocrx_word' id='word_1_84' title='bbox 342 1076 521 1131; x_wconf 79' lang='lat' dir='ltr'><strong>virtus</strong></span> <span class='ocrx_word' id='word_1_85' title='bbox 544 1074 685 1131; x_wconf 87' lang='lat' dir='ltr'><strong>adeo</strong></span> <span class='ocrx_word' id='word_1_86' title='bbox 713 1074 1020 1147; x_wconf 84' lang='lat' dir='ltr'><strong>splendeat.</strong></span> <span class='ocrx_word' id='word_1_87' title='bbox 1052 1076 1227 1130; x_wconf 91' lang='lat' dir='ltr'><strong>Porro</strong></span> <span class='ocrx_word' id='word_1_88' title='bbox 1250 1074 1454 1129; x_wconf 87' lang='lat' dir='ltr'><strong>mirum</strong></span> <span class='ocrx_word' id='word_1_89' title='bbox 1480 1084 1592 1141; x_wconf 88' lang='lat' dir='ltr'><strong>est,</strong></span> <span class='ocrx_word' id='word_1_90' title='bbox 1622 1083 1757 1145; x_wconf 90' lang='lat' dir='ltr'><strong>quot</strong></span> <span class='ocrx_word' id='word_1_91' title='bbox 1793 1075 2150 1146; x_wconf 84' lang='lat' dir='ltr'><strong>metaphoras</strong></span> <span class='ocrx_word' id='word_1_92' title='bbox 2181 1092 2258 1131; x_wconf 72' lang='lat' dir='ltr'><strong>em</strong></span> <span class='ocrx_word' id='word_1_93' title='bbox 2283 1076 2461 1131; x_wconf 72' lang='lat' dir='ltr'><strong>rebus</strong></span> <span class='ocrx_word' id='word_1_94' title='bbox 2486 1082 2668 1131; x_wconf 77' lang='lat' dir='ltr'><strong>natu-</strong></span> 
     </span>
     <span class='ocr_line' id='line_1_10' title="bbox 150 1160 2666 1236; baseline 0.001 -21"><span class='ocrx_word' id='word_1_95' title='bbox 150 1162 359 1219; x_wconf 76' lang='lat' dir='ltr'><strong>ratibus</strong></span> <span class='ocrx_word' id='word_1_96' title='bbox 401 1163 775 1219; x_wconf 86' lang='lat' dir='ltr'><strong>desumserint</strong></span> <span class='ocrx_word' id='word_1_97' title='bbox 806 1172 1002 1234; x_wconf 86' lang='lat' dir='ltr'><strong>poetae</strong></span> <span class='ocrx_word' id='word_1_98' title='bbox 1034 1162 1209 1230; x_wconf 85' lang='lat' dir='ltr'><strong>sacri,</strong></span> <span class='ocrx_word' id='word_1_99' title='bbox 1250 1170 1415 1233; x_wconf 88' lang='lat' dir='ltr'><strong>atque</strong></span> <span class='ocrx_word' id='word_1_100' title='bbox 1447 1162 1687 1217; x_wconf 80' lang='lat' dir='ltr'><strong>maxime</strong></span> <span class='ocrx_word' id='word_1_101' title='bbox 1721 1160 1790 1218; x_wconf 91' lang='lat' dir='ltr'><strong>ab</strong></span> <span class='ocrx_word' id='word_1_102' title='bbox 1831 1163 2017 1219; x_wconf 85' lang='lat' dir='ltr'><strong>herbis</strong></span> <span class='ocrx_word' id='word_1_103' title='bbox 2053 1163 2485 1236; x_wconf 81' lang='lat' dir='ltr'><strong>arboribusque3</strong></span> <span class='ocrx_word' id='word_1_104' title='bbox 2523 1164 2666 1219; x_wconf 92' lang='lat' dir='ltr'><strong>ultra</strong></span> 
     </span>
     <span class='ocr_line' id='line_1_11' title="bbox 146 1249 2669 1323; baseline 0 -18"><span class='ocrx_word' id='word_1_105' title='bbox 146 1249 354 1307; x_wconf 80' lang='lat' dir='ltr'><strong>ducenta</strong></span> <span class='ocrx_word' id='word_1_106' title='bbox 398 1251 797 1323; x_wconf 85' lang='lat' dir='ltr'><strong>quinquaginta</strong></span> <span class='ocrx_word' id='word_1_107' title='bbox 824 1250 1047 1307; x_wconf 89' lang='lat' dir='ltr'><strong>nomina</strong></span> <span class='ocrx_word' id='word_1_108' title='bbox 1076 1249 1333 1307; x_wconf 89' lang='lat' dir='ltr'><strong>botanica</strong></span> <span class='ocrx_word' id='word_1_109' title='bbox 1364 1250 1421 1305; x_wconf 88' lang='lat' dir='ltr'><strong>in</strong></span> <span class='ocrx_word' id='word_1_110' title='bbox 1450 1250 1648 1322; x_wconf 80' lang='lat' dir='ltr'><strong>exiguo</strong></span> <span class='ocrx_word' id='word_1_111' title='bbox 1686 1251 1902 1306; x_wconf 90' lang='lat' dir='ltr'><strong>Veteris</strong></span> <span class='ocrx_word' id='word_1_112' title='bbox 1939 1254 2088 1307; x_wconf 90' lang='lat' dir='ltr'><strong>Test.</strong></span> <span class='ocrx_word' id='word_1_113' title='bbox 2131 1251 2324 1308; x_wconf 86' lang='lat' dir='ltr'><strong>codiee</strong></span> <span class='ocrx_word' id='word_1_114' title='bbox 2351 1251 2459 1323; x_wconf 81' lang='lat' dir='ltr'><strong>legi</strong></span> <span class='ocrx_word' id='word_1_115' title='bbox 2501 1258 2669 1323; x_wconf 91' lang='lat' dir='ltr'><strong>atque</strong></span> 
     </span>
     <span class='ocr_line' id='line_1_12' title="bbox 148 1337 2666 1411; baseline 0 -18"><span class='ocrx_word' id='word_1_116' title='bbox 148 1340 285 1409; x_wconf 80' lang='lat' dir='ltr'><strong>longe</strong></span> <span class='ocrx_word' id='word_1_117' title='bbox 312 1340 581 1411; x_wconf 87' lang='lat' dir='ltr'><strong>pleraque</strong></span> <span class='ocrx_word' id='word_1_118' title='bbox 604 1356 633 1393; x_wconf 92' lang='lat' dir='ltr'><strong>a</strong></span> <span class='ocrx_word' id='word_1_119' title='bbox 668 1338 843 1410; x_wconf 87' lang='lat' dir='ltr'><strong>poetis</strong></span> <span class='ocrx_word' id='word_1_120' title='bbox 870 1339 1041 1395; x_wconf 89' lang='lat' dir='ltr'><strong>sacris</strong></span> <span class='ocrx_word' id='word_1_121' title='bbox 1066 1353 1186 1393; x_wconf 88' lang='lat' dir='ltr'><strong>esse</strong></span> <span class='ocrx_word' id='word_1_122' title='bbox 1208 1337 1489 1407; x_wconf 86' lang='lat' dir='ltr'><strong>adhibita,</strong></span> <span class='ocrx_word' id='word_1_123' title='bbox 1522 1346 1674 1393; x_wconf 88' lang='lat' dir='ltr'><strong>recte</strong></span> <span class='ocrx_word' id='word_1_124' title='bbox 1711 1347 2049 1395; x_wconf 86' lang='lat' dir='ltr'><strong>monuerunt</strong></span> <span class='ocrx_word' id='word_1_125' title='bbox 2071 1338 2353 1407; x_wconf 84' lang='lat' dir='ltr'><strong>nonnulli3</strong></span> <span class='ocrx_word' id='word_1_126' title='bbox 2386 1348 2552 1410; x_wconf 88' lang='lat' dir='ltr'><strong>atque</strong></span> <span class='ocrx_word' id='word_1_127' title='bbox 2579 1340 2666 1393; x_wconf 86' lang='lat' dir='ltr'><strong>vix</strong></span> 
     </span>
     <span class='ocr_line' id='line_1_13' title="bbox 148 1426 2668 1498; baseline -0 -17"><span class='ocrx_word' id='word_1_128' title='bbox 148 1428 299 1483; x_wconf 87' lang='lat' dir='ltr'><strong>minus</strong></span> <span class='ocrx_word' id='word_1_129' title='bbox 330 1426 642 1498; x_wconf 79' lang='lat' dir='ltr'><strong>frequentia</strong></span> <span class='ocrx_word' id='word_1_130' title='bbox 672 1426 995 1481; x_wconf 88' lang='lat' dir='ltr'><strong>animalium</strong></span> <span class='ocrx_word' id='word_1_131' title='bbox 1020 1426 1367 1498; x_wconf 89' lang='lat' dir='ltr'><strong>aliarumque</strong></span> <span class='ocrx_word' id='word_1_132' title='bbox 1389 1440 1576 1481; x_wconf 89' lang='lat' dir='ltr'><strong>rerum</strong></span> <span class='ocrx_word' id='word_1_133' title='bbox 1603 1426 1939 1481; x_wconf 83' lang='lat' dir='ltr'><strong>naturalium</strong></span> <span class='ocrx_word' id='word_1_134' title='bbox 1964 1436 2094 1483; x_wconf 87' lang='lat' dir='ltr'><strong>sunt</strong></span> <span class='ocrx_word' id='word_1_135' title='bbox 2124 1426 2372 1483; x_wconf 87' lang='lat' dir='ltr'><strong>nomina.</strong></span> <span class='ocrx_word' id='word_1_136' title='bbox 2401 1457 2468 1467; x_wconf 90' lang='lat'>—</span> <span class='ocrx_word' id='word_1_137' title='bbox 2509 1426 2668 1482; x_wconf 87' lang='lat' dir='ltr'><strong>Alter</strong></span> 
     </span>
     <span class='ocr_line' id='line_1_14' title="bbox 148 1513 2664 1587; baseline 0.001 -21"><span class='ocrx_word' id='word_1_138' title='bbox 148 1514 437 1571; x_wconf 88' lang='lat' dir='ltr'><strong>uberrimus</strong></span> <span class='ocrx_word' id='word_1_139' title='bbox 473 1523 765 1585; x_wconf 87' lang='lat' dir='ltr'><strong>troporum</strong></span> <span class='ocrx_word' id='word_1_140' title='bbox 809 1513 931 1571; x_wconf 78' lang='lat' dir='ltr'><strong>fons</strong></span> <span class='ocrx_word' id='word_1_141' title='bbox 970 1522 1092 1569; x_wconf 88' lang='lat' dir='ltr'><strong>erat</strong></span> <span class='ocrx_word' id='word_1_142' title='bbox 1135 1514 1261 1569; x_wconf 80' lang='lat' dir='ltr'><strong>vita</strong></span> <span class='ocrx_word' id='word_1_143' title='bbox 1303 1513 1670 1585; x_wconf 78' lang='lat' dir='ltr'><strong>quotidiana</strong></span> <span class='ocrx_word' id='word_1_144' title='bbox 1705 1514 2122 1580; x_wconf 86' lang='lat' dir='ltr'><strong>Hebraeorum,</strong></span> <span class='ocrx_word' id='word_1_145' title='bbox 2171 1530 2314 1587; x_wconf 87' lang='lat' dir='ltr'><strong>quae</strong></span> <span class='ocrx_word' id='word_1_146' title='bbox 2363 1513 2664 1570; x_wconf 87' lang='lat' dir='ltr'><strong>admodum</strong></span> 
     </span>
     <span class='ocr_line' id='line_1_15' title="bbox 147 1600 2664 1673; baseline 0.001 -19"><span class='ocrx_word' id='word_1_147' title='bbox 147 1601 351 1673; x_wconf 84' lang='lat' dir='ltr'><strong>simplex</strong></span> <span class='ocrx_word' id='word_1_148' title='bbox 385 1610 509 1658; x_wconf 89' lang='lat' dir='ltr'><strong>erat</strong></span> <span class='ocrx_word' id='word_1_149' title='bbox 531 1611 587 1657; x_wconf 90' lang='lat' dir='ltr'><strong>et</strong></span> <span class='ocrx_word' id='word_1_150' title='bbox 608 1602 711 1657; x_wconf 88' lang='lat' dir='ltr'><strong>sibi</strong></span> <span class='ocrx_word' id='word_1_151' title='bbox 731 1610 1018 1670; x_wconf 84' lang='lat' dir='ltr'><strong>constans;</strong></span> <span class='ocrx_word' id='word_1_152' title='bbox 1056 1600 1329 1671; x_wconf 83' lang='lat' dir='ltr'><strong>agricolae</strong></span> <span class='ocrx_word' id='word_1_153' title='bbox 1358 1608 1414 1655; x_wconf 89' lang='lat' dir='ltr'><strong>et</strong></span> <span class='ocrx_word' id='word_1_154' title='bbox 1441 1608 1690 1671; x_wconf 89' lang='lat' dir='ltr'><strong>pastores</strong></span> <span class='ocrx_word' id='word_1_155' title='bbox 1717 1610 1876 1656; x_wconf 89' lang='lat' dir='ltr'><strong>erant</strong></span> <span class='ocrx_word' id='word_1_156' title='bbox 1911 1600 2188 1673; x_wconf 86' lang='lat' dir='ltr'><strong>plerique,</strong></span> <span class='ocrx_word' id='word_1_157' title='bbox 2223 1610 2281 1656; x_wconf 89' lang='lat' dir='ltr'><strong>at</strong></span> <span class='ocrx_word' id='word_1_158' title='bbox 2314 1602 2416 1657; x_wconf 89' lang='lat' dir='ltr'><strong>viri</strong></span> <span class='ocrx_word' id='word_1_159' title='bbox 2445 1617 2664 1673; x_wconf 90' lang='lat' dir='ltr'><strong>quoque</strong></span> 
     </span>
     <span class='ocr_line' id='line_1_16' title="bbox 148 1688 2663 1761; baseline 0 -18"><span class='ocrx_word' id='word_1_160' title='bbox 148 1688 401 1758; x_wconf 75' lang='lat' dir='ltr'><strong>bellicosi3</strong></span> <span class='ocrx_word' id='word_1_161' title='bbox 438 1688 585 1745; x_wconf 90' lang='lat' dir='ltr'><strong>unde</strong></span> <span class='ocrx_word' id='word_1_162' title='bbox 610 1689 819 1745; x_wconf 75' lang='lat' dir='ltr'><strong>sacuim</strong></span> <span class='ocrx_word' id='word_1_163' title='bbox 848 1698 960 1754; x_wconf 90' lang='lat' dir='ltr'><strong>est,</strong></span> <span class='ocrx_word' id='word_1_164' title='bbox 985 1697 1050 1743; x_wconf 88' lang='lat' dir='ltr'><strong>ut</strong></span> <span class='ocrx_word' id='word_1_165' title='bbox 1076 1705 1143 1745; x_wconf 82' lang='lat' dir='ltr'><strong>ex</strong></span> <span class='ocrx_word' id='word_1_166' title='bbox 1182 1688 1291 1745; x_wconf 87' lang='lat' dir='ltr'><strong>vita</strong></span> <span class='ocrx_word' id='word_1_167' title='bbox 1322 1690 1557 1756; x_wconf 87' lang='lat' dir='ltr'><strong>rustica,</strong></span> <span class='ocrx_word' id='word_1_168' title='bbox 1589 1688 1904 1761; x_wconf 89' lang='lat' dir='ltr'><strong>pastoritia,</strong></span> <span class='ocrx_word' id='word_1_169' title='bbox 1932 1688 2158 1745; x_wconf 86' lang='lat' dir='ltr'><strong>militari</strong></span> <span class='ocrx_word' id='word_1_170' title='bbox 2197 1690 2407 1745; x_wconf 89' lang='lat' dir='ltr'><strong>multae</strong></span> <span class='ocrx_word' id='word_1_171' title='bbox 2438 1688 2663 1745; x_wconf 88' lang='lat' dir='ltr'><strong>desum-</strong></span> 
     </span>
     <span class='ocr_line' id='line_1_17' title="bbox 148 1774 2668 1851; baseline 0 -20"><span class='ocrx_word' id='word_1_172' title='bbox 148 1784 219 1831; x_wconf 82' lang='lat' dir='ltr'><strong>tae</strong></span> <span class='ocrx_word' id='word_1_173' title='bbox 251 1779 357 1833; x_wconf 86' lang='lat' dir='ltr'><strong>sint</strong></span> <span class='ocrx_word' id='word_1_174' title='bbox 403 1777 690 1851; x_wconf 70' lang='lat' dir='ltr'><strong>imagines</strong></span> <span class='ocrx_word' id='word_1_175' title='bbox 743 1778 896 1834; x_wconf 88' lang='lat' dir='ltr'><strong>Inter</strong></span> <span class='ocrx_word' id='word_1_176' title='bbox 938 1792 1076 1848; x_wconf 88' lang='lat' dir='ltr'><strong>quas</strong></span> <span class='ocrx_word' id='word_1_177' title='bbox 1114 1776 1416 1832; x_wconf 85' lang='lat' dir='ltr'><strong>nonnullae</strong></span> <span class='ocrx_word' id='word_1_178' title='bbox 1460 1774 1784 1832; x_wconf 85' lang='lat' dir='ltr'><strong>humiliores</strong></span> <span class='ocrx_word' id='word_1_179' title='bbox 1826 1776 2152 1832; x_wconf 89' lang='lat' dir='ltr'><strong>nonnemini</strong></span> <span class='ocrx_word' id='word_1_180' title='bbox 2195 1775 2554 1846; x_wconf 78' lang='lat' dir='ltr'><strong>videbuntur3</strong></span> <span class='ocrx_word' id='word_1_181' title='bbox 2608 1784 2668 1833; x_wconf 88' lang='lat' dir='ltr'><strong>at</strong></span> 
     </span>
     <span class='ocr_line' id='line_1_18' title="bbox 150 1863 2662 1937; baseline 0 -18"><span class='ocrx_word' id='word_1_182' title='bbox 150 1865 295 1935; x_wconf 82' lang='lat' dir='ltr'><strong>probe</strong></span> <span class='ocrx_word' id='word_1_183' title='bbox 332 1864 807 1921; x_wconf 88' lang='lat' dir='ltr'><strong>considerandum</strong></span> <span class='ocrx_word' id='word_1_184' title='bbox 839 1873 949 1928; x_wconf 89' lang='lat' dir='ltr'><strong>est,</strong></span> <span class='ocrx_word' id='word_1_185' title='bbox 978 1863 1123 1919; x_wconf 90' lang='lat' dir='ltr'><strong>inter</strong></span> <span class='ocrx_word' id='word_1_186' title='bbox 1158 1863 1470 1928; x_wconf 79' lang='lat' dir='ltr'><strong>HebraeoS,</strong></span> <span class='ocrx_word' id='word_1_187' title='bbox 1513 1863 1713 1935; x_wconf 86' lang='lat' dir='ltr'><strong>quibus</strong></span> <span class='ocrx_word' id='word_1_188' title='bbox 1752 1864 1998 1920; x_wconf 87' lang='lat' dir='ltr'><strong>carmina</strong></span> <span class='ocrx_word' id='word_1_189' title='bbox 2033 1864 2284 1937; x_wconf 87' lang='lat' dir='ltr'><strong>proxime</strong></span> <span class='ocrx_word' id='word_1_190' title='bbox 2325 1872 2454 1920; x_wconf 89' lang='lat' dir='ltr'><strong>sunt</strong></span> <span class='ocrx_word' id='word_1_191' title='bbox 2493 1863 2662 1920; x_wconf 87' lang='lat' dir='ltr'><strong>desti-</strong></span> 
     </span>
     <span class='ocr_line' id='line_1_19' title="bbox 148 1951 2664 2025; baseline 0.001 -20"><span class='ocrx_word' id='word_1_192' title='bbox 148 1961 281 2017; x_wconf 85' lang='lat' dir='ltr'><strong>nata,</strong></span> <span class='ocrx_word' id='word_1_193' title='bbox 310 1954 626 2015; x_wconf 89' lang='lat' dir='ltr'><strong>neminem,</strong></span> <span class='ocrx_word' id='word_1_194' title='bbox 656 1968 729 2008; x_wconf 92' lang='lat' dir='ltr'><strong>ne</strong></span> <span class='ocrx_word' id='word_1_195' title='bbox 756 1952 1159 2023; x_wconf 83' lang='lat' dir='ltr'><strong>amplissimum</strong></span> <span class='ocrx_word' id='word_1_196' title='bbox 1186 1951 1439 2023; x_wconf 88' lang='lat' dir='ltr'><strong>quidem,</strong></span> <span class='ocrx_word' id='word_1_197' title='bbox 1470 1951 1661 2007; x_wconf 84' lang='lat' dir='ltr'><strong>infima</strong></span> <span class='ocrx_word' id='word_1_198' title='bbox 1685 1951 1874 2007; x_wconf 85' lang='lat' dir='ltr'><strong>rustici</strong></span> <span class='ocrx_word' id='word_1_199' title='bbox 1901 1954 2082 2024; x_wconf 84' lang='lat' dir='ltr'><strong>operis</strong></span> <span class='ocrx_word' id='word_1_200' title='bbox 2103 1953 2322 2025; x_wconf 82' lang='lat' dir='ltr'><strong>negotia</strong></span> <span class='ocrx_word' id='word_1_201' title='bbox 2351 1968 2411 2009; x_wconf 89' lang='lat' dir='ltr'><strong>se</strong></span> <span class='ocrx_word' id='word_1_202' title='bbox 2437 1951 2664 2023; x_wconf 83' lang='lat' dir='ltr'><strong>indigna</strong></span> 
     </span>
     <span class='ocr_line' id='line_1_20' title="bbox 146 2039 2666 2114; baseline 0.001 -21"><span class='ocrx_word' id='word_1_203' title='bbox 146 2039 399 2097; x_wconf 86' lang='lat' dir='ltr'><strong>habuisse.</strong></span> <span class='ocrx_word' id='word_1_204' title='bbox 424 2070 494 2083; x_wconf 91' lang='lat'><strong>·-</strong></span> <span class='ocrx_word' id='word_1_205' title='bbox 517 2040 605 2097; x_wconf 85' lang='lat' dir='ltr'><strong>Ad</strong></span> <span class='ocrx_word' id='word_1_206' title='bbox 622 2040 969 2114; x_wconf 75' lang='lat' dir='ltr'><strong>reliqionem</strong></span> <span class='ocrx_word' id='word_1_207' title='bbox 1011 2040 1239 2095; x_wconf 87' lang='lat' dir='ltr'><strong>demum</strong></span> <span class='ocrx_word' id='word_1_208' title='bbox 1276 2049 1333 2095; x_wconf 88' lang='lat' dir='ltr'><strong>et</strong></span> <span class='ocrx_word' id='word_1_209' title='bbox 1374 2040 1554 2112; x_wconf 84' lang='lat' dir='ltr'><strong>gentis</strong></span> <span class='ocrx_word' id='word_1_210' title='bbox 1581 2039 1925 2109; x_wconf 73' lang='lat' dir='ltr'><strong>historiam,</strong></span> <span class='ocrx_word' id='word_1_211' title='bbox 1965 2056 2107 2112; x_wconf 87' lang='lat' dir='ltr'><strong>quae</strong></span> <span class='ocrx_word' id='word_1_212' title='bbox 2143 2048 2228 2096; x_wconf 89' lang='lat' dir='ltr'><strong>tot</strong></span> <span class='ocrx_word' id='word_1_213' title='bbox 2264 2056 2466 2113; x_wconf 82' lang='lat' dir='ltr'><strong>magna</strong></span> <span class='ocrx_word' id='word_1_214' title='bbox 2502 2041 2666 2096; x_wconf 87' lang='lat' dir='ltr'><strong>mira·</strong></span> 
     </span>
     <span class='ocr_line' id='line_1_21' title="bbox 146 2126 2666 2199; baseline 0 -18"><span class='ocrx_word' id='word_1_215' title='bbox 146 2129 249 2183; x_wconf 86' lang='lat' dir='ltr'><strong>cula</strong></span> <span class='ocrx_word' id='word_1_216' title='bbox 277 2129 387 2185; x_wconf 88' lang='lat' dir='ltr'><strong>Dei</strong></span> <span class='ocrx_word' id='word_1_217' title='bbox 422 2127 725 2197; x_wconf 77' lang='lat' dir='ltr'><strong>referebat,</strong></span> <span class='ocrx_word' id='word_1_218' title='bbox 762 2128 1081 2185; x_wconf 89' lang='lat' dir='ltr'><strong>innumeras</strong></span> <span class='ocrx_word' id='word_1_219' title='bbox 1116 2126 1350 2183; x_wconf 82' lang='lat' dir='ltr'><strong>inveniri</strong></span> <span class='ocrx_word' id='word_1_220' title='bbox 1391 2128 1717 2197; x_wconf 79' lang='lat' dir='ltr'><strong>allusioneS‚</strong></span> <span class='ocrx_word' id='word_1_221' title='bbox 1753 2127 1908 2183; x_wconf 77' lang='lat' dir='ltr'><strong>facile</strong></span> <span class='ocrx_word' id='word_1_222' title='bbox 1953 2127 2282 2199; x_wconf 87' lang='lat' dir='ltr'><strong>concipitur.</strong></span> <span class='ocrx_word' id='word_1_223' title='bbox 2327 2126 2666 2185; x_wconf 82' lang='lat' dir='ltr'><strong>Attendatur</strong></span> 
     </span>
     <span class='ocr_line' id='line_1_22' title="bbox 146 2214 2663 2289; baseline 0.002 -22"><span class='ocrx_word' id='word_1_224' title='bbox 146 2224 309 2273; x_wconf 83' lang='lat' dir='ltr'><strong>autem</strong></span> <span class='ocrx_word' id='word_1_225' title='bbox 336 2225 589 2289; x_wconf 86' lang='lat' dir='ltr'><strong>oportet,</strong></span> <span class='ocrx_word' id='word_1_226' title='bbox 616 2216 1003 2273; x_wconf 85' lang='lat' dir='ltr'><strong>Hebraeorum</strong></span> <span class='ocrx_word' id='word_1_227' title='bbox 1026 2214 1345 2289; x_wconf 85' lang='lat' dir='ltr'><strong>religionem</strong></span> <span class='ocrx_word' id='word_1_228' title='bbox 1368 2214 1584 2289; x_wconf 80' lang='lat' dir='ltr'><strong>legibus</strong></span> <span class='ocrx_word' id='word_1_229' title='bbox 1609 2216 1724 2271; x_wconf 85' lang='lat' dir='ltr'><strong>suis</strong></span> <span class='ocrx_word' id='word_1_230' title='bbox 1741 2224 1920 2271; x_wconf 91' lang='lat' dir='ltr'><strong>totam</strong></span> <span class='ocrx_word' id='word_1_231' title='bbox 1943 2214 2112 2271; x_wconf 84' lang='lat' dir='ltr'><strong>vitam</strong></span> <span class='ocrx_word' id='word_1_232' title='bbox 2141 2216 2422 2288; x_wconf 86' lang='lat' dir='ltr'><strong>publicam</strong></span> <span class='ocrx_word' id='word_1_233' title='bbox 2459 2224 2516 2272; x_wconf 92' lang='lat' dir='ltr'><strong>et</strong></span> <span class='ocrx_word' id='word_1_234' title='bbox 2551 2216 2663 2287; x_wconf 88' lang='lat' dir='ltr'><strong>pri-</strong></span> 
     </span>
     <span class='ocr_line' id='line_1_23' title="bbox 146 2301 2664 2376; baseline 0.001 -19"><span class='ocrx_word' id='word_1_235' title='bbox 146 2312 307 2360; x_wconf 74' lang='lat' dir='ltr'><strong>vatam</strong></span> <span class='ocrx_word' id='word_1_236' title='bbox 328 2305 569 2373; x_wconf 84' lang='lat' dir='ltr'><strong>rexisse,</strong></span> <span class='ocrx_word' id='word_1_237' title='bbox 597 2320 769 2376; x_wconf 85' lang='lat' dir='ltr'><strong>quare</strong></span> <span class='ocrx_word' id='word_1_238' title='bbox 796 2306 855 2359; x_wconf 88' lang='lat' dir='ltr'><strong>in</strong></span> <span class='ocrx_word' id='word_1_239' title='bbox 881 2304 1224 2375; x_wconf 84' lang='lat' dir='ltr'><strong>metaphoris</strong></span> <span class='ocrx_word' id='word_1_240' title='bbox 1249 2318 1314 2359; x_wconf 86' lang='lat' dir='ltr'><strong>ex</strong></span> <span class='ocrx_word' id='word_1_241' title='bbox 1345 2303 1458 2359; x_wconf 86' lang='lat' dir='ltr'><strong>vita</strong></span> <span class='ocrx_word' id='word_1_242' title='bbox 1494 2301 1816 2375; x_wconf 86' lang='lat' dir='ltr'><strong>quotidiana</strong></span> <span class='ocrx_word' id='word_1_243' title='bbox 1841 2302 2108 2359; x_wconf 78' lang='lat' dir='ltr'><strong>desumus</strong></span> <span class='ocrx_word' id='word_1_244' title='bbox 2144 2303 2297 2359; x_wconf 83' lang='lat' dir='ltr'><strong>haud</strong></span> <span class='ocrx_word' id='word_1_245' title='bbox 2333 2320 2462 2359; x_wconf 91' lang='lat' dir='ltr'><strong>raro</strong></span> <span class='ocrx_word' id='word_1_246' title='bbox 2499 2304 2664 2359; x_wconf 90' lang='lat' dir='ltr'><strong>simul</strong></span> 
     </span>
     <span class='ocr_line' id='line_1_24' title="bbox 144 2390 2668 2465; baseline 0.002 -22"><span class='ocrx_word' id='word_1_247' title='bbox 144 2390 319 2447; x_wconf 83' lang='lat' dir='ltr'><strong>allusio</strong></span> <span class='ocrx_word' id='word_1_248' title='bbox 357 2392 432 2449; x_wconf 88' lang='lat' dir='ltr'><strong>ad</strong></span> <span class='ocrx_word' id='word_1_249' title='bbox 460 2391 675 2449; x_wconf 79' lang='lat' dir='ltr'><strong>divinas</strong></span> <span class='ocrx_word' id='word_1_250' title='bbox 701 2393 855 2465; x_wconf 81' lang='lat' dir='ltr'><strong>leges</strong></span> <span class='ocrx_word' id='word_1_251' title='bbox 881 2391 1178 2461; x_wconf 88' lang='lat' dir='ltr'><strong>invenitur,</strong></span> <span class='ocrx_word' id='word_1_252' title='bbox 1216 2406 1325 2463; x_wconf 91' lang='lat' dir='ltr'><strong>qua</strong></span> <span class='ocrx_word' id='word_1_253' title='bbox 1362 2391 1630 2465; x_wconf 83' lang='lat' dir='ltr'><strong>imagines</strong></span> <span class='ocrx_word' id='word_1_254' title='bbox 1665 2392 1994 2461; x_wconf 86' lang='lat' dir='ltr'><strong>nonnullae,</strong></span> <span class='ocrx_word' id='word_1_255' title='bbox 2031 2407 2173 2464; x_wconf 89' lang='lat' dir='ltr'><strong>quae</strong></span> <span class='ocrx_word' id='word_1_256' title='bbox 2205 2391 2529 2448; x_wconf 89' lang='lat' dir='ltr'><strong>humiliores</strong></span> <span class='ocrx_word' id='word_1_257' title='bbox 2568 2401 2668 2448; x_wconf 89' lang='lat' dir='ltr'><strong>aut</strong></span> 
     </span>
     <span class='ocr_line' id='line_1_25' title="bbox 150 2478 2201 2551; baseline 0.002 -21"><span class='ocrx_word' id='word_1_258' title='bbox 150 2479 293 2535; x_wconf 84' lang='lat' dir='ltr'><strong>etiam</strong></span> <span class='ocrx_word' id='word_1_259' title='bbox 338 2496 541 2551; x_wconf 86' lang='lat' dir='ltr'><strong>parum</strong></span> <span class='ocrx_word' id='word_1_260' title='bbox 587 2478 825 2537; x_wconf 84' lang='lat' dir='ltr'><strong>decorae</strong></span> <span class='ocrx_word' id='word_1_261' title='bbox 870 2494 988 2535; x_wconf 82' lang='lat' dir='ltr'><strong>esse</strong></span> <span class='ocrx_word' id='word_1_262' title='bbox 1012 2478 1289 2546; x_wconf 81' lang='lat' dir='ltr'><strong>videntur,</strong></span> <span class='ocrx_word' id='word_1_263' title='bbox 1313 2494 1501 2537; x_wconf 85' lang='lat' dir='ltr'><strong>veram</strong></span> <span class='ocrx_word' id='word_1_264' title='bbox 1530 2479 1860 2551; x_wconf 87' lang='lat' dir='ltr'><strong>dignitatem</strong></span> <span class='ocrx_word' id='word_1_265' title='bbox 1887 2479 2201 2550; x_wconf 88' lang='lat' dir='ltr'><strong>acquirunt.</strong></span> 
     </span>
    </p>
   </div>
   <div class='ocr_carea' id='block_1_3' title="bbox 1174 2824 1598 2893">
    <p class='ocr_par' dir='ltr' id='par_1_4' title="bbox 1174 2824 1598 2893">
     <span class='ocr_line' id='line_1_26' title="bbox 1174 2824 1598 2893; baseline -0.005 0"><span class='ocrx_word' id='word_1_266' title='bbox 1174 2824 1472 2893; x_wconf 82' lang='lat' dir='ltr'>CAPUT</span> <span class='ocrx_word' id='word_1_267' title='bbox 1520 2824 1598 2891; x_wconf 91' lang='lat'><strong>11</strong></span> 
     </span>
    </p>
   </div>
   <div class='ocr_carea' id='block_1_4' title="bbox 1124 3064 1671 3117">
    <p class='ocr_par' dir='ltr' id='par_1_5' title="bbox 1124 3064 1671 3117">
     <span class='ocr_line' id='line_1_27' title="bbox 1124 3064 1671 3117; baseline 0.004 -2"><span class='ocrx_word' id='word_1_268' title='bbox 1124 3066 1219 3115; x_wconf 87' lang='lat' dir='ltr'><strong>DE</strong></span> <span class='ocrx_word' id='word_1_269' title='bbox 1258 3064 1482 3115; x_wconf 89' lang='lat' dir='ltr'>LIBRO</span> <span class='ocrx_word' id='word_1_270' title='bbox 1520 3065 1671 3117; x_wconf 83' lang='lat'>1013.</span> 
     </span>
    </p>
   </div>
   <div class='ocr_carea' id='block_1_5' title="bbox 524 3276 2275 3371">
    <p class='ocr_par' dir='ltr' id='par_1_6' title="bbox 524 3276 2275 3371">
     <span class='ocr_line' id='line_1_28' title="bbox 524 3276 2275 3371; baseline 0.001 -23"><span class='ocrx_word' id='word_1_271' title='bbox 524 3285 559 3367; x_wconf 64' lang='grc' dir='ltr'><strong><em>ξ</em></strong></span> <span class='ocrx_word' id='word_1_272' title='bbox 590 3290 653 3348; x_wconf 88' lang='lat'><strong>3.</strong></span> <span class='ocrx_word' id='word_1_273' title='bbox 686 3320 775 3333; x_wconf 90' lang='lat'><strong>—-</strong></span> <span class='ocrx_word' id='word_1_274' title='bbox 812 3286 908 3349; x_wconf 85' lang='lat' dir='ltr'><strong>De</strong></span> <span class='ocrx_word' id='word_1_275' title='bbox 936 3281 1096 3347; x_wconf 80' lang='lat' dir='ltr'><strong>libri</strong></span> <span class='ocrx_word' id='word_1_276' title='bbox 1116 3280 1234 3349; x_wconf 86' lang='lat' dir='ltr'><strong>Iob</strong></span> <span class='ocrx_word' id='word_1_277' title='bbox 1263 3294 1700 3371; x_wconf 75' lang='lat' dir='ltr'><strong>arqumenm,</strong></span> <span class='ocrx_word' id='word_1_278' title='bbox 1729 3282 2080 3361; x_wconf 48' lang='lat' dir='ltr'><strong>divisione,</strong></span> <span class='ocrx_word' id='word_1_279' title='bbox 2107 3276 2275 3370; x_wconf 60' lang='lat' dir='ltr'><strong>fines</strong></span> 
     </span>
    </p>
   </div>
   <div class='ocr_carea' id='block_1_6' title="bbox 146 3502 2668 3970">
    <p class='ocr_par' dir='ltr' id='par_1_7' title="bbox 146 3502 2668 3970">
     <span class='ocr_line' id='line_1_29' title="bbox 214 3502 2663 3581; baseline 0.001 -20"><span class='ocrx_word' id='word_1_280' title='bbox 214 3508 264 3561; x_wconf 83' lang='lat' dir='ltr'><strong>l.</strong></span> <span class='ocrx_word' id='word_1_281' title='bbox 298 3538 373 3547; x_wconf 84' lang='lat'><strong>—-</strong></span> <span class='ocrx_word' id='word_1_282' title='bbox 402 3508 837 3581; x_wconf 72' lang='lat' dir='ltr'><strong>Arqumentum</strong></span> <span class='ocrx_word' id='word_1_283' title='bbox 869 3503 1015 3563; x_wconf 87' lang='lat' dir='ltr'><strong>libri</strong></span> <span class='ocrx_word' id='word_1_284' title='bbox 1037 3503 1144 3562; x_wconf 86' lang='lat' dir='ltr'><strong>lob</strong></span> <span class='ocrx_word' id='word_1_285' title='bbox 1176 3508 1271 3562; x_wconf 83' lang='lat' dir='ltr'><strong>est</strong></span> <span class='ocrx_word' id='word_1_286' title='bbox 1299 3502 1630 3579; x_wconf 87' lang='lat' dir='ltr'><strong>inquisitio</strong></span> <span class='ocrx_word' id='word_1_287' title='bbox 1655 3502 1719 3561; x_wconf 89' lang='lat' dir='ltr'><strong>in</strong></span> <span class='ocrx_word' id='word_1_288' title='bbox 1743 3520 1961 3563; x_wconf 86' lang='lat' dir='ltr'><strong>causas</strong></span> <span class='ocrx_word' id='word_1_289' title='bbox 1990 3520 2203 3562; x_wconf 86' lang='lat' dir='ltr'><strong>rerum</strong></span> <span class='ocrx_word' id='word_1_290' title='bbox 2225 3503 2663 3578; x_wconf 83' lang='lat' dir='ltr'><strong>adversarum,</strong></span> 
     </span>
     <span class='ocr_line' id='line_1_30' title="bbox 146 3598 2668 3677; baseline 0.002 -23"><span class='ocrx_word' id='word_1_291' title='bbox 146 3600 353 3673; x_wconf 86' lang='lat' dir='ltr'><strong>quibus</strong></span> <span class='ocrx_word' id='word_1_292' title='bbox 378 3600 669 3662; x_wconf 86' lang='lat' dir='ltr'><strong>homines</strong></span> <span class='ocrx_word' id='word_1_293' title='bbox 697 3616 923 3661; x_wconf 88' lang='lat' dir='ltr'><strong>omnes</strong></span> <span class='ocrx_word' id='word_1_294' title='bbox 943 3604 1127 3677; x_wconf 88' lang='lat' dir='ltr'><strong>atque</strong></span> <span class='ocrx_word' id='word_1_295' title='bbox 1158 3600 1430 3660; x_wconf 82' lang='lat' dir='ltr'><strong>maxime</strong></span> <span class='ocrx_word' id='word_1_296' title='bbox 1459 3598 1587 3673; x_wconf 90' lang='lat' dir='ltr'><strong>illi,</strong></span> <span class='ocrx_word' id='word_1_297' title='bbox 1616 3598 1727 3676; x_wconf 90' lang='lat' dir='ltr'><strong>qui</strong></span> <span class='ocrx_word' id='word_1_298' title='bbox 1746 3598 1894 3659; x_wconf 87' lang='lat' dir='ltr'><strong>iusti</strong></span> <span class='ocrx_word' id='word_1_299' title='bbox 1926 3603 1991 3659; x_wconf 89' lang='lat' dir='ltr'><strong>et</strong></span> <span class='ocrx_word' id='word_1_300' title='bbox 2004 3599 2370 3660; x_wconf 85' lang='lat' dir='ltr'><strong>innocentes</strong></span> <span class='ocrx_word' id='word_1_301' title='bbox 2402 3600 2668 3661; x_wconf 89' lang='lat' dir='ltr'><strong>credun-</strong></span> 
     </span>
     <span class='ocr_line' id='line_1_31' title="bbox 150 3696 2666 3775; baseline 0.001 -23"><span class='ocrx_word' id='word_1_302' title='bbox 150 3701 257 3767; x_wconf 84' lang='lat' dir='ltr'><strong>tur</strong></span> <span class='ocrx_word' id='word_1_303' title='bbox 279 3696 642 3775; x_wconf 82' lang='lat' dir='ltr'><strong>frequenter</strong></span> <span class='ocrx_word' id='word_1_304' title='bbox 671 3697 1028 3771; x_wconf 80' lang='lat' dir='ltr'><strong>subiacent3</strong></span> <span class='ocrx_word' id='word_1_305' title='bbox 1060 3696 1343 3774; x_wconf 85' lang='lat' dir='ltr'><strong>quaestio</strong></span> <span class='ocrx_word' id='word_1_306' title='bbox 1373 3700 1586 3755; x_wconf 89' lang='lat' dir='ltr'><strong>autem</strong></span> <span class='ocrx_word' id='word_1_307' title='bbox 1618 3696 1704 3755; x_wconf 88' lang='lat' dir='ltr'><strong>ita</strong></span> <span class='ocrx_word' id='word_1_308' title='bbox 1732 3698 2052 3769; x_wconf 88' lang='lat' dir='ltr'><strong>tractatur,</strong></span> <span class='ocrx_word' id='word_1_309' title='bbox 2085 3699 2156 3756; x_wconf 87' lang='lat' dir='ltr'><strong>ut</strong></span> <span class='ocrx_word' id='word_1_310' title='bbox 2178 3696 2385 3757; x_wconf 81' lang='lat' dir='ltr'><strong>variae</strong></span> <span class='ocrx_word' id='word_1_311' title='bbox 2410 3696 2666 3774; x_wconf 89' lang='lat' dir='ltr'><strong>quidem</strong></span> 
     </span>
     <span class='ocr_line' id='line_1_32' title="bbox 147 3792 2664 3891; baseline 0.001 -42"><span class='ocrx_word' id='word_1_312' title='bbox 147 3809 341 3853; x_wconf 76' lang='lat' dir='ltr'><strong>carum</strong></span> <span class='ocrx_word' id='word_1_313' title='bbox 370 3812 591 3856; x_wconf 85' lang='lat' dir='ltr'><strong>causae</strong></span> <span class='ocrx_word' id='word_1_314' title='bbox 621 3793 1005 3873; x_wconf 88' lang='lat' dir='ltr'><strong>indicentur,</strong></span> <span class='ocrx_word' id='word_1_315' title='bbox 1048 3798 1111 3854; x_wconf 88' lang='lat' dir='ltr'><strong>at</strong></span> <span class='ocrx_word' id='word_1_316' title='bbox 1146 3793 1336 3853; x_wconf 90' lang='lat' dir='ltr'><strong>simul</strong></span> <span class='ocrx_word' id='word_1_317' title='bbox 1368 3792 1614 3853; x_wconf 89' lang='lat' dir='ltr'><strong>homini</strong></span> <span class='ocrx_word' id='word_1_318' title='bbox 1651 3793 1749 3855; x_wconf 89' lang='lat' dir='ltr'><strong>ius</strong></span> <span class='ocrx_word' id='word_1_319' title='bbox 1788 3792 2170 3870; x_wconf 83' lang='lat' dir='ltr'><strong>facultasque</strong></span> <span class='ocrx_word' id='word_1_320' title='bbox 2208 3797 2474 3891; x_wconf 86' lang='lat' dir='ltr'><strong>negetur</strong></span> <span class='ocrx_word' id='word_1_321' title='bbox 2503 3793 2664 3853; x_wconf 88' lang='lat' dir='ltr'><strong>iudi-</strong></span> 
     </span>
     <span class='ocr_line' id='line_1_33' title="bbox 146 3888 2166 3970; baseline 0.001 -25"><span class='ocrx_word' id='word_1_322' title='bbox 146 3890 313 3949; x_wconf 86' lang='lat' dir='ltr'><strong>candi</strong></span> <span class='ocrx_word' id='word_1_323' title='bbox 329 3908 679 3970; x_wconf 79' lang='lat' dir='ltr'><strong>‚quaenam</strong></span> <span class='ocrx_word' id='word_1_324' title='bbox 700 3909 778 3951; x_wconf 84' lang='lat' dir='ltr'><strong>ex</strong></span> <span class='ocrx_word' id='word_1_325' title='bbox 806 3890 930 3951; x_wconf 90' lang='lat' dir='ltr'><strong>illis</strong></span> <span class='ocrx_word' id='word_1_326' title='bbox 962 3895 1133 3951; x_wconf 88' lang='lat' dir='ltr'><strong>certa</strong></span> <span class='ocrx_word' id='word_1_327' title='bbox 1157 3890 1224 3949; x_wconf 86' lang='lat' dir='ltr'><strong>in</strong></span> <span class='ocrx_word' id='word_1_328' title='bbox 1251 3890 1614 3950; x_wconf 89' lang='lat' dir='ltr'><strong>conditione</strong></span> <span class='ocrx_word' id='word_1_329' title='bbox 1647 3890 1730 3949; x_wconf 87' lang='lat' dir='ltr'><strong>sit</strong></span> <span class='ocrx_word' id='word_1_330' title='bbox 1755 3888 2166 3950; x_wconf 89' lang='lat' dir='ltr'><strong>admittenda.</strong></span> 
     </span>
    </p>
   </div>
   <div class='ocr_carea' id='block_1_7' title="bbox 144 3999 2666 4695">
    <p class='ocr_par' dir='ltr' id='par_1_8' title="bbox 144 3999 2666 4695">
     <span class='ocr_line' id='line_1_34' title="bbox 204 3999 2666 4075; baseline -0.002 -15"><span class='ocrx_word' id='word_1_331' title='bbox 204 4002 364 4060; x_wconf 87' lang='lat' dir='ltr'><strong>Liber</strong></span> <span class='ocrx_word' id='word_1_332' title='bbox 394 4006 521 4075; x_wconf 89' lang='lat' dir='ltr'><strong>Iob,</strong></span> <span class='ocrx_word' id='word_1_333' title='bbox 560 4005 649 4060; x_wconf 86' lang='lat' dir='ltr'><strong>cui</strong></span> <span class='ocrx_word' id='word_1_334' title='bbox 692 4005 841 4059; x_wconf 87' lang='lat' dir='ltr'><strong>inter</strong></span> <span class='ocrx_word' id='word_1_335' title='bbox 878 4003 1179 4060; x_wconf 88' lang='lat' dir='ltr'><strong>didacticos</strong></span> <span class='ocrx_word' id='word_1_336' title='bbox 1212 4004 1566 4074; x_wconf 88' lang='lat' dir='ltr'><strong>poeticosque</strong></span> <span class='ocrx_word' id='word_1_337' title='bbox 1603 4000 1774 4058; x_wconf 87' lang='lat' dir='ltr'><strong>libros</strong></span> <span class='ocrx_word' id='word_1_338' title='bbox 1815 4018 1996 4059; x_wconf 90' lang='lat' dir='ltr'><strong>canon</strong></span> <span class='ocrx_word' id='word_1_339' title='bbox 2036 3999 2388 4057; x_wconf 86' lang='lat' dir='ltr'><strong>Tridentinus</strong></span> <span class='ocrx_word' id='word_1_340' title='bbox 2424 4000 2666 4072; x_wconf 89' lang='lat' dir='ltr'><strong>primum</strong></span> 
     </span>
     <span class='ocr_line' id='line_1_35' title="bbox 148 4088 2666 4162; baseline -0.001 -17"><span class='ocrx_word' id='word_1_341' title='bbox 148 4090 309 4149; x_wconf 84' lang='lat' dir='ltr'><strong>locum</strong></span> <span class='ocrx_word' id='word_1_342' title='bbox 336 4092 615 4161; x_wconf 86' lang='lat' dir='ltr'><strong>attribuit,</strong></span> <span class='ocrx_word' id='word_1_343' title='bbox 648 4108 853 4148; x_wconf 85' lang='lat' dir='ltr'><strong>nomen</strong></span> <span class='ocrx_word' id='word_1_344' title='bbox 880 4092 1107 4147; x_wconf 86' lang='lat' dir='ltr'><strong>sortitus</strong></span> <span class='ocrx_word' id='word_1_345' title='bbox 1138 4099 1221 4147; x_wconf 91' lang='lat' dir='ltr'><strong>est</strong></span> <span class='ocrx_word' id='word_1_346' title='bbox 1248 4107 1278 4147; x_wconf 91' lang='lat' dir='ltr'><strong>a</strong></span> <span class='ocrx_word' id='word_1_347' title='bbox 1310 4092 1455 4158; x_wconf 79' lang='lat' dir='ltr'><strong>viro,</strong></span> <span class='ocrx_word' id='word_1_348' title='bbox 1485 4092 1580 4162; x_wconf 88' lang='lat' dir='ltr'><strong>qui</strong></span> <span class='ocrx_word' id='word_1_349' title='bbox 1607 4090 1666 4145; x_wconf 90' lang='lat' dir='ltr'><strong>in</strong></span> <span class='ocrx_word' id='word_1_350' title='bbox 1703 4091 1798 4145; x_wconf 89' lang='lat' dir='ltr'><strong>illo</strong></span> <span class='ocrx_word' id='word_1_351' title='bbox 1837 4090 2044 4161; x_wconf 89' lang='lat' dir='ltr'><strong>primas</strong></span> <span class='ocrx_word' id='word_1_352' title='bbox 2073 4098 2258 4161; x_wconf 89' lang='lat' dir='ltr'><strong>partes</strong></span> <span class='ocrx_word' id='word_1_353' title='bbox 2285 4088 2418 4161; x_wconf 83' lang='lat' dir='ltr'><strong>agit.</strong></span> <span class='ocrx_word' id='word_1_354' title='bbox 2448 4089 2666 4143; x_wconf 86' lang='lat' dir='ltr'><strong>Etenim</strong></span> 
     </span>
     <span class='ocr_line' id='line_1_36' title="bbox 150 4176 2666 4251; baseline 0 -20"><span class='ocrx_word' id='word_1_355' title='bbox 150 4178 253 4245; x_wconf 89' lang='lat' dir='ltr'><strong>lob,</strong></span> <span class='ocrx_word' id='word_1_356' title='bbox 282 4182 367 4237; x_wconf 70' lang='lat' dir='ltr'><strong>vir</strong></span> <span class='ocrx_word' id='word_1_357' title='bbox 386 4181 675 4248; x_wconf 77' lang='lat' dir='ltr'><strong>niissimuS,</strong></span> <span class='ocrx_word' id='word_1_358' title='bbox 706 4182 827 4236; x_wconf 90' lang='lat' dir='ltr'><strong>Deo</strong></span> <span class='ocrx_word' id='word_1_359' title='bbox 855 4180 935 4237; x_wconf 87' lang='lat' dir='ltr'><strong>sic</strong></span> <span class='ocrx_word' id='word_1_360' title='bbox 966 4180 1316 4251; x_wconf 89' lang='lat' dir='ltr'><strong>permittente</strong></span> <span class='ocrx_word' id='word_1_361' title='bbox 1345 4188 1406 4233; x_wconf 88' lang='lat' dir='ltr'><strong>ut</strong></span> <span class='ocrx_word' id='word_1_362' title='bbox 1434 4179 1582 4234; x_wconf 88' lang='lat' dir='ltr'><strong>servi</strong></span> <span class='ocrx_word' id='word_1_363' title='bbox 1605 4178 1690 4233; x_wconf 86' lang='lat' dir='ltr'><strong>sui</strong></span> <span class='ocrx_word' id='word_1_364' title='bbox 1720 4179 1980 4234; x_wconf 85' lang='lat' dir='ltr'><strong>virtutem</strong></span> <span class='ocrx_word' id='word_1_365' title='bbox 2009 4176 2297 4247; x_wconf 88' lang='lat' dir='ltr'><strong>probaret,</strong></span> <span class='ocrx_word' id='word_1_366' title='bbox 2332 4176 2666 4248; x_wconf 80' lang='lat' dir='ltr'><strong>gravissimis</strong></span> 
     </span>
     <span class='ocr_line' id='line_1_37' title="bbox 146 4264 2662 4340; baseline -0.001 -19"><span class='ocrx_word' id='word_1_367' title='bbox 146 4266 527 4326; x_wconf 69' lang='lat' dir='ltr'><strong>calamitatibus</strong></span> <span class='ocrx_word' id='word_1_368' title='bbox 564 4284 663 4340; x_wconf 87' lang='lat' dir='ltr'><strong>per</strong></span> <span class='ocrx_word' id='word_1_369' title='bbox 691 4268 1023 4325; x_wconf 91' lang='lat' dir='ltr'><strong>daemonem</strong></span> <span class='ocrx_word' id='word_1_370' title='bbox 1061 4268 1211 4338; x_wconf 66' lang='lat' dir='ltr'><strong>arni„</strong></span> <span class='ocrx_word' id='word_1_371' title='bbox 1181 4269 1343 4322; x_wconf 67' lang='lat' dir='ltr'><strong>nitur.</strong></span> <span class='ocrx_word' id='word_1_372' title='bbox 1379 4266 1650 4323; x_wconf 86' lang='lat' dir='ltr'><strong>Omnibus</strong></span> <span class='ocrx_word' id='word_1_373' title='bbox 1688 4266 1915 4322; x_wconf 88' lang='lat' dir='ltr'><strong>orbatus</strong></span> <span class='ocrx_word' id='word_1_374' title='bbox 1947 4273 2006 4320; x_wconf 88' lang='lat' dir='ltr'><strong>et</strong></span> <span class='ocrx_word' id='word_1_375' title='bbox 2040 4280 2072 4320; x_wconf 90' lang='lat' dir='ltr'><strong>a</strong></span> <span class='ocrx_word' id='word_1_376' title='bbox 2100 4264 2363 4337; x_wconf 80' lang='lat' dir='ltr'><strong>proximis</strong></span> <span class='ocrx_word' id='word_1_377' title='bbox 2386 4264 2516 4335; x_wconf 87' lang='lat' dir='ltr'><strong>ipsis</strong></span> <span class='ocrx_word' id='word_1_378' title='bbox 2537 4273 2662 4321; x_wconf 91' lang='lat' dir='ltr'><strong>ten-</strong></span> 
     </span>
     <span class='ocr_line' id='line_1_38' title="bbox 146 4351 2659 4428; baseline -0.002 -17"><span class='ocrx_word' id='word_1_379' title='bbox 146 4364 277 4414; x_wconf 84' lang='lat' dir='ltr'><strong>tatus</strong></span> <span class='ocrx_word' id='word_1_380' title='bbox 300 4374 425 4415; x_wconf 83' lang='lat' dir='ltr'><strong>eum</strong></span> <span class='ocrx_word' id='word_1_381' title='bbox 452 4357 630 4414; x_wconf 85' lang='lat' dir='ltr'><strong>tribus</strong></span> <span class='ocrx_word' id='word_1_382' title='bbox 658 4356 863 4427; x_wconf 80' lang='lat' dir='ltr'><strong>amicis,</strong></span> <span class='ocrx_word' id='word_1_383' title='bbox 898 4356 992 4428; x_wconf 89' lang='lat' dir='ltr'><strong>qui</strong></span> <span class='ocrx_word' id='word_1_384' title='bbox 1020 4354 1345 4412; x_wconf 87' lang='lat' dir='ltr'><strong>consolandi</strong></span> <span class='ocrx_word' id='word_1_385' title='bbox 1370 4371 1536 4411; x_wconf 90' lang='lat' dir='ltr'><strong>causa</strong></span> <span class='ocrx_word' id='word_1_386' title='bbox 1569 4353 1641 4410; x_wconf 88' lang='lat' dir='ltr'><strong>ad</strong></span> <span class='ocrx_word' id='word_1_387' title='bbox 1677 4370 1804 4409; x_wconf 90' lang='lat' dir='ltr'><strong>eum</strong></span> <span class='ocrx_word' id='word_1_388' title='bbox 1833 4360 2114 4422; x_wconf 89' lang='lat' dir='ltr'><strong>venerant,</strong></span> <span class='ocrx_word' id='word_1_389' title='bbox 2142 4351 2394 4423; x_wconf 83' lang='lat' dir='ltr'><strong>Eliphaz,</strong></span> <span class='ocrx_word' id='word_1_390' title='bbox 2429 4351 2659 4419; x_wconf 89' lang='lat' dir='ltr'><strong>Baldad,</strong></span> 
     </span>
     <span class='ocr_line' id='line_1_39' title="bbox 144 4440 2665 4517; baseline -0.003 -14"><span class='ocrx_word' id='word_1_391' title='bbox 144 4446 365 4517; x_wconf 84' lang='lat' dir='ltr'><strong>Sophar,</strong></span> <span class='ocrx_word' id='word_1_392' title='bbox 399 4444 468 4503; x_wconf 83' lang='lat' dir='ltr'><strong>de</strong></span> <span class='ocrx_word' id='word_1_393' title='bbox 516 4446 717 4503; x_wconf 89' lang='lat' dir='ltr'><strong>harum</strong></span> <span class='ocrx_word' id='word_1_394' title='bbox 758 4444 1139 4501; x_wconf 87' lang='lat' dir='ltr'><strong>calamitatum</strong></span> <span class='ocrx_word' id='word_1_395' title='bbox 1166 4442 1345 4499; x_wconf 82' lang='lat' dir='ltr'><strong>causis</strong></span> <span class='ocrx_word' id='word_1_396' title='bbox 1388 4442 1699 4515; x_wconf 83' lang='lat' dir='ltr'><strong>disceptare</strong></span> <span class='ocrx_word' id='word_1_397' title='bbox 1734 4442 1980 4514; x_wconf 77' lang='lat' dir='ltr'><strong>cogitur·</strong></span> <span class='ocrx_word' id='word_1_398' title='bbox 2028 4454 2352 4511; x_wconf 87' lang='lat' dir='ltr'><strong>persuasum</strong></span> <span class='ocrx_word' id='word_1_399' title='bbox 2391 4440 2540 4496; x_wconf 90' lang='lat' dir='ltr'><strong>enim</strong></span> <span class='ocrx_word' id='word_1_400' title='bbox 2580 4449 2665 4496; x_wconf 90' lang='lat' dir='ltr'><strong>est</strong></span> 
     </span>
     <span class='ocr_line' id='line_1_40' title="bbox 144 4528 2662 4611; baseline -0.002 -20"><span class='ocrx_word' id='word_1_401' title='bbox 144 4536 347 4601; x_wconf 77' lang='lat' dir='ltr'><strong>amieis,</strong></span> <span class='ocrx_word' id='word_1_402' title='bbox 385 4552 493 4593; x_wconf 84' lang='lat' dir='ltr'><strong>non</strong></span> <span class='ocrx_word' id='word_1_403' title='bbox 532 4535 635 4591; x_wconf 85' lang='lat' dir='ltr'><strong>nisi</strong></span> <span class='ocrx_word' id='word_1_404' title='bbox 670 4542 895 4607; x_wconf 87' lang='lat' dir='ltr'><strong>propter</strong></span> <span class='ocrx_word' id='word_1_405' title='bbox 926 4541 1151 4605; x_wconf 84' lang='lat' dir='ltr'><strong>peccata</strong></span> <span class='ocrx_word' id='word_1_406' title='bbox 1178 4532 1525 4589; x_wconf 85' lang='lat' dir='ltr'><strong>calamitates</strong></span> <span class='ocrx_word' id='word_1_407' title='bbox 1554 4546 1584 4611; x_wconf 81' lang='lat' dir='ltr'><strong>a</strong></span> <span class='ocrx_word' id='word_1_408' title='bbox 1614 4533 1736 4587; x_wconf 88' lang='lat' dir='ltr'><strong>Deo</strong></span> <span class='ocrx_word' id='word_1_409' title='bbox 1765 4528 2088 4586; x_wconf 86' lang='lat' dir='ltr'><strong>hominibus</strong></span> <span class='ocrx_word' id='word_1_410' title='bbox 2115 4528 2369 4597; x_wconf 85' lang='lat' dir='ltr'><strong>immitti,</strong></span> <span class='ocrx_word' id='word_1_411' title='bbox 2400 4528 2500 4584; x_wconf 88' lang='lat' dir='ltr'><strong>Iob</strong></span> <span class='ocrx_word' id='word_1_412' title='bbox 2531 4544 2662 4585; x_wconf 85' lang='lat' dir='ltr'><strong>vero</strong></span> 
     </span>
     <span class='ocr_line' id='line_1_41' title="bbox 144 4616 2661 4695; baseline -0.004 -15"><span class='ocrx_word' id='word_1_413' title='bbox 144 4626 485 4681; x_wconf 62' lang='lat' dir='ltr'><strong>commentitie</strong></span> <span class='ocrx_word' id='word_1_414' title='bbox 508 4624 822 4681; x_wconf 86' lang='lat' dir='ltr'><strong>testimonio</strong></span> <span class='ocrx_word' id='word_1_415' title='bbox 846 4636 1071 4678; x_wconf 79' lang='lat' dir='ltr'><strong>securus</strong></span> <span class='ocrx_word' id='word_1_416' title='bbox 1099 4620 1351 4695; x_wconf 81' lang='lat' dir='ltr'><strong>graviora</strong></span> <span class='ocrx_word' id='word_1_417' title='bbox 1378 4636 1497 4676; x_wconf 89' lang='lat' dir='ltr'><strong>esse</strong></span> <span class='ocrx_word' id='word_1_418' title='bbox 1524 4619 1701 4685; x_wconf 88' lang='lat' dir='ltr'><strong>mala,</strong></span> <span class='ocrx_word' id='word_1_419' title='bbox 1729 4633 1870 4690; x_wconf 88' lang='lat' dir='ltr'><strong>quae</strong></span> <span class='ocrx_word' id='word_1_420' title='bbox 1899 4618 2126 4690; x_wconf 88' lang='lat' dir='ltr'><strong>patitur,</strong></span> <span class='ocrx_word' id='word_1_421' title='bbox 2150 4616 2462 4681; x_wconf 86' lang='lat' dir='ltr'><strong>contendit,</strong></span> <span class='ocrx_word' id='word_1_422' title='bbox 2494 4631 2661 4687; x_wconf 88' lang='lat' dir='ltr'><strong>quam</strong></span> 
     </span>
    </p>
   </div>
  </div>
 </body>
</html>
