3050 5184
827 332 910 379 nr:
949 332 1365 378 rann-rnucm
1408 332 1850 377 auc-romum.
2554 318 2667 377 217

163 464 475 521 chaldaicam
505 464 666 521 fateri
699 474 946 538 cogetur.
983 496 1051 509 --
1083 467 1300 537 Urgere
1328 464 1619 533 nolumuS,
1653 464 1802 535 quod
1828 464 2195 535 longaevitate
2225 464 2669 535 patriarcharum

159 551 454 607 traditiones
477 552 690 608 facilius
713 561 1066 609 conservatae
1091 552 1226 621 sint,
1253 567 1386 607 nam
1407 553 1619 607 incerta
1644 560 1728 607 est
1752 552 2152 623 primitivorum
2169 560 2482 623 temporum
2502 551 2669 606 chro-

157 638 378 711 nologia,
413 656 586 711 quum
617 640 750 695 solis
787 640 1119 713 genealogiis
1145 640 1378 706 nitatur,
1413 640 1472 695 in
1500 638 1701 710 quibus
1735 639 1999 695 nonnulla
2034 638 2282 694 membra
2312 639 2473 694 facile
2502 639 2669 695 omit-

157 734 330 781 tuntur
375 736 430 782 et
467 743 708 799 quarum
744 727 964 783 numeri
998 728 1057 782 in
1093 726 1350 783 omnibus
1382 726 1623 783 textibus
1663 726 1945 782 differunt.
1986 728 2111 782 Iure
2146 735 2333 782 autem
2370 725 2667 792 addemm,

163 813 396 871 omnibus
433 813 732 871 fatentibus
767 823 943 871 artem
979 813 1258 871 scribendi
1293 814 1506 871 dudum
1544 823 1671 869 ante
1708 816 1937 885 Moysen
1960 814 2243 870 inventam
2280 824 2336 870 et
2368 815 2477 870 late
2507 812 2670 869 fuisse

158 910 512 975 propagatam.
546 903 732 973 Quare
765 918 908 973 opus
931 918 1045 958 non
1073 910 1185 971 est,
1219 910 1284 957 ut
1315 919 1382 958 ex
1414 901 1533 958 sola
1562 902 1699 957 orali
1726 900 2025 957 traditione
2056 910 2151 956 aut
2183 917 2251 957 ex
2283 917 2426 956 nova
2454 901 2669 957 revela-

154 988 280 1045 tione
305 1005 494 1046 rerum
534 990 916 1064 antiquarum,
949 1005 1088 1063 quas
1113 996 1332 1059 narrat,
1371 990 1659 1046 scientiam
1687 992 1916 1062 Moysen
1950 988 2195 1045 hausisse
2224 988 2501 1057 dieamus3
2531 986 2671 1043 nihil

152 1074 276 1131 enim
301 1076 500 1145 obstat,
535 1078 828 1149 quominus
857 1092 985 1133 eum
1009 1078 1071 1133 in
1088 1076 1378 1134 scribenda
1400 1077 1605 1134 Genesi
1629 1077 1845 1147 scriptis
1870 1074 2114 1131 fontibus
2136 1091 2301 1131 usum
2326 1090 2444 1131 esse
2470 1090 2668 1130 conce-

153 1161 340 1220 damus.
377 1166 458 1220 Ex
491 1166 600 1221 illis
627 1165 794 1238 igitur
821 1182 932 1221 non
959 1173 1177 1221 tantum
1207 1165 1557 1237 genealogias
1576 1165 1881 1236 longioreS,
1908 1162 2003 1221 sed
2034 1164 2201 1219 etiam
2229 1164 2525 1217 nonnullas
2546 1177 2667 1217 nar-

153 1250 362 1307 rationes
393 1252 754 1324 probabiliter
786 1252 1070 1309 desumsit.
1106 1254 1361 1309 Narratio
1405 1255 1548 1309 Gen.
1584 1258 1672 1307 23.
1704 1259 1901 1307 testem
1939 1251 2219 1307 ocularem
2258 1249 2470 1321 prodit,
2502 1257 2669 1319 atque

153 1336 390 1395 eimmodi
407 1340 554 1396 aliae
571 1342 794 1413 quoque
817 1348 946 1396 sunt
961 1341 1250 1413 pericopae
1277 1342 1336 1395 in
1369 1339 1810 1411 patriarcharum
1834 1338 2083 1394 historia.

213 1464 265 1522 3.
297 1498 374 1508 —
403 1465 690 1525 Alterum
718 1468 1158 1543 argumentum
1195 1464 1529 1524 historicae
1560 1462 1847 1523 veritatis
1884 1464 2195 1523 Geneseos
2235 1462 2493 1539 praebet
2528 1460 2665 1519 vio-

157 1558 378 1621 lentum
408 1560 570 1622 illud
599 1561 842 1621 bellum
859 1608 874 1635 ,
902 1560 1071 1639 quod
1099 1578 1138 1621 a
1159 1560 1405 1621 duobus
1429 1560 1693 1621 saeculis
1716 1564 1935 1619 contra
1964 1576 2103 1620 eam
2130 1560 2388 1637 geritur.
2426 1558 2505 1618 Ut
2530 1558 2666 1617 eius

155 1658 582 1717 auctoritatem
628 1657 1080 1728 convellerent,
1115 1657 1418 1717 increduli
1458 1674 1679 1717 omnes
1719 1674 1793 1717 ex
1835 1656 2131 1716 omnibus
2173 1654 2452 1715 scientiis
2494 1670 2667 1713 arma

153 1754 668 1830 conquisiverunt,
697 1757 761 1813 at
790 1754 952 1813 irriti
982 1753 1239 1814 fuerunt
1257 1770 1481 1813 eorum
1503 1757 1783 1839 conatu&
1808 1770 2017 1831 neque
2043 1751 2229 1813 ullius
2260 1750 2489 1811 erroris
2511 1749 2663 1811 huc-

153 1863 328 1925 usque
373 1866 516 1909 eam
575 1866 911 1929 coarguere
960 1853 1328 1927 potuerunt;
1373 1850 1523 1927 quin
1569 1850 1759 1909 etiam
1801 1865 1925 1927 quo
1970 1848 2317 1909 accuratius
2366 1846 2665 1923 antiquae

155 1946 516 2022 populorum
542 1946 837 2007 historiae
869 1950 1354 2024 cognoscuntur,
1388 1963 1512 2023 quo
1543 1946 1727 2024 plura
1764 1945 2083 2022 primitiva
2124 1947 2533 2005 monumenta
2565 1943 2663 2003 in-

153 2046 492 2113 notescunt,
523 2060 648 2121 quo
691 2042 1056 2120 diligentius
1099 2043 1398 2103 scientiae
1441 2058 1661 2105 omnes
1705 2043 2097 2115 excoluntur,
2132 2058 2207 2101 eo
2240 2040 2439 2117 magis
2474 2039 2666 2099 histo-

153 2136 258 2195 τίω
292 2138 606 2199 Geneseos
642 2138 978 2199 auctoritas
1015 2140 1440 2199 confirmatur.

203 2233 396 2289 Contra
420 2234 658 2290 aliarum
692 2232 937 2307 gentium
958 2234 1342 2307 cosmogonias
1367 2248 1535 2289 nemo
1562 2232 1837 2304 disputat,
1872 2234 2000 2305 quia
2036 2232 2313 2289 fabulosas
2344 2247 2438 2287 eas
2464 2246 2583 2287 esse
2611 2239 2666 2285 et

151 2317 384 2377 ridiculas
421 2321 604 2392 primo
645 2328 868 2395 aspectu
905 2329 1138 2393 apparet
1149 2344 1182 2390 ·,-
1208 2329 1402 2377 contra
1439 2320 1741 2377 mosaicam
1776 2320 2189 2391 cosmogoniam
2234 2335 2403 2391 quam
2441 2318 2665 2392 plurimi

153 2420 312 2463 rerum
337 2409 678 2465 naturalium
705 2408 1020 2481 peritissimi
1045 2408 1462 2465 insurrexerunt
1477 2450 1492 2477 ,
1523 2416 1582 2465 at
1611 2417 1833 2465 tantum
1859 2407 2043 2475 abest,
2084 2416 2147 2462 ut
2184 2407 2381 2463 falsam
2414 2416 2471 2463 et
2506 2422 2662 2463 erro-

151 2508 286 2551 neam
313 2512 436 2552 eam
463 2512 584 2553 esse
613 2495 814 2569 aliquis
839 2496 1322 2565 demonstraverit,
1350 2504 1412 2551 ut
1439 2510 1565 2555 eam
1604 2504 1885 2552 crescente
1922 2504 1979 2551 et
2012 2495 2403 2567 progrediente
2438 2494 2663 2553 scientia

152 2584 442 2641 confirmari
470 2585 656 2657 potius
697 2600 866 2657 quam
903 2584 1172 2641 infirmari
1215 2601 1328 2641 non
1354 2585 1513 2656 pauci
1554 2583 1719 2640 hodie
1756 2592 2037 2641 censeant.
2073 2583 2337 2639 Omnium
2375 2582 2661 2639 hominum

151 2667 206 2723 ab
239 2670 414 2728 Adam
451 2680 512 2729 et
555 2674 669 2728 Eva
706 2672 976 2743 originem
1013 2680 1143 2729 ante
1181 2671 1334 2729 haud
1375 2672 1585 2728 multos
1630 2688 1808 2729 annos
1864 2687 1981 2728 non
2025 2673 2187 2743 pauci
2233 2671 2334 2726 viri
2375 2669 2522 2726 docti
2566 2669 2663 2725 de-

149 2756 404 2814 clararunt
435 2759 858 2831 impossibilem,
893 2758 1060 2816 hodie
1105 2776 1176 2815 ne
1221 2775 1366 2815 unus
1411 2758 1668 2831 quidem,
1708 2759 1805 2831 qui
1844 2758 2009 2815 rebus
2049 2758 2393 2813 naturalibus
2439 2772 2661 2828 operam

151 2842 412 2916 impendit,
441 2847 773 2915 invenietur,
815 2847 912 2919 qui
953 2862 1074 2903 eam
1115 2847 1461 2919 possibilem
1503 2862 1623 2903 esse
1649 2862 1853 2919 negare
1888 2844 2110 2903 audeat.
2142 2846 2383 2901 Mosaica
2420 2844 2661 2900 chrono-

149 2932 270 3005 logia
315 2935 538 2991 saeculo
589 2933 952 3006 praecedente
1001 2935 1244 3006 antiquis
1285 2934 1557 2991 Indorum
1608 2935 2030 3007 Sinensiumque
2085 2932 2327 2990 historiis
2368 2934 2661 3005 impugna-

147 3018 309 3089 batur,
371 3032 538 3095 atque
595 3022 700 3077 hoc
753 3031 944 3079 nostro
996 3029 1244 3093 tempore
1306 3030 1500 3079 contra
1557 3022 1795 3079 eandem
1843 3038 1911 3078 ex
1960 3022 2339 3079 instrumentis
2400 3020 2657 3092 lapideis,

149 3120 268 3175 quae
303 3111 360 3165 in
398 3111 654 3166 straturis
691 3118 872 3166 terrae
911 3109 1201 3181 profundis
1237 3118 1336 3165 aut
1369 3109 1426 3165 in
1461 3110 1709 3165 cavernis
1742 3126 1855 3167 una
1892 3125 2021 3166 cum
2056 3108 2272 3165 ossibus
2306 3109 2657 3175 animalium,

149 3210 266 3263 quae
307 3197 471 3254 hodie
529 3197 920 3269 disparuerunt
939 3240 952 3267 ,
1005 3199 1138 3255 satis
1181 3198 1360 3253 multa
1409 3198 1790 3277 reperiuntur,
1846 3213 2000 3254 arma
2042 3197 2424 3255 desumuntur.
2478 3200 2551 3253 At
2591 3195 2661 3252 de

153 3282 394 3341 ludorum
443 3286 866 3357 Sinensiumque
904 3284 1106 3343 sabulis
1143 3301 1336 3342 omnes
1363 3284 1529 3343 hodie
1555 3284 1769 3355 rident,
1798 3301 1978 3359 neque
2018 3302 2089 3343 ex
2133 3286 2369 3343 aliarum
2412 3284 2659 3357 gentium

147 3367 344 3429 historia
384 3372 689 3446 quidquam
726 3374 875 3430 certi
921 3373 1206 3445 hucusque
1248 3388 1365 3429 esse
1401 3373 1657 3444 allatum,
1708 3373 1859 3445 quod
1904 3390 2033 3430 cum
2076 3374 2317 3430 mosaica
2360 3372 2659 3429 chronolo-

147 3458 220 3525 gia
267 3468 412 3516 recte
477 3460 748 3531 explicata
801 3470 1036 3533 pugnet,
1093 3460 1480 3531 prudentiores
1536 3468 1591 3515 et
1644 3461 1969 3517 sinceriores
2027 3460 2329 3518 adversarii
2394 3460 2655 3517 fatentur.

145 3544 276 3610 Quae
299 3563 471 3618 pauca
503 3548 610 3604 hoc
637 3549 762 3605 loco
789 3549 995 3604 inuisse
1023 3548 1244 3617 sufficit,
1275 3557 1340 3603 ut
1366 3548 1566 3604 clarius
1587 3557 1797 3619 pateat,
1826 3550 2043 3605 irritum
2065 3564 2380 3619 vanumque
2399 3547 2657 3605 incredu-

147 3630 304 3689 lorum
329 3634 536 3691 bellum
561 3644 712 3691 recte
740 3651 840 3708 pro
864 3644 1192 3708 argumento
1219 3636 1567 3693 auctoritatis
1592 3634 1885 3691 historicae
1911 3636 2193 3693 Geneseos
2220 3636 2425 3715 afferri.

209 3761 262 3815 4.
281 3792 356 3802 —
379 3762 466 3820 De
497 3774 706 3819 mvnu
735 3761 1166 3819 Pammenem
1195 3775 1611 3820 Auca-omnm
1628 3806 1641 3832 ,
1668 3776 1791 3837 qua
1818 3760 2031 3819 omnia
2057 3760 2165 3819 illa
2188 3777 2467 3837 quoque,
2498 3776 2655 3836 quae

147 3856 380 3917 naturali
421 3856 615 3916 modo
663 3856 903 3933 Moyses
942 3872 1320 3933 cognoscere
1363 3873 1488 3916 non
1527 3856 1767 3933 potuit,
1803 3861 1975 3915 extra
2013 3856 2273 3917 dubium
2312 3860 2651 3933 ponuntur,

147 3950 462 4027 quidquam
489 3952 726 4012 addere
755 3950 1140 4030 superfluum
1167 3955 1292 4025 est;
1325 3952 1638 4031 siquidem
1670 3952 2091 4013 invictissima
2117 3952 2363 4011 divinae
2395 3950 2655 4028 inspira-

147 4044 310 4105 tionis
327 4052 700 4127 argumenta
729 4048 794 4107 in
823 4047 1021 4126 ipsius
1052 4047 1300 4107 Domini
1321 4050 1393 4108 N.
1423 4052 1486 4109 et
1513 4048 1959 4126 Apostolorum
1989 4048 2239 4107 disertis
2270 4046 2653 4106 testimoniis

149 4143 398 4213 possidet
421 4146 544 4223 (cfr
571 4146 603 4221 ἓ
639 4144 787 4225 3,2),
815 4149 1002 4222 atque
1033 4144 1097 4204 in
1126 4144 1426 4205 continua
1455 4144 1748 4221 antiquae
1784 4144 2144 4233 Synagogae
2181 4148 2242 4204 et
2282 4143 2651 4204 christianae

149 4236 432 4301 Ecclesiae
457 4241 606 4303 fide.

217 4388 248 4469 ξ
276 4390 340 4455 8.
365 4426 454 4440 -
477 4392 574 4455 De
597 4388 988 4479 praecipuis
1016 4389 1512 4455 commentariis
1544 4378 1888 4455 catholicis
1916 4388 1991 4454 in
2016 4388 2572 4455 Pentatezcclmm.

201 4543 240 4596 Ι.
274 4546 502 4603 Parus
531 4560 930 4604 cumanus.
960 4575 1034 4587 -
1061 4547 1338 4618 Oriyenz‘s
1376 4546 1707 4617 Fragmenta
1740 4545 1800 4601 in
1828 4560 2023 4603 omnes
2058 4544 2256 4613 libros3
2298 4544 2559 4601 homiliae
2594 4545 2651 4600 in

144 4638 354 4697 quatuor
378 4635 734 4705 posteriores3
769 4665 841 4675 —
869 4634 1114 4691 Eusebia·
1155 4636 1324 4691 Caes.
1365 4632 1721 4703 Praeparatio
1754 4648 1949 4705 evang.
1982 4634 2109 4689 vn.
2150 4635 2234 4688 De
2270 4632 2653 4689 Hebraeorum

621 4906 642 4938 Ο
