3050 5184
452 248 532 309 98
612 266 769 309 ms'r.
810 264 1163 312 VERSIONUH
1194 267 1251 309 11.
1286 268 1343 310 T.
1372 284 1451 293 -
1480 267 1610 310 CAP.
1647 268 1743 310 111.
1787 267 1862 309 DE
1903 266 2146 311 GRAECIS
2184 264 2322 309 VET.
2369 262 2536 307 Tsssr.
2577 261 2947 306 VERSIOMBUS.

1497 539 1606 591 VI.
1643 539 1968 604 syriacae.

530 736 625 793 12.
656 768 733 779 -
760 737 1035 813 Antiqua
1063 753 1177 797 sua
1203 738 1487 796 versione
1515 736 1758 797 Veteris
1781 736 1946 795 Test.
1977 752 2054 795 ex
2076 738 2248 794 textu
2276 732 2654 812 primigenio
2683 730 2960 790 adornata

452 828 635 907 (infra
661 833 692 907 ξ
722 832 821 909 14)
861 850 989 892 non
1023 834 1301 893 contenti
1338 830 1474 910 Syri
1513 849 1700 893 novas
1739 832 2040 909 quasdam
2082 848 2158 891 ex
2198 834 2369 890 textu
2411 828 2817 889 alexandrino
2855 824 2960 885 sibi

450 932 908 1004 compararunt.
940 929 1111 989 Inter
1141 947 1294 1007 quas
1324 929 1562 989 eminet
1589 929 1730 1003 illa,
1759 945 1916 1006 quae
1947 928 2201 989 ineunte
2239 943 2402 987 saec.
2435 929 2494 984 7.
2521 928 2656 985 tam
2685 924 2960 985 fideliter,

452 1024 647 1083 immo
676 1023 1002 1097 serviliter,
1032 1043 1109 1085 ex
1132 1025 1411 1086 editione
1441 1026 1762 1104 hexaplari
1799 1028 1895 1085 est
1925 1024 2204 1095 reddita,
2235 1027 2309 1084 ut
2329 1023 2387 1083 ei
2415 1021 2846 1083 restituendae
2869 1036 2964 1095 op-

448 1119 603 1178 time
634 1120 930 1181 inserviat
952 1120 1517 1203 (Syrolteaeaplarss).

518 1242 598 1295 Ex
622 1241 954 1298 Barhebraei
974 1245 1290 1299 testimonio
1311 1246 1499 1311 (Horr.
1530 1254 1693 1316 myst.
1723 1243 1928 1311 Praei.)
1953 1252 2008 1298 et
2034 1241 2290 1298 codicum
2316 1239 2812 1312 subscriptionibus
2847 1254 2965 1293 con-
3030 1302 3031 1317 ἢ

448 1335 573 1393 stat,
606 1329 837 1385 Paulum
862 1331 1377 1405 Monophysitarum
1407 1333 1726 1403 episcopum
1749 1332 2037 1387 Telensem
2065 1346 2114 1386 a.
2139 1336 2262 1387 617.
2285 1338 2340 1384 et
2361 1335 2482 1386 618.
2507 1328 2822 1383 versionem
2841 1326 2966 1381 hanc

448 1416 811 1474 Alexandriae
852 1418 1171 1475 adornasse.
1223 1418 1391 1477 Haud
1436 1436 1563 1476 raro
1608 1420 1874 1491 neglectis
1919 1420 2141 1491 linguae
2187 1434 2320 1474 suae
2364 1416 2672 1488 praeceptis
2709 1416 2970 1485 interpres
3030 1480 3031 1489 ἵ

447 1505 727 1576 exemplar
745 1522 1003 1578 graecum
1024 1516 1139 1563 tam
1167 1508 1439 1563 serviliter
1466 1516 1550 1563 est
1576 1516 1824 1574 secutus„
1842 1516 1902 1561 ut
1921 1507 2132 1577 graecis
2149 1505 2431 1561 vocabulis
2451 1506 2662 1576 syriaca
2691 1502 2962 1558 dumtaxat

446 1592 789 1649 substituisse
818 1594 1094 1665 videatur;
1127 1595 1187 1650 in
1214 1595 1595 1652 usitatioribus
1622 1611 1842 1667 quoque
1883 1594 2162 1651 vocabulis
2193 1594 2404 1667 graecis
2428 1590 2730 1648 reddendis
2757 1604 2970 1660 semper

446 1680 641 1737 eadem
675 1684 881 1755 syriaca
918 1698 1017 1754 per
1052 1690 1224 1739 totam
1267 1683 1572 1740 versionem
1609 1682 1886 1747 adhibuit,
1914 1691 2160 1739 attamen
2200 1696 2426 1754 graecae
2464 1680 2681 1751 linguae
2726 1679 2970 1751 apprime
3030 1696 3031 1705 ¹

448 1769 654 1839 peritus
678 1770 841 1825 etiam
867 1770 1017 1826 leves
1034 1786 1358 1843 graecarum
1384 1770 1852 1844 significationum
1871 1770 2214 1826 diversitates
2237 1769 2546 1840 exprimere
2573 1766 2810 1823 studuit.
2838 1767 2970 1835 Quo-

445 1856 595 1912 niam
636 1855 916 1913 diacritica
956 1873 1176 1930 quoque
1204 1859 1461 1931 origenis
1496 1860 1652 1930 signa
1682 1858 1909 1913 retinuit
1935 1857 2311 1929 lectionesque
2351 1856 2586 1929 Aquilae
2630 1856 2971 1925 aliorumque
3030 1926 3031 1929 Ἴ

446 1942 683 2009 addidit,
723 1961 861 2016 opus
896 1946 1015 2002 eius
1042 1947 1497 2019 pretiosissimum
1537 1944 1916 2003 adiumentum
1955 1953 2038 2001 est
2075 1944 2146 2000 ad
2183 1944 2539 2016 hexaplarem
2570 1952 2784 1999 textum
2827 1941 2972 1999 resti-
3030 1972 3031 1979 κ

446 2031 734 2088 tuendum.
754 2033 863 2090 Sed
892 2034 1105 2107 integra
1136 2036 1314 2091 versio
1341 2050 1453 2091 non
1480 2043 1568 2091 est
1583 2042 1908 2090 conservata
1925 2058 1939 2102 ς
1959 2034 2018 2089 in
2047 2032 2174 2089 cod.
2205 2032 2558 2088 ambrosiano
2585 2030 2836 2104 quodam
2857 2030 2972 2085 libri

444 2120 794 2190 sapientiales
816 2130 874 2177 et
892 2121 1196 2194 prophetici
1222 2129 1541 2193 supersunt,
1569 2138 1708 2193 quos
1727 2120 2302 2192 photolithographice
2330 2119 2506 2175 edidit
2529 2125 2603 2175 A.
2627 2122 2702 2175 M.
2735 2117 2972 2175 Cer-iani

445 2210 715 2272 (Monum.
746 2224 901 2266 saera
935 2219 992 2267 et
1023 2210 1165 2281 prof.
1196 2212 1321 2266 VII.
1346 2208 1642 2266 Mediolani
1673 2215 1883 2278 1874.);
1917 2226 1984 2265 ex
2019 2210 2142 2265 aliis
2169 2208 2334 2265 codd.
2366 2206 2502 2264 editi
2527 2215 2655 2263 sunt
2687 2208 2897 2263 GeneS.
2925 2214 2975 2260 et

446 2295 620 2352 Exod.
648 2299 915 2363 (Cer-iani
936 2300 1183 2355 Monum.
1204 2300 1325 2366 IL),
1358 2298 1577 2353 Iudices
1595 2306 1651 2353 et
1677 2297 1829 2353 Ruth
1859 2302 1977 2369 (per
1997 2298 2138 2353 Scat
2159 2296 2471 2353 floerdam.
2498 2296 2746 2351 Havniae
2775 2301 2904 2351 1861
2919 2298 2972 2359 .).

444 2391 479 2438 4
518 2384 655 2456 Reg.
696 2388 845 2451 (cum
874 2384 1149 2457 aliquibus
1177 2386 1299 2441 aliis
1323 2385 1479 2441 libris
1505 2402 1574 2441 ex
1596 2383 1722 2441 cod.
1759 2385 1999 2442 ambros,
2023 2401 2122 2457 per
2147 2388 2320 2442 Hem.
2349 2382 2786 2457 Middeldorpf.
2812 2386 2976 2439 Bero-

445 2472 544 2527 lini
575 2476 776 2541 1835.).

524 2643 621 2702 13.
649 2675 729 2685 -
756 2644 925 2703 Duae
962 2642 1123 2703 aliae
1161 2644 1484 2705 versiones
1523 2660 1599 2703 ex
1636 2642 1884 2720 vulgato
1922 2642 2536 2703 alexandrino-textu
2574 2658 2734 2701 saec.
2757 2642 2824 2701 6.
2855 2641 2974 2700 iam

445 2742 623 2799 erant
646 2739 851 2799 editae
868 2784 883 2811 ,
908 2756 1031 2800 una
1054 2757 1091 2799 a
1116 2739 1570 2818 Monophysitis
1595 2737 2086 2817 (Philoxeniana)
2103 2788 2120 2812 ‚
2141 2738 2337 2799 altera
2359 2756 2394 2798 a
2419 2736 2808 2799 Nestorianis
2827 2785 2844 2809 ‚
2869 2734 2976 2795 sed

442 2836 661 2913 paucis
687 2836 1055 2914 fragmentis
1081 2837 1353 2913 exceptis
1380 2836 1563 2913 plane
1589 2835 1983 2896 interierunt.

513 2958 674 3015 Circa
692 2972 743 3013 a.
765 2964 890 3013 510.
912 2957 1339 3028 chorepiscopus
1366 2957 1700 3029 Polycarpus
1728 2958 1909 3012 iussus
1933 2972 1964 3013 a
1992 2957 2313 3026 Philoxene,
2338 2957 2596 3029 episcopo
2625 2954 2976 3029 Mabugensi.

442 3046 611 3101 Vetus
637 3047 785 3099 Test.
819 3060 883 3101 ex
922 3060 1117 3117 graeco
1154 3045 1263 3099 iam
1301 3044 1684 3112 transtulerat,
1717 3044 1814 3100 sed
1857 3044 2171 3116 hexaplaris
2207 3052 2494 3115 tantopere
2534 3044 2736 3115 placuit
2779 3046 2976 3100 Mono-

442 3132 694 3204 physitiS,
722 3140 785 3187 ut
810 3146 953 3187 saec.
986 3138 1072 3187 13.
1103 3131 1245 3201 apud
1278 3146 1373 3186 eos
1397 3131 1513 3202 ipsa
1541 3133 1811 3187 memoria
1841 3132 2038 3203 prioris
2073 3132 2449 3187 translationis
2477 3130 2776 3198 interierit,
2807 3142 2976 3203 atque

442 3219 608 3275 hodie
642 3219 965 3289 paucissima
1011 3219 1285 3289 supersint
1312 3218 1622 3290 fragmenta
1660 3220 1765 3285 (cfr
1801 3223 2117 3275 Wiseman
2161 3219 2346 3274 Horae
2379 3234 2489 3291 syr.
2528 3235 2584 3288 p.
2629 3224 2732 3273 224
2775 3229 2832 3275 et
2867 3222 2978 3276 Ce-

440 3306 613 3362 riani
640 3309 887 3361 Monuni.
919 3306 1021 3373 V);
1046 3304 1115 3361 de
1142 3306 1538 3362 Philoxeniana
1561 3308 1705 3362 Novi
1731 3310 1797 3364 T.
1839 3306 1986 3363 infra
2013 3306 2262 3362 dicemus
2291 3309 2342 3375 (5
2373 3310 2480 3372 14).
2511 3307 2978 3363 Nestorianorum

442 3394 749 3466 patriarcha
768 3396 904 3449 Mar
924 3392 1100 3448 Abba
1125 3395 1187 3463 (†
1207 3398 1333 3460 552)
1355 3393 1467 3449 suis
1495 3411 1716 3467 quoque
1743 3411 1944 3451 novam
1972 3395 2282 3451 versionem
2315 3392 2497 3463 dedit,
2530 3393 2628 3449 sed
2655 3396 2978 3451 Nestoriani

438 3483 721 3552 antiquam
750 3480 1061 3551 simplicem
1090 3482 1325 3536 retinere
1352 3482 1700 3552 maluerunt,
1731 3492 1793 3539 ut
1816 3484 2164 3540 nestorianae
2190 3498 2365 3539 novae
2393 3482 2872 3554 interpretationis
2901 3500 2978 3539 ne

441 3569 747 3641 fragmenta
776 3568 999 3641 quidem
1027 3568 1134 3623 sint
1162 3578 1503 3626 conservata.

1282 3798 1427 3851 VII.
1460 3798 1809 3852 slavonica.
1839 3801 1908 3852 et
1939 3801 2254 3853 arabicae.

518 3996 613 4055 14.
642 4026 721 4037 —-
741 3993 1007 4055 Saeculo
1034 3996 1243 4056 medio
1272 3996 1330 4056 9.
1362 3994 1468 4055 SS.
1504 3995 1770 4073 cyrillus
1800 4001 1863 4055 et
1888 3996 2236 4057 Methodius
2263 3995 2543 4056 ecclesiis
2571 3997 2738 4057 inter
2761 3998 2986 4058 Slavos

434 4108 471 4151 a
494 4108 562 4151 se
588 4090 865 4151 fundatis
904 4108 1028 4152 una
1051 4109 1191 4153 eum
1226 4092 1479 4171 liturgia
1509 4092 1700 4152 etiam
1729 4092 2083 4153 versionem
2123 4092 2464 4170 Utriusque
2491 4093 2656 4155 Test.
2699 4095 2980 4155 slavoni-

436 4206 565 4248 cam
590 4187 928 4261 dederunt,
956 4205 1113 4265 quae
1130 4234 1143 4261 ,
1168 4206 1379 4265 quum.
1397 4188 1523 4247 iam
1550 4188 1700 4248 satis
1730 4190 1998 4249 recentis
2028 4190 2108 4250 sit
2137 4188 2396 4267 originis
2416 4235 2431 4263 ,
2454 4190 2827 4251 auctoritate
2855 4194 2986 4250 cri-

436 4284 559 4345 tica
586 4282 717 4344 fere
748 4285 922 4345 omni
953 4288 1145 4345 caret.
1179 4284 1373 4344 Multo
1404 4284 1603 4362 magis
1631 4286 1851 4346 eadem
1888 4290 2102 4346 carent
2135 4286 2457 4347 versiones
2491 4285 2743 4363 ‘aliquae
2775 4288 2987 4349 arabi-

433 4398 536 4441 cae
562 4379 711 4443 inde
740 4398 777 4443 a
802 4398 961 4442 saec.
997 4380 1094 4443 10.
1127 4398 1199 4441 ex
1222 4384 1395 4442 textu
1423 4380 1825 4442 alexandrino
1857 4386 2125 4441 exortae.

506 4503 830 4560 versionem
859 4504 1231 4559 slavonicam
1260 4520 1327 4559 ex
1350 4504 1576 4576 antiqua
1609 4503 1748 4560 Itala
1771 4504 2042 4577 originem
2071 4504 2273 4560 ducere
2297 4512 2352 4560 et
2374 4520 2518 4561 saec.
2551 4512 2638 4561 14.
2666 4504 2736 4561 ad
2754 4514 2989 4563 textum

435 4606 697 4664 graecum
729 4590 1077 4648 emendatam
1104 4608 1241 4660 esse,
1273 4608 1503 4649 erronee
1533 4592 1744 4665 opinati
1776 4601 1904 4648 sunt
1931 4592 2103 4665 aliqui
2129 4608 2241 4649 non
2268 4592 2636 4665 attendenteS‚
2667 4596 2760 4651 SS.
2791 4596 2986 4667 Cyril-
