3050 5184
427 325 545 384 438
570 341 645 385 DE
672 344 809 386 VET.
840 343 1095 389 ‘ri-:suu-
1122 344 1313 389 umus
1340 344 1748 389 Pnopnnrlcls.
1771 360 1850 371 -
1867 344 2002 416 cAP7
2032 343 2114 387 vl.
2142 340 2216 385 DE
2241 338 2564 386 Pnopnss‘rls
2592 334 2898 381 utnonlsus.

430 472 697 529 Elcesaei
717 474 859 531 nihil
886 474 959 532 dc
984 492 1050 533 eo
1082 476 1243 532 nobis
1276 486 1359 532 est
1384 476 1674 533 traditum,
1707 477 2036 544 Cognomen
2067 482 2254 531 autem
2279 472 2514 546 patriam
2539 469 2658 525 eius
2679 466 2822 523 nobis
2839 466 2908 519 in·

428 558 594 628 dicat,
627 582 652 613 α
678 562 881 629 Elcesi,
912 563 1087 635 inquit
1113 568 1173 620 S.
1202 569 1600 635 Hieronymus
1627 566 1706 632 (in
1732 564 1880 621 Nah.
1910 563 2085 629 Prol.)
2115 578 2290 633 usque
2319 559 2482 615 hodie
2507 558 2562 613 in
2589 554 2820 613 Galilaea
2852 554 2908 605 vi·
3009 578 3011 589 =

427 649 584 703 cidus
612 658 697 705 est
724 670 775 704 ιο.
802 650 1203 708 Modernorum
1238 652 1587 720 coniectura,
1613 650 2037 724 intelligendum
2079 666 2200 705 esse
2227 646 2508 712 Allsuseh,
2551 644 2731 701 vicum
2756 641 2805 695 in
2830 644 2910 694 As-

428 736 573 808 syria
601 737 788 805 situm,
818 747 971 793 caret
998 739 1405 811 probabilitate.
1435 742 1598 796 Unus
1623 740 1791 812 igitur
1817 755 1884 795 ex
1913 738 2024 795 illis
2049 736 2312 795 Israelitis
2331 734 2442 791 fuit
2461 731 2706 796 Nahum,
2735 726 2820 801 qui
2843 734 2914 781 aut

428 826 881 895 transportationi
910 824 1038 898 fuga
1064 842 1124 882 se
1148 826 1477 883 subtrahere
1503 835 1601 883 aut
1626 843 1758 883 mox
1784 828 1842 882 in
1870 826 2109 897 patriam
2135 824 2336 879 reverti
2365 826 2676 894 potuerant.

508 951 565 1007 2.
598 983 677 991 —
702 950 899 1009 Unico
923 949 1218 1011 vaticinio
1254 950 1335 1011 de
1377 952 1632 1011 Ninives
1663 951 1922 1011 interitu
1952 952 2192 1010 constat
2220 946 2495 1007 libellus.

498 1054 651 1105 Deus
673 1051 937 1107 terribilis
956 1063 1307 1125 peccatorum
1330 1053 1527 1111 vindex
1553 1059 1601 1121 (1
1615 1060 1746 1123 ,2-6)
1771 1052 1867 1109 sed
1889 1054 2162 1109 iustorum
2185 1051 2398 1107 amicus
2420 1054 2656 1115 (1.7-10)
2679 1043 2922 1103 annuntiat

431 1155 489 1194 se
518 1139 773 1195 Ninivem
803 1154 921 1196 esse
950 1139 1359 1197 destructurum
1378 1184 1391 1211 ,
1424 1150 1481 1197 et
1504 1142 1774 1213 populum
1813 1139 1951 1197 Iuda
1979 1141 2180 1196 iterum
2219 1138 2356 1194 festa
2379 1152 2480 1192 sua
2503 1134 2780 1192 celebrare
2805 1128 2922 1185 iuba

434 1227 715 1294 (1,11—15).
748 1228 1019 1285 Futuram
1056 1228 1256 1285 deinde
1296 1229 1520 1285 Ninives
1561 1228 1995 1285 destructionem
2040 1235 2098 1282 et
2123 1224 2611 1298 depopulationem
2641 1218 2824 1277 vividis
2851 1232 2924 1269 co·
3011 1218 3013 1285 ζ

431 1313 639 1371 loribus
678 1324 734 1371 et
781 1314 1085 1373 dramatico
1118 1316 1391 1388 propheta
1421 1316 1683 1373 describit
1711 1322 1942 1387 (zi-13)
1959 1358 1973 1385 ,
2003 1313 2380 1387 praedicitque
2394 1354 2411 1383 ,
2435 1311 2635 1367 urbem
2663 1307 2925 1365 interitum.
3011 1312 3013 1359 ξ

432 1417 599 1473 quem
626 1402 698 1457 ob
726 1412 949 1475 peccata
978 1419 1079 1460 sua
1106 1413 1353 1460 meretur
1380 1404 1601 1475 (3,1-7)‚
1629 1419 1802 1477 aeque
1827 1419 2023 1475 parum
2051 1418 2119 1459 ac
2142 1401 2360 1457 Thebas
2387 1396 2800 1467 (Alexandriam
2821 1406 2927 1464 gen·
3011 1476 3013 1481 Ι

431 1489 611 1558 tium),
634 1490 878 1563 effugere
896 1508 1058 1563 posse
1077 1491 1328 1564 (8,8-13)‚
1352 1506 1545 1548 omnes
1557 1492 1708 1547 enim
1728 1490 2063 1548 defensionis
2079 1500 2313 1547 conatus
2327 1488 2446 1545 fore
2470 1486 2664 1542 irritos
2689 1480 2925 1557 (8‚14·19',··
3011 1536 3013 1539 ⁴

512 1616 570 1674 3.
604 1650 681 1657 —
698 1614 1147 1676 Pulcherrimis
1167 1616 1346 1677 libris
1366 1618 1722 1695 Scripturae
1742 1614 2212 1679 adnumeranda
2232 1616 2328 1674 est
2345 1610 2688 1690 Prophetia
2703 1604 2928 1667 Nabum.

436 1711 567 1771 sive
595 1712 731 1771 eius
759 1711 955 1790 stylus
986 1714 1116 1773 sive
1148 1713 1281 1773 eius
1315 1718 1758 1793 argumentum
1788 1712 2281 1773 considerantur.

512 1835 539 1865 α
568 1816 649 1870 Ex
679 1814 942 1871 omnibus
964 1815 1275 1872 minoribus
1303 1816 1605 1888 prophetis,
1632 1816 1810 1888 inquit
1835 1816 2064 1879 Lowth,
2091 1830 2256 1871 nemo
2285 1812 2501 1871 videtur
2527 1826 2773 1884 aequare
2797 1806 2930 1863 subli-

436 1902 707 1971 mitatem,
736 1904 1014 1969 ardorem,
1043 1901 1281 1959 audaces
1321 1904 1546 1976 spiritus
1573 1904 1842 1973 Nabumi3
1887 1902 2174 1960 exordium
2212 1900 2568 1974 magnificum
2599 1906 2686 1955 est
2719 1904 2772 1953 et
2807 1894 2934 1966 plan?

438 1998 760 2061 augustum
795 1998 1092 2062 apparatus
1118 1990 1190 2046 ad
1217 1991 1494 2047 excidium
1521 1992 1753 2047 Ninivae
1775 1992 2002 2063 eiusque
2031 1988 2230 2047 excidii
2257 1989 2550 2060 descriptio
2581 1996 2642 2042 et
2669 1980 2934 2055 amplifica·

436 2078 517 2133 tio
546 2077 947 2133 ardentissimis
974 2078 1251 2135 coloribus
1280 2078 1627 2149 exprimitur,
1667 2087 1722 2134 et
1761 2077 2144 2135 admirabilem
2181 2075 2350 2133 habet
2377 2074 2715 2131 evidentiam
2753 2080 2804 2127 et
2829 2082 2936 2139 pon·

438 2162 543 2219 dus
584 2184 634 2220 ι.
674 2164 887 2233 Quibus
932 2164 1102 2235 adde,
1140 2166 1471 2237 prophetam
1510 2165 1813 2221 dramatico
1855 2180 1957 2221 suo
2003 2163 2346 2220 describendi
2393 2162 2562 2218 modo
2601 2174 2796 2217 omncs
2833 2154 2940 2211 alios
3013 2152 3015 2177 ⁹

438 2267 729 2323 superare3
758 2253 913 2325 quasi
942 2268 1202 2323 praesens
1230 2253 1392 2317 adsit,
1414 2270 1545 2309 mox
1565 2254 1799 2325 Niniyen
1827 2253 2149 2324 alloquitur,
2171 2266 2299 2307 mox
2327 2249 2619 2317 Iudaeam,
2637 2262 2787 2304 nunc
2811 2248 2940 2311 Assy·

439 2339 549 2394 rios
574 2338 873 2411 fugientes»,
908 2354 1057 2395 nunc
1084 2340 1273 2397 hostes
1302 2341 1499 2397 urbem
1525 2340 1876 2411 diripientes,
1904 2350 2070 2412 atque
2099 2354 2247 2396 nunc
2270 2337 2607 2407 Dominum,
2635 2350 2784 2391 nunc
2807 2331 2940 2387 duces

439 2428 525 2482 vel
554 2426 741 2482 hostes
767 2426 1067 2483 introducit
1090 2428 1381 2500 loquentes
1408 2451 1421 2484 ε
1446 2427 1594 2485 unde
1618 2430 1676 2483 in
1703 2428 1849 2485 Nah.
1883 2434 1995 2498 2,1.
2017 2434 2051 2483 2
2071 2435 2260 2483 monet
2273 2427 2331 2481 S.
2355 2428 2752 2497 Hieronymus
2769 2444 2787 2477 .·
2806 2419 2940 2474 «hinc

438 2513 525 2569 vel
556 2515 793 2569 maxime
816 2515 1037 2571 obscuri
1060 2527 1190 2572 sunt
1220 2518 1550 2589 prophetae,
1579 2514 1727 2589 quod
1758 2524 1983 2587 repente
2012 2514 2144 2571 dum
2175 2513 2327 2571 aliud
2355 2513 2551 2585 agitur,
2589 2510 2666 2569 ad
2693 2512 2825 2567 alios
2843 2522 2940 2578 per-

440 2618 577 2658 sona
614 2610 866 2658 mutatur
894 2625 947 2659 n.
977 2633 1049 2646 —
1076 2605 1409 2660 Vaticinium
1442 2605 1626 2675 ipsum
1651 2604 1836 2659 minax
1873 2610 2067 2659 contra
2091 2602 2362 2674 Assyrios,
2391 2600 2618 2657 ludaeis
2644 2595 2942 2656 consolatio·

438 2691 523 2746 nis
551 2692 777 2761 plenum
805 2701 944 2747 erat.
978 2691 1083 2747 1110
1107 2693 1255 2747 enim
1286 2701 1561 2762 tempore,
1588 2706 1699 2762 quo
1728 2690 1936 2763 Assyrii
1955 2705 2126 2745 unum
2146 2705 2212 2746 ex
2242 2688 2458 2745 duobus
2482 2690 2674 2761 regnis
2691 2687 2942 2743 destruxe-

440 2787 564 2834 rant
576 2820 591 2847 ,
616 2780 852 2834 alterum
870 2779 1225 2836 tributarium
1246 2778 1607 2835 reddiderant
1620 2821 1634 2847 ,
1659 2778 1880 2834 Nahum
1899 2778 2308 2849 potentissimos
2325 2776 2516 2832 hostes
2531 2776 2654 2831 iam
2673 2774 2946 2831 destructos

438 2865 589 2922 videt
611 2867 1059 2940 contribulesque
1084 2868 1289 2923 iterum
1316 2867 1453 2923 festa
1484 2882 1582 2922 sua
1611 2880 1873 2938 peragere
1905 2864 2058 2921 iubet
2083 2886 2096 2919 :
2129 2865 2236 2921 Dei
2261 2864 2430 2936 igitur
2456 2863 2694 2920 vindicis
2717 2860 2946 2918 iustitiam

440 2962 633 3009 contra
663 2954 869 3024 hostes,
900 2954 1337 3010 misericordiam
1364 2971 1493 3026 erga
1522 2954 1730 3009 amicos
1757 2951 2018 3009 celebrat.

523 3080 582 3137 4.
614 3111 694 3122 —
722 3077 1050 3139 Anthemio
1068 3078 1343 3139 vaticinii
1371 3095 1408 3138 a
1436 3077 1608 3138 nullo
1637 3093 1936 3155 umquam
1967 3080 2064 3138 est
2091 3080 2346 3154 negata;
2379 3076 2517 3136 eius
2543 3076 2763 3137 divina
2787 3078 2950 3133 aucto-

444 3178 595 3233 ritas
639 3173 894 3234 disertis
938 3174 1198 3251 quidem
1225 3176 1295 3235 V.
1325 3173 1424 3233 vel
1468 3176 1542 3233 N.
1577 3175 1645 3233 T.
1679 3173 2158 3251 allegationibus
2202 3190 2326 3232 non
2369 3173 2698 3250 probatur,
2727 3175 2791 3231 at
2827 3167 2950 3225 vali-

442 3268 705 3329 dissimo
738 3270 1094 3331 traditionis
1126 3287 1472 3349 synagogae
1499 3274 1564 3329 et
1593 3270 1903 3330 Ecclesiae
1931 3269 2297 3331 testimonio
2325 3267 2574 3328 nititur.

510 3374 569 3429 Si
596 3374 721 3429 libri
754 3374 978 3430 Tobiae
1010 3374 1286 3441 recensio,
1318 3390 1483 3445 quam
1516 3372 1740 3429 exhibet
1773 3372 1920 3430 Cod.
1947 3373 2193 3441 Sinait„
2226 3371 2536 3428 absolutam
2573 3380 2878 3427 mereretur
2899 3366 2952 3421 fi-

442 3460 591 3525 dem,
614 3460 881 3517 disertum
911 3463 1101 3533 utique
1122 3462 1497 3517 testimonium
1519 3461 1850 3517 haberemus
1875 3460 2036 3527 (Tob.
2074 3461 2236 3530 14,4),
2261 3466 2320 3514 at
2343 3458 2541 3530 reliqui
2563 3466 2754 3515 textus
2781 3468 2950 3511 nomen

442 3548 682 3603 Nahum
710 3564 822 3604 nou
852 3548 1079 3605 babent.
1115 3549 1427 3604 Allusiones
1458 3548 1736 3620 quaedam
1763 3547 1832 3603 ad
1868 3548 2088 3604 Nahum
2116 3546 2229 3618 (sed
2255 3546 2508 3611 leviores)
2537 3545 2888 3601 inveniuntur
2913 3542 2952 3594 in

442 3636 713 3692 Ieremiae
743 3635 900 3691 libris
935 3636 1104 3706 (ΝαΙι.
1138 3642 1265 3706 1,13
1293 3634 1377 3692 cfr
1402 3641 1513 3693 ler.
1549 3642 1705 3705 30,8;
1733 3636 1878 3691 Nah.
1917 3642 2028 3702 3,5.
2069 3641 2155 3691 13.
2194 3639 2281 3690 17.
2317 3638 2383 3688 19
2409 3633 2494 3688 cfr
2523 3637 2636 3688 Ier.
2675 3638 2832 3701 1332
2859 3646 2950 3697 sq.:

442 3730 635 3794 50,a⁷;
667 3724 1387 3793 Thren.2,9;1er.s1,27;
1422 3730 1612 3794 1o‚1a;
1644 3726 1850 3793 ama).

1120 3895 1155 3976 ξ
1190 3898 1300 3957 28.
1327 3929 1415 3940 —
1438 3895 1536 3957 De
1581 3892 1942 3979 Prophetia
1971 3889 2316 3957 Habacuc.

532 4066 587 4121 l.
610 4095 690 4105 —
720 4064 807 4120 De
829 4058 1145 4139 prophetae
1182 4060 1460 4119 nabat-uc
1495 4060 1626 4119 viia
1653 4057 1810 4119 nihil
1841 4075 2096 4136 prorsus
2127 4063 2222 4119 est
2246 4057 2548 4117 traditum
2577 4060 2828 4133 praeter
2849 4054 2960 4113 eius

446 4175 677 4218 nomen
708 4157 725 4193 ⁴
777 4162 840 4217 et
868 4174 1099 4217 munus
1142 4155 1617 4235 propheticum;
1652 4156 1978 4233 probabile
2015 4159 2228 4217 autem
2258 4158 2384 4227 est,
2413 4169 2560 4213 eum
2589 4152 2832 4212 ultimis
2861 4150 2960 4209 ,ua-

448 4272 630 4315 nasse
660 4254 838 4313 annis
869 4252 1155 4313 libellum
1180 4268 1362 4313 suum
1392 4252 1773 4313 condidisse.

508 4393 575 4455 (ι)
614 4392 867 4442 Habacuc
902 4384 1113 4470 (ΡῚΡΞΠ
1150 4404 1180 4439 a
1206 4390 1316 4440 rad.
1350 4392 1475 4469 pan
1510 4390 1588 4439 Pi.
1633 4390 1927 4454 amplexus
1971 4391 2068 4455 ese)
2111 4392 2248 4441 recte
2273 4387 2560 4453 explicatur
2587 4401 2618 4435 a
2647 4391 2700 4436 S.
2733 4388 2878 4437 Hier.
2908 4381 2964 4428 ain

452 4486 597 4545 nab.)
626 4488 873 4550 περίληψις
900 4500 989 4537 seu
1018 4487 1371 4550 amplexatio,
1397 4500 1545 4549 quae,
1574 4488 1632 4535 ut
1661 4490 1834 4535 monet
1863 4488 1910 4536 S.
1951 4488 2160 4546 Doctor,
2191 4488 2357 4549 potest
2382 4497 2490 4535 esse
2522 4488 2614 4533 aut
2641 4480 2843 4532 hostilis
2875 4476 2964 4527 lm·-

448 4570 667 4635 tatornm
702 4570 793 4616 aut
826 4566 999 4615 suavis
1026 4567 1330 4623 amicorurm
1361 4568 1578 4628 utraque
1606 4568 1778 4615 autem
1813 4565 2178 4625 significatione
2209 4576 2392 4615 nomen
2427 4564 2706 4627 prophetae
2733 4554 2964 4609 convenit-

450 4644 746 4697 Alexandr.
779 4650 831 4695 et
855 4646 921 4694 1t.
954 4644 1127 4707 legunt
1154 4644 1453 4707 Ἇμσαιιούμ,
1486 4644 1795 4703 Ambacum,
1825 4644 2159 4709 probabiliter
2183 4658 2248 4693 cx
2277 4642 2606 4693 librariorum
2629 4650 2820 4691 errore.
