3050 5184
383 308 464 367 94
546 320 699 365 msT.
734 318 1076 364 VERSIONUH
1106 318 1164 362 U.
1200 318 1260 359 T.
1291 332 1370 344 ·—
1409 314 1541 359 cAP.
1580 313 1675 355 111.
1717 310 1792 353 m:
1836 307 2089 351 GRAECIS
2120 306 2260 349 VET.
2302 304 2469 347 TEST.
2511 296 2915 345 VERSIONIBUS.

381 448 588 510 tribus
611 444 864 523 linguae
895 441 1067 503 illius
1097 439 1384 499 dialectis
1413 437 1833 513 conscriptae.
1876 436 1965 495 Ex
1991 433 2228 511 quibus
2269 431 2468 499 duae,
2508 424 2927 504 memphitica,

384 562 512 624 qua
558 540 871 603 inferioris
923 536 1190 615 Aegypti
1241 534 1577 596 Christiani
1627 534 1985 604 utebantur,
2038 533 2104 589 et
2156 527 2429 589 sahidica
2478 526 2545 585 in
2598 520 2927 600 superiore

386 648 553 703 terra
580 638 891 710 adhibita,
925 641 1069 695 ante
1101 632 1386 693 medium
1413 648 1581 691 saec.
1616 632 1676 690 3.
1696 676 1710 701 ,
1746 633 1809 689 et
1834 629 1995 688 forte
2024 628 2158 686 iam
2188 628 2459 686 exeunte
2484 638 2651 681 saec.
2686 620 2750 679 2.
2786 621 2936 678 sunt

388 742 668 810 exortae3
711 726 803 795 de'
829 732 1262 798 haskmuricae‚
1310 730 1492 790 cuius
1536 744 1736 807 pauca
1782 726 2132 803 fragmenta
2176 726 2326 782 sunt
2364 720 2763 787 conservata,
2812 714 2936 775 ori-

387 836 531 914 gine
560 832 719 894 nihil
751 830 906 891 certi
939 827 1126 889 statui
1159 830 1390 906 potest.

447 952 874 1024 Quamprimum
923 967 988 1007 ex
1037 950 1310 1007 inferioris
1358 948 1598 1021 Aegypti
1642 948 1871 1004 urbibus
1924 955 1981 1002 et
2036 944 2277 1018 oppidiS,
2325 946 2384 1001 in
2436 946 2635 1018 quibus
2678 944 2805 1001 inde
2844 944 2919 1000 ab

378 1040 682 1096 Alexandri
723 1042 802 1095 M.
847 1048 1096 1111 tempore
1134 1038 1322 1110 lingua
1351 1051 1544 1109 graeca
1588 1044 1707 1092 erat
1749 1035 2017 1107 vulgaris,
2050 1034 2413 1105 Evangelium
2448 1034 2595 1089 inter
2634 1032 2922 1105 indigenas

379 1127 679 1199 Aegyptios
726 1127 1021 1199 propagari
1062 1134 1320 1197 coeptum
1374 1133 1486 1190 est,
1536 1139 1663 1181 cum
1717 1138 1862 1178 nova
1903 1122 2125 1195 liturgia
2169 1137 2313 1177 nova
2358 1121 2536 1177 versio
2578 1120 2791 1177 reddita
2834 1130 2925 1175 est

379 1215 717 1281 necessaria3
761 1214 1052 1287 indigenae
1097 1214 1246 1269 enim
1298 1213 1577 1268 maiorum
1630 1226 1859 1267 suorum
1905 1210 2154 1282 linguam
2198 1210 2539 1266 retinuerant
2580 1225 2923 1282 graecaeque

379 1317 601 1372 semper
628 1300 838 1358 aditum
885 1302 944 1357 in
988 1301 1196 1372 templa
1241 1316 1340 1357 sua
1387 1301 1711 1371 cultumque
1752 1298 2073 1370 religiosum
2114 1306 2468 1370 negaverant.
2520 1297 2705 1352 Prisca
2732 1301 2924 1369 Aegy-

379 1390 458 1460 pti
500 1389 685 1461 lingua
731 1388 897 1445 hodie
935 1389 1068 1445 satis
1111 1397 1194 1445 est
1233 1387 1480 1461 cognita,
1521 1387 1813 1459 antiquam
1842 1386 1961 1442 eius
1996 1384 2230 1441 formam
2262 1384 2525 1441 exhibent
2558 1393 2923 1440 monumenta

379 1476 791 1549 hieroglyphica
837 1486 896 1532 et
935 1478 1199 1549 pleraque
1241 1475 1533 1541 hieratica;
1580 1474 1852 1531 iuniorem
1880 1473 2180 1546 quamdam
2225 1472 2489 1539 formam,
2529 1488 2671 1545 quae
2716 1471 2844 1528 inde
2888 1489 2921 1527 a

379 1579 524 1619 saec.
557 1570 589 1619 7
596 1607 610 1619 .
641 1564 890 1633 invaluit,
915 1564 1180 1635 praebent
1209 1563 1541 1620 documenta
1562 1562 1856 1626 demotica,
1880 1560 2317 1618 recentissimam
2343 1559 2571 1617 demum
2597 1559 2722 1616 libri
2748 1558 2921 1615 chris-

379 1652 512 1707 tiani
530 1694 544 1717 ,
577 1653 633 1707 in
677 1651 874 1723 quibus
901 1653 1070 1707 etiam
1113 1651 1354 1723 antiquis
1399 1650 1675 1707 scribendi
1714 1648 2007 1722 generibus
2036 1648 2320 1717 (hieratieo
2356 1657 2413 1704 et
2441 1648 2744 1715 demotico,
2777 1664 2924 1719 quae

379 1738 695 1796 immediate
723 1756 789 1795 ex
815 1739 1188 1813 hieroglyphis
1215 1738 1456 1795 derivata
1485 1744 1663 1804 erant)
1693 1738 1901 1793 relictis
1924 1753 2183 1811 graecum
2208 1736 2568 1809 alphabetum
2594 1737 2918 1806 adoptatum

380 1835 466 1882 est
487 1842 581 1882 sex
605 1836 883 1897 septemve
916 1828 1072 1883 novis
1107 1825 1308 1883 additis
1331 1826 1746 1883 characteribus
1768 1823 1841 1880 ad
1864 1840 2031 1881 sonos
2058 1824 2273 1898 linguae
2295 1824 2641 1897 aegyptiacae
2666 1824 2919 1895 proprios

380 1913 784 1985 exprimendos,
811 1914 1209 1971 Recentissima
1238 1914 1376 1971 haec
1399 1915 1619 1986 linguae
1656 1913 1865 1981 forma,
1894 1927 2035 1985 quae
2065 1912 2123 1968 in
2153 1913 2499 1984 oppositione
2530 1909 2602 1967 ad
2637 1911 2915 1983 antiquio-

379 2017 468 2057 res
509 2000 674 2074 vulgo
719 2002 1028 2073 appellatur
1074 2004 1340 2075 coptica,
1384 2002 1561 2058 tribus
1588 1999 2031 2073 distinguebatur
2071 1999 2349 2069 dialectis,
2378 2000 2439 2056 in
2464 1997 2725 2055 inferiore
2770 2007 2915 2055 terra

378 2084 750 2142 adhibebatur
795 2084 1184 2151 memphitica
1221 2088 1291 2151 (S.
1322 2082 1655 2154 bachirica)‚
1694 2082 1753 2137 in
1790 2082 2077 2153 superiore
2114 2082 2395 2139 saltidica
2434 2085 2495 2154 (s.
2535 2082 2837 2153 thebaica),
2870 2084 2925 2138 in

379 2174 590 2243 media,
617 2182 682 2229 ut
708 2171 957 2241 videtur,
989 2180 1045 2227 et
1083 2172 1304 2227 casibus
1338 2170 1775 2227 occidentalibus
1816 2170 2213 2225 haskmurica
2252 2174 2320 2236 (s,
2364 2169 2692 2242 fajjumica);
2734 2187 2930 2226 omnes

376 2256 452 2312 ita
477 2267 633 2313 erant
662 2258 940 2322 excultae,
971 2265 1035 2312 ut
1061 2256 1216 2313 libris
1243 2256 1545 2313 scribendis
1572 2257 1919 2312 inservirent.
1951 2255 2181 2313 Duabus
2206 2257 2326 2313 aliis
2354 2256 2695 2314 versionibus
2727 2256 2916 2329 paullo

377 2344 654 2416 antiquior
676 2360 706 2399 a
737 2346 1010 2417 plerisque
1037 2344 1282 2401 creditur
1307 2342 1690 2415 memphitica,
1722 2345 1852 2416 quia
1880 2360 1949 2399 ex
1975 2343 2249 2400 inferioris
2271 2346 2504 2419 Aegypti
2531 2344 2745 2417 oppidis
2772 2345 2919 2401 inter

378 2432 586 2487 vicinos
617 2430 902 2505 indigenas
932 2432 1292 2505 Evangelium
1319 2432 1569 2503 proxime
1601 2432 1672 2488 sit
1701 2440 2087 2504 propagatum.
2120 2430 2303 2489 Medio
2332 2448 2476 2490 saec.
2512 2439 2563 2489 3.
2594 2432 2917 2505 memphiti-

376 2534 502 2575 cam
546 2520 796 2575 omnium
839 2520 1105 2576 librorum
1147 2536 1430 2575 sacrorum
1459 2520 1877 2575 translationem
1922 2536 2036 2576 non
2082 2528 2302 2577 tantum
2347 2519 2615 2590 adfuisse,
2646 2520 2745 2577 sed
2770 2522 2919 2576 inter

375 2607 661 2679 indigenas
687 2608 799 2662 iam
828 2605 988 2663 valde
1009 2616 1370 2681 propagatam
1393 2606 1581 2678 fuisse,
1614 2608 1829 2680 integra
1854 2605 2019 2665 docet
2046 2608 2100 2663 S.
2132 2608 2358 2665 Antonii
2382 2610 2491 2664 vita
2520 2624 2551 2664 a
2580 2610 2638 2665 S.
2668 2608 2917 2665 Athana·

377 2695 458 2751 sio
487 2696 565 2751 M.
598 2695 936 2765 conscripta,
967 2696 1045 2750 ita
1072 2704 1134 2751 ut
1169 2710 1282 2751 non
1310 2696 1586 2751 immerito
1626 2694 2054 2769 concludamuS,
2099 2710 2223 2751 eam
2250 2706 2486 2753 exeunte
2528 2713 2669 2753 saec.
2716 2703 2770 2753 2.
2804 2698 2919 2753 iam

376 2796 496 2838 esse
524 2791 794 2839 exortam.
827 2783 1035 2838 Eodem
1065 2792 1250 2839 autem
1292 2782 1407 2839 fere
1430 2792 1684 2855 tempore
1701 2825 1716 2853 ‚
1761 2798 1870 2855 quo
1896 2784 1953 2839 S.
1984 2784 2258 2840 Antonius
2281 2784 2342 2839 in
2381 2782 2639 2840 inferiore
2665 2785 2919 2841 maxime

377 2878 435 2926 et
480 2870 666 2927 media
711 2875 964 2944 Aegypto
1017 2870 1224 2943 degens
1272 2879 1330 2927 et
1380 2871 1603 2943 linguae
1648 2886 1878 2943 graecae
1922 2887 2149 2943 prorsus
2200 2871 2427 2945 ignarus
2472 2872 2753 2944 discipulis
2804 2875 2921 2929 suis

381 2978 406 3009 ι
439 2959 757 3030 aegyptiaca
790 2959 974 3031 lingua
1009 2957 1174 3026 dixit,
1203 2958 1512 3031 Scripturas
1538 2974 1723 3015 sacras
1755 2958 1829 3013 ad
1857 2958 2172 3015 docendum
2204 2958 2456 3016 sufficere
2485 2980 2511 3011 n
2547 2960 2691 3027 (Vita
2718 2977 2767 3016 e.
2803 2968 2915 3028 16),

376 3045 432 3100 in
462 3046 744 3116 superiore
770 3050 1024 3119 Aegypto
1056 3048 1112 3102 S.
1147 3044 1478 3101 Pachomius
1506 3045 1791 3119 indigenas
1818 3046 1887 3102 ad
1921 3048 2091 3103 vitam
2124 3048 2484 3105 monasticam
2517 3047 2780 3113 instituit,
2812 3065 2918 3105 ne-

378 3147 486 3205 que
520 3142 706 3189 tamen
749 3147 1087 3205 quemquam
1127 3134 1185 3188 in
1223 3134 1624 3190 monasterium
1661 3133 1909 3202 admisit,
1943 3134 2040 3206 qui
2068 3152 2181 3191 non
2222 3144 2382 3191 antea
2422 3136 2637 3208 aliquos
2665 3137 2921 3193 Psalmos

377 3218 759 3289 addidicisset,
788 3236 892 3277 nec
916 3236 1252 3292 quemquam
1267 3223 1326 3277 in
1350 3236 1417 3277 eo
1447 3220 1698 3289 retinuit,
1736 3242 1761 3272 α
1789 3222 2013 3294 quinon
2032 3222 2101 3279 de
2118 3223 2412 3294 seripturis
2440 3222 2645 3295 aliquid
2674 3232 2915 3293 teneret,

375 3308 458 3363 ad
481 3307 794 3363 nzinimum
817 3310 1036 3364 Novum
1060 3310 1475 3365 Testamentum
1497 3318 1555 3365 et
1575 3309 1905 3365 Psalterium
1938 3331 1961 3361 ι)
1996 3313 2053 3376 (S
2060 3354 2072 3365 .
2100 3314 2263 3367 Hier.
2289 3312 2537 3383 Regulae
2559 3314 2612 3368 S.
2642 3312 2914 3370 Pachom.

371 3388 462 3439 49.
499 3389 617 3439 139.
664 3385 810 3455 1⁴0);
843 3384 1144 3441 sahidicam
1175 3386 1342 3457 igitur
1369 3390 1679 3444 versionem
1710 3390 1878 3445 etiam
1920 3389 2105 3458 paullo
2144 3399 2268 3459 post
2294 3390 2542 3445 medium
2582 3407 2726 3445 saec.
2772 3398 2826 3447 3.
2868 3391 2925 3447 in

377 3481 539 3521 usum
575 3482 930 3524 communem
957 3467 1402 3524 Christianorum
1445 3469 1747 3541 superioris
1788 3471 2023 3545 Aegypti
2066 3483 2343 3545 receptam
2384 3490 2530 3543 esse,
2559 3485 2775 3533 certum
2804 3488 2917 3551 est,

377 3570 479 3609 nec
503 3553 804 3627 quidquam
834 3555 1037 3625 obstat,
1060 3556 1355 3629 quominus
1381 3556 1533 3613 illam
1554 3574 1776 3631 quoque
1796 3558 1907 3614 iam
1936 3570 2169 3617 exeunte
2190 3559 2334 3618 sa'ec.
2357 3568 2413 3618 2.
2433 3574 2612 3619 ortam
2637 3562 2915 3623 dicamus.

440 3738 503 3797 6.
537 3770 613 3781 -—-
641 3738 995 3817 Utrumque
1035 3740 1512 3801 Testamentum
1545 3758 1622 3800 ex
1649 3758 1870 3819 graeco
1903 3748 2079 3803 textu
2110 3745 2175 3805 in
2204 3746 2679 3823 memphiticam
2708 3754 2777 3807 et
2816 3767 2921 3809 sa-

365 3831 646 3894 hidicam
671 3832 974 3896 dialectos
1001 3852 1137 3896 esse
1174 3838 1576 3905 translatum,
1613 3854 1809 3916 quum
1840 3841 2149 3917 temporis
2184 3842 2467 3919 locique,
2504 3844 2735 3921 quibus
2768 3862 2922 3905 ver-

373 3923 584 3982 siones
623 3924 818 3986 factae
862 3929 1036 3997 sunt,
1073 3926 1234 3985 ratio
1262 3926 1445 3988 docet
1484 3932 1623 3989 tum
1662 3946 1875 3991 earum
1905 3931 2152 3993 indoles
2192 3934 2549 4011 confirmat3
2575 3954 2650 3998 ex
2676 3938 2915 4001 eadem

369 4023 578 4079 autem
619 4020 812 4080 etiam
850 4021 1086 4093 elucet,
1123 4040 1348 4101 magna
1391 4041 1540 4085 cum
1582 4025 2005 4089 sollicitudine
2046 4034 2110 4089 et
2151 4031 2477 4110 diligentia
2520 4035 2916 4113 interpretes

371 4131 631 4176 munere
677 4134 794 4177 suo
833 4134 970 4178 esse
1013 4118 1284 4193 iunctm,
1319 4120 1408 4179 ita
1445 4126 1514 4183 ut
1552 4122 1712 4182 duae
1747 4125 2068 4185 versiones
2098 4126 2243 4187 illae
2285 4130 2535 4206 egregia
2563 4132 2689 4191 sint
2724 4132 2920 4194 adiu-

367 4216 584 4367 Ξηίηζθ,
609 4211 686 4272 ad
717 4214 1221 4290 cognoscendum
1251 4220 1492 4277 textum
1525 4235 1847 4296 graecum,
1888 4222 1992 4298 qui
2024 4223 2129 4283 illa
2158 4228 2356 4285 aetate
2384 4226 2449 4285 in
2481 4228 2765 4306 Aegypto
2798 4230 2919 4289 ad-

415 4307 433 4365 i
483 4326 515 4366 e
564 4314 724 4369 atur.

439 4428 619 4495 Quam
637 4432 903 4501 plurimas
921 4449 1084 4489 voees
1105 4450 1173 4491 ac
1201 4434 1500 4506 particulas
1523 4453 1749 4507 graecas
1770 4449 1936 4511 atque
1961 4457 2055 4497 eas
2077 4442 2240 4513 ipsas,
2268 4459 2409 4515 quae
2438 4461 2556 4501 sese
2584 4446 2921 4506 immediate

367 4516 648 4585 excipiunt
680 4520 762 4571 καί
789 4540 846 4591 γε
861 4560 880 4592 ‚
908 4522 991 4574 καί
1017 4540 1122 4589 τοι,
1142 4522 1230 4575 ἵνα
1259 4524 1449 4594 μήπως,
1473 4526 1608 4596 ὅμως
1634 4530 1803 4597 μέντοι
1810 4570 1830 4599 ‚
1852 4530 1931 4582 ὅτι
1958 4528 2045 4601 μὲν
2073 4530 2169 4601 γάρ
2196 4532 2327 4605 etc.)
2354 4534 2701 4591 retinuerunt
2727 4534 2920 4594 inter-

369 4610 550 4671 pretes
589 4603 952 4680 hebraicaque
989 4611 1214 4667 nomina
1243 4611 1464 4683 propria
1501 4628 1569 4669 eo
1598 4614 1765 4671 modo
1780 4656 1795 4683 ‚
1819 4632 1930 4689 quo
1954 4618 2011 4673 in
2036 4618 2395 4677 alexandrina
2423 4622 2675 4680 versione
2704 4624 2918 4699 legun-
