3050 5184
430 281 549 340 600
631 297 703 340 m:
750 296 887 340 NOVI
928 297 1093 341 TEST.
1141 297 1336 341 LIBRIS
1364 296 1716 341 DIDAC'PICIS.
1749 313 1829 324 -··
1857 297 1986 339 cAP.
2025 298 2114 340 111.
2149 297 2224 340 DE
2265 297 2566 341 EPlSTOLlS
2591 295 2945 340 eunomus.

500 427 788 496 Inscriptio
816 427 1080 498 epistolae
1112 427 1160 499 («
1194 427 1300 494 his,
1323 428 1418 495 qui
1443 435 1574 482 sunt
1603 426 1658 482 in
1687 430 1804 482 Deo
1827 430 1991 483 Patre
2015 427 2229 482 dilectis
2256 435 2313 482 et
2337 425 2560 481 Christo
2588 428 2710 481 lesu
2739 441 2948 480 conser-

432 515 569 570 vatis
590 513 685 585 [et]
716 514 925 570 vocatis
958 521 1005 582 »)
1030 531 1223 570 omnes
1254 514 1482 571 omnino
1509 515 1762 571 omnium
1790 515 2145 570 ecclesiarum
2171 514 2361 570 fideles
2385 512 2600 568 videtur
2631 512 2945 582 complecti:

432 611 489 658 at
520 601 841 673 Apostolum
866 611 1045 657 certas
1068 601 1335 673 quasdam
1359 603 1618 658 ecelesias
1645 610 1808 673 atque
1833 619 1925 658 eas
1949 601 2188 673 quidem,
2218 601 2416 672 quibus
2439 601 2673 658 Iacobus
2689 609 2752 655 et
2775 603 2946 655 Petrus

432 690 783 759 scripserunt,
830 705 962 760 prae
991 689 1164 745 oculis
1206 688 1492 759 habuisse,
1545 699 1869 761 argumento
1911 688 2170 760 epistolae
2213 698 2268 744 et
2303 689 2615 756 occasione,
2663 703 2824 759 quae
2853 703 2942 742 eam

431 777 747 847 provocavit
769 775 1199 832 demonstratur.
1234 777 1451 832 Etenim
1480 791 1653 848 quum
1679 777 1992 832 communia
2022 775 2296 847 quaedam
2323 776 2513 832 salutis
2539 779 2758 832 monita
2789 775 2942 830 tideli-

430 864 535 919 bus
559 862 780 919 tradere
809 864 1089 927 voluisset,
1119 880 1313 920 eorum
1338 864 1587 935 periculo
1615 862 1889 920 adductus
1915 873 2018 930 est,
2045 871 2107 918 ut
2134 863 2204 918 ad
2231 863 2402 920 fidem
2429 879 2586 919 suam
2614 873 2858 919 strenue
2887 878 2944 918 re-

428 950 715 1006 tinendam
756 966 851 1006 eos
886 951 1302 1019 exhortaretur3
1349 971 1375 1002 α
1410 951 1846 1007 subintroierant
1884 951 2032 1007 enim
2072 950 2300 1023 quidam
2331 950 2582 1006 homines
2618 951 2788 1023 impii
2805 994 2822 1020 ‚
2869 954 2946 1005 De

430 1037 604 1094 nostri
634 1037 868 1110 gratiam
898 1038 1296 1094 transferentes
1318 1039 1378 1094 in
1409 1038 1684 1094 luxuriam
1715 1047 1770 1094 et
1797 1039 1976 1094 solum
2005 1037 2410 1095 dominatorem
2437 1047 2492 1094 et
2517 1039 2838 1094 Dominum
2867 1055 2946 1094 no·

431 1135 605 1182 strum
630 1129 815 1181 Iesum
836 1124 1115 1182 Christum
1138 1136 1405 1200 negantes
1430 1147 1479 1181 ι».
1509 1127 1665 1195 Quae
1693 1126 1986 1198 descriptio
2013 1125 2070 1180 in
2093 1126 2219 1182 illos
2239 1125 2548 1182 haereticos
2576 1125 2848 1198 quadrat,
2879 1129 2946 1198 qui

432 1231 499 1269 ex
528 1213 707 1268 verbis
732 1215 1013 1270 nonnullis
1035 1214 1269 1286 paulinis
1296 1213 1445 1270 male
1469 1214 1765 1270 intellectis
1793 1230 1852 1270 se
1877 1214 2030 1270 nulla
2059 1213 2180 1286 lege
2211 1215 2387 1270 teneri
2416 1212 2770 1270 deducebant
2801 1225 2946 1282 atque

431 1302 539 1356 hac
566 1301 780 1357 ratione
814 1302 1051 1374 gratiam
1087 1303 1193 1358 Dei
1230 1301 1286 1356 in
1323 1301 1600 1358 luxuriam
1629 1301 2036 1359 transferebant
2071 1291 2412 1372 ulteriusque
2451 1304 2726 1374 progressi
2763 1324 2790 1352 a
2823 1304 2946 1358 blas-

433 1388 756 1459 phemantes
783 1405 925 1461 quae
946 1389 1204 1462 ignorant
1228 1409 1254 1440 υ
1285 1389 1586 1444 Dominum
1609 1391 1680 1444 N.
1706 1389 1928 1460 eiusque
1953 1387 2259 1444 secundum
2283 1388 2579 1445 adventum
2603 1405 2816 1462 negare
2839 1407 2946 1445 coe-

432 1485 647 1546 perant.
676 1477 1002 1532 Haereticos
1030 1477 1153 1533 illos
1180 1477 1238 1531 in
1265 1477 1391 1532 Asia
1416 1477 1554 1532 Min.
1586 1491 1872 1547 perversas
1896 1492 2024 1532 suas
2054 1475 2333 1532 doctrinas
2357 1478 2633 1547 sparsisse,
2663 1493 2836 1549 supra
2857 1480 2946 1532 iam

432 1559 700 1634 'diximus3
743 1563 893 1619 hisce
930 1564 1098 1636 igitur
1134 1563 1377 1618 eeclesiis
1414 1561 1611 1619 Iudam
1641 1563 1932 1634 epistolam
1970 1579 2128 1618 suam
2156 1564 2485 1632 destinasse,
2515 1566 2634 1619 iure
2673 1565 2945 1621 concludi·

432 1667 584 1718 mus3
615 1650 799 1707 Iacobi
829 1659 1017 1706 autem
1046 1649 1275 1707 fratrem
1302 1665 1421 1706 sese
1446 1650 1505 1706 in
1527 1650 1884 1722 inscriptione
1904 1652 2164 1722 appellat,
2196 1661 2259 1706 ut
2285 1652 2404 1708 eius
2427 1651 2634 1706 monita
2659 1651 2947 1708 lectoribus

432 1739 490 1794 in
517 1738 843 1794 memoriam
870 1746 1090 1793 revocet
1115 1738 1450 1809 plenumque
1478 1754 1642 1793 suum
1669 1753 1796 1794 cum
1825 1738 1904 1794 eis
1931 1754 2262 1795 consensum
2290 1739 2619 1795 manifestet.

512 1919 570 1975 3.
605 1950 684 1959 --
707 1914 869 1974 Solis
898 1913 1154 1975 monitis
1184 1930 1309 1973 non
1332 1917 1666 1973 contentus
1697 1913 1758 1974 S.
1794 1913 1980 1974 Iudas
2001 1958 2015 1983 ,
2051 1919 2119 1974 ut
2155 1913 2452 1975 fidelibus
2489 1915 2834 1976 salutarem
2865 1917 2943 1974 in-

436 2012 633 2072 cutiat
661 2015 965 2072 terrorem
984 2056 998 2082 ,
1024 2026 1137 2086 pro
1158 2008 1495 2088 praecipuo
1524 2023 1887 2070 Aneuuswro
1913 2011 2104 2070 sumit
2133 2027 2398 2087 poenas„
2425 2011 2658 2088 quibus
2682 2014 2850 2073 Deus
2875 2013 2944 2070 ic·

434 2113 565 2168 stus
594 2107 717 2168 iam
747 2107 900 2167 olim
926 2123 1145 2166 omnes
1174 2105 1612 2166 mandatorum
1651 2123 1914 2166 suorum
1944 2111 2432 2184 transgressores
2463 2108 2708 2180 afflixit,
2731 2126 2932 2185 easqu.

435 2205 627 2264 etiam
659 2203 1103 2264 seductoribus
1131 2201 1467 2280 praedicit,
1495 2202 1602 2279 qui
1633 2202 1853 2262 fideles
1873 2202 2175 2262 doctrinis
2205 2204 2337 2263 suis
2368 2205 2678 2281 perversis
2699 2206 2942 2282 perdere

434 2303 760 2360 conantur.

505 2419 750 2476 Indicata
779 2421 1011 2489 ratione,
1038 2435 1145 2492 qua
1174 2419 1245 2475 ad
1275 2419 1419 2475 hanc
1442 2419 1738 2490 epistolam
1761 2418 2112 2475 scribendam
2135 2428 2418 2491 permotus
2444 2421 2515 2476 sit
2541 2423 2685 2492 (1-4)

505 2509 805 2578 Apostolus
820 2509 879 2563 in
904 2509 1105 2580 priore
1124 2513 1307 2580 parte
1323 2507 1509 2564 statim
1531 2506 1867 2564 Iudaeorum
1893 2506 2312 2564 incredulorum
2339 2509 2396 2564 in
2413 2509 2636 2565 deserto
2653 2510 2938 2568 interitum.

434 2598 758 2670 angelorum
782 2595 1221 2667 superbientium
1244 2594 1680 2660 damnationem,
1701 2594 2116 2651 Sodomitarum
2144 2596 2394 2652 luxuriae
2413 2595 2734 2654 deditorum
2759 2614 2942 2670 poenas

435 2685 628 2754 affert,
659 2698 829 2756 quum
852 2683 1049 2739 similia
1074 2683 1185 2738 sint
1209 2681 1618 2739 haereticorum
1644 2690 1867 2754 peccata
1897 2686 2068 2752 (5-8);
2099 2681 2403 2740 modestiae
2429 2685 2718 2741 Michaelis
2739 2690 2936 2758 opponit

436 2787 627 2829 eorum
654 2769 967 2843 superbiam
1008 2786 1323 2842 poenasque
1360 2770 1544 2837 Caini,
1589 2771 1843 2838 Balaam,
1889 2769 2133 2825 filiorum
2172 2771 2312 2826 Core
2355 2771 2434 2826 eis
2473 2771 2742 2842 praedicit
2785 2778 2920 2840 (9-13

436 2876 667 2918 monens
688 2857 1047 2914 seductorum
1077 2859 1360 2912 interitum
1386 2859 1499 2913 iam
1526 2857 1595 2912 ab
1629 2857 1817 2912 Enoch
1849 2873 1967 2913 esse
1997 2857 2340 2928 praedictum
2371 2858 2600 2930 (14—16).

505 2952 571 3004 In
607 2949 803 3003 altera
826 2951 1005 3019 parte
1034 2945 1234 3001 deinde
1263 2945 1454 3002 fideles
1486 2945 1838 3012 exhortatus,
1871 2954 1934 3000 ut
1968 2945 2214 3000 futurum
2245 2947 2548 3016 praemium
2583 2959 2938 3021 exspectante—

436 3051 554 3092 sese
580 3036 637 3090 in
660 3035 954 3091 dilectione
978 3034 1081 3088 Dei
1105 3042 1434 3089 conservent
1462 3033 1698 3104 (17-21),
1722 3049 1817 3088 eos
1845 3033 2028 3102 docet,
2052 3032 2334 3105 quomodo
2353 3049 2480 3103 erga
2509 3035 2820 3093 haereticos
2839 3036 2938 3091 illos

436 3140 552 3179 sese
579 3137 765 3196 gerere
788 3120 1027 3178 debeant
1054 3125 1159 3191 (22.
1190 3126 1300 3191 23),
1328 3130 1492 3193 atque
1516 3121 1808 3192 doxologia
1833 3120 2124 3192 epistolam
2146 3121 2405 3176 terminat
2437 3125 2541 3190 (24.
2569 3129 2681 3190 25).

517 3294 575 3349 4.
609 3324 685 3332 -—
728 3290 1078 3367 Epistolam
1132 3289 1320 3348 Iudae
1364 3288 1661 3347 Eusebius
1705 3289 1961 3364 quidem
2003 3288 2168 3348 inter
2213 3287 2680 3367 antilegomena
2715 3311 2824 3354 sua
2857 3309 2932 3351 re-

438 3389 649 3447 censet
688 3384 787 3464 (H.
826 3388 891 3445 E.
929 3386 1033 3446 111.
1074 3383 1175 3464 25)
1217 3390 1278 3446 et
1320 3385 1385 3444 S.
1424 3385 1818 3464 Hieronymus
1851 3407 1880 3440 »
1919 3401 1956 3443 a
1993 3384 2310 3462 plerisque
2353 3385 2532 3445 reiici
2584 3409 2614 3440 «
2659 3387 2816 3450 dicit
2859 3389 2936 3451 {de

439 3483 573 3544 Vir.
607 3482 697 3540 ill.
723 3479 814 3560 4);
840 3485 1115 3541 attamen
1146 3481 1295 3541 licet
1326 3481 1406 3540 ob
1430 3481 1739 3558 singulare
1770 3497 1950 3540 suum
1982 3484 2422 3557 argumentum
2443 3499 2477 3540 a
2501 3483 2790 3544 Patribus
2817 3503 2936 3562 apo·

440 3579 679 3640 stolicis
709 3577 971 3655 allegata
998 3595 1121 3638 non
1153 3579 1263 3650 sit,
1293 3577 1439 3636 inde
1478 3581 1689 3636 tamen
1717 3577 1793 3636 ab
1833 3582 2098 3636 exeunte
2137 3593 2301 3636 saec.
2346 3579 2404 3636 2.
2439 3579 2504 3637 in
2529 3583 2661 3639 tota
2695 3580 2938 3641 Ecclesia

440 3681 607 3738 tanta
636 3691 783 3736 cum
808 3674 1221 3734 unanimitate
1249 3679 1345 3734 est
1372 3677 1656 3751 recepta,
1689 3676 1760 3732 ut
1782 3672 1860 3732 de
1889 3673 2024 3732 eius
2053 3689 2406 3733 summu-m
2433 3674 2722 3736 dubitare
2747 3696 2864 3738 non
2887 3677 2938 3734 li·

439 3779 605 3846 ceat3
639 3788 859 3834 revera
884 3788 1009 3831 non
1037 3770 1160 3830 nisi
1190 3787 1225 3829 a
1262 3771 1479 3846 paucis
1518 3792 1548 3822 «
1583 3769 1819 3829 criticis
1849 3793 1877 3822 »
1916 3769 2107 3828 hodie
2141 3769 2446 3842 reiicitur,
2491 3772 2598 3848 qui
2637 3791 2755 3850 pro
2791 3790 2938 3832 more

440 3887 552 3932 suo
574 3870 776 3929 varios
804 3871 866 3930 et
893 3867 1089 3926 miros
1120 3867 1274 3925 fines
1305 3866 1455 3925 huic
1486 3888 1515 3919 «
1549 3865 1789 3924 fictioni
1823 3888 1853 3920 »
1885 3865 2210 3942 affingunt.

508 3990 834 4062 Antiquitati
862 3999 917 4045 et
944 3987 1262 4045 auctoritati
1284 3987 1548 4057 epistolae
1569 3985 1947 4041 testimonium
1975 3985 2188 4058 insigne
2213 3989 2269 4044 S.
2302 3990 2499 4044 Petrus
2517 3988 2616 4046 dat
2633 4005 2758 4046 eam
2778 3991 2834 4046 in
2857 4007 2934 4045 sm

440 4079 679 4136 secunda
726 4076 1021 4145 adhihens3
1064 4091 1129 4131 eo
1170 4074 1383 4130 facilius
1422 4073 1590 4146 igitur
1626 4077 1854 4130 Patrum
1895 4073 2326 4145 apostolicorum
2369 4076 2729 4134 allusionibus
2768 4093 2932 4135 carm

440 4181 746 4238 possumus.
776 4166 1035 4221 Ceterum
1065 4179 1255 4218 versus
1282 4178 1333 4218 a.
1369 4167 1487 4218 170.
1517 4175 1640 4216 eam
1668 4160 1726 4215 in
1749 4159 2013 4216 ecclesiae
2039 4176 2306 4218 romanae
2333 4177 2545 4219 canone
2575 4163 2768 4232 fuisse,
2799 4174 2935 4221 testa-

440 4262 529 4309 tur
564 4258 804 4325 Fraqm.
837 4255 1144 4319 murator„
1176 4259 1345 4322 atque
1380 4247 1569 4320 paullo
1597 4257 1722 4318 post
1755 4246 2145 4304 Tertullianus
2183 4248 2276 4315 (de
2309 4251 2454 4306 Cult.
2483 4249 2614 4306 fem.
2651 4255 2696 4308 1.
2747 4257 2798 4320 3)
2834 4265 2935 4308 eam

440 4341 590 4397 velut
618 4341 940 4397 canonicam
968 4340 1037 4396 ab
1067 4339 1323 4394 omnibus
1357 4343 1636 4408 receptam
1660 4337 1934 4406 supponit.
1969 4336 2180 4392 Eodem
2206 4346 2461 4406 tempore
2501 4340 2766 4396 Clemens
2787 4341 2934 4395 Ales.

440 4445 564 4485 eam
584 4427 1037 4484 commentariolo
1050 4428 1309 4482 instruxit
1327 4433 1383 4481 et
1401 4426 1553 4480 velut
1573 4425 1912 4493 Scripturam
1932 4421 2188 4495 allegavit
2207 4425 2390 4492 (Paed.
2417 4426 2522 4480 111.
2547 4433 2610 4496 83
2631 4429 2826 4484 Strom.
2851 4425 2929 4480 Ill.

441 4523 475 4570 2
504 4515 587 4570 cl'r
612 4519 747 4570 Eus.
773 4516 848 4571 H.
882 4515 945 4570 Ε.
976 4515 1073 4570 vl.
1107 4521 1190 4569 13.
1230 4513 1345 4582 1⁴),
1382 4513 1663 4583 Oriqenes
1701 4509 1904 4566 diserte
1937 4526 2064 4566 eam
2097 4513 2360 4582 Apostolo
2395 4512 2568 4569 Iudae
2603 4523 2822 4570 auctore
2847 4509 2930 4566 ad-

442 4599 659 4672 scripsit
700 4601 1121 4672 frequenterque
1158 4597 1411 4654 adhibuit
1454 4598 1531 4667 (in
1569 4597 1768 4652 Matth.
1811 4605 1946 4653 tom.
1981 4599 2055 4652 X.
2103 4605 2193 4667 ¹⁷5
2226 4601 2280 4653 in
2319 4602 2430 4654 Ios.
2469 4600 2620 4656 hom.
2657 4597 2932 4672 ηις-ἀρ
