3050 5184
367 311 489 370 304
592 326 667 370 DE
708 326 845 369 VET.
890 325 1147 370 TESTAM.
1192 326 1379 370 umus
1419 326 1774 371 DIDACTICIS.
1817 341 1898 354 -
1937 326 2068 370 cn.
2115 327 2186 368 11.
2231 325 2307 369 BE
2348 325 2524 370 muno
2563 325 2676 369 1013.

370 471 514 528 quae
544 457 783 527 peccatis
810 456 1042 512 meritus
1070 457 1155 511 sit.
1190 457 1521 514 Tacentibus
1546 459 1658 515 iam
1685 457 1864 514 tribus
1899 458 2118 525 amiciS,
2151 473 2324 528 quum
2351 455 2484 528 quid
2511 453 2890 526 responderent

373 543 509 599 lobo
536 559 651 598 non
680 543 917 616 amplius
942 542 1228 614 haberent,
1258 545 1435 617 surgit
1458 554 1708 617 quartus,
1737 545 1881 613 Elin,
1911 546 2006 617 qui
2031 544 2466 601 controversiam
2494 544 2652 599 finire
2677 549 2890 598 conatus

374 631 571 686 lobum
598 630 667 687 ab
696 631 850 686 omni
883 631 1111 703 quidem
1143 633 1303 703 culpa
1328 649 1443 688 non
1468 633 1734 702 absolvit,
1761 633 2104 688 calamitates
2127 640 2315 688 autem
2341 632 2507 687 etiam
2541 630 2614 688 ad
2640 629 2890 686 maiorem

372 719 429 773 in
476 719 769 774 virtutibus
806 716 1115 790 profectum
1159 719 1575 790 procurandum
1611 736 1644 776 a
1680 723 1801 776 Deo
1843 721 1990 776 mitti
2034 720 2216 776 docet.
2265 720 2390 775 Eliu
2427 717 2612 776 adhuc
2651 717 2893 789 loquente

368 816 602 877 apparet
628 808 780 862 Deus
802 806 919 877 ipse
947 804 1438 880 disceptationique
1466 809 1640 864 finem
1675 809 1911 880 imponit
1937 806 2276 880 gravissimis
2298 806 2477 862 verbis
2503 805 2778 878 castigans
2799 803 2894 858 dis·

373 894 689 964 putantium
724 892 1180 964 imprudentiam,
1221 895 1315 967 qui
1350 895 1420 951 de
1457 895 1834 966 providentiae
1869 895 2090 951 divinae
2130 895 2408 967 mysteriis
2455 893 2719 950 iudicium
2767 891 2894 947 i'erre

370 995 549 1051 eaque
580 981 850 1036 curiosius
870 982 1104 1037 scrutari
1140 981 1367 1038 audent.
1406 983 1505 1039 lob
1544 983 1980 1055 imprudentiam
2017 998 2173 1039 suam
2211 981 2494 1054 professus
2513 997 2549 1038 a
2582 983 2700 1037 Deo
2725 979 2897 1036 amicis

372 1067 683 1138 praefertur
710 1075 876 1139 atque
903 1069 1061 1124 novis
1088 1069 1371 1126 beneficiis
1399 1069 1469 1126 ab
1496 1086 1564 1127 eo
1595 1072 1928 1127 cumulatur.

453 1255 511 1310 2.
546 1285 623 1296 ——-
652 1255 905 1314 Praeter
938 1253 1263 1314 exordium
1304 1253 1657 1334 (1,1-2‚13),
1691 1255 1862 1333 quod
1899 1273 2087 1333 prosa
2122 1256 2404 1316 oratione
2440 1253 2772 1314 historiam
2801 1251 2900 1312 Iob

370 1349 890 1428 calamitatesque
921 1351 1056 1410 eius
1084 1355 1322 1424 narrat,
1356 1354 1418 1411 et
1448 1351 1770 1429 epilogum
1801 1351 2132 1431 (42346),
2165 1352 2271 1430 qui
2315 1350 2542 1412 eodem
2579 1350 2774 1409 modo
2805 1365 2902 1407 no-

376 1462 519 1504 vam
541 1446 673 1505 lobi
697 1446 1011 1506 fortunam
1028 1447 1392 1518 adumbrat,
1415 1453 1544 1508 tres
1569 1452 1782 1526 partes
1805 1453 1949 1526 apte
1984 1448 2492 1526 distinguuntur:
2519 1446 2749 1524 triplex
2779 1443 2902 1504 lobi

372 1557 519 1600 cum
565 1541 769 1602 tribus
810 1543 1031 1602 amicis
1080 1561 1448 1621 congressus
1488 1543 1882 1622 (3,1-31,4Ο),
1918 1546 2253 1650 conciones
2290 1544 2429 1604 Eliu
2474 1541 2596 1623 (32,
2607 1545 2676 1602 1-
2681 1543 2758 1602 37
2764 1542 2899 1616 ,24)

376 1638 492 1698 Dei
526 1655 850 1698 sermones
880 1637 1000 1716 (38,
1011 1642 1038 1698 1
1048 1641 1153 1699 -42
1160 1639 1264 1720 6).

449 1771 783 1826 Exonnmm
816 1773 1014 1837 (1,1·2.
1024 1775 1129 1836 13),
1170 1786 1357 1826 veram
1394 1772 1776 1828 calamitatum
1805 1772 1923 1828 lobi
1961 1785 2188 1827 causam
2223 1769 2542 1826 manifestat
2575 1778 2634 1825 et
2661 1769 2904 1842 disputa-

376 1857 595 1911 tionum
632 1857 979 1912 occasionem
1014 1857 1238 1913 indicat.
1278 1889 1349 1898 —
1384 1858 1530 1926 lobi,
1561 1859 1666 1914 viri
1701 1859 1959 1931 piissimi,
1989 1859 2250 1914 virtutem
2285 1855 2622 1928 probaturus
2651 1865 2708 1912 et
2743 1856 2907 1912 mani·

377 1942 681 1999 testatums
712 1944 863 2000 Deus
890 1951 1114 2001 satanae
1139 1945 1439 2017 permittit,
1464 1955 1527 2003 ut
1553 1962 1683 2002 eum
1718 1945 2124 2002 calamitatibus
2152 1945 2318 2002 variis
2359 1943 2567 2016 affligat
2595 1949 2902 2013 (1,1-2,10).

380 2029 664 2086 Afflictum
692 2030 1016 2087 consolandi
1044 2032 1218 2103 gratia
1244 2041 1361 2088 tres
1388 2032 1551 2089 amici
1580 2033 1823 2089 invisunt
1853 2035 2136 2104 (zu-18).

450 2129 651 2182 Prima
678 2141 835 2182 PARS
872 2131 1191 2196 (3,1-31,40)
1228 2129 1525 2201 triplicem
1561 2129 1693 2184 lobi
1729 2131 2170 2204 amicorumque
2205 2130 2684 2202 disputationem
2712 2129 2788 2184 de
2821 2143 2906 2182 ca·

382 2215 731 2269 comitatum
767 2219 963 2270 causis
990 2215 1251 2286 exhibet,
1286 2218 1344 2272 in
1382 2231 1491 2288 qua
1529 2231 1658 2272 eum
1699 2216 1956 2273 ordinem
1983 2223 2134 2272 tenet
2164 2225 2356 2287 poeta,
2381 2224 2443 2271 ut
2468 2216 2703 2288 singulis
2729 2215 2907 2271 amicis

374 2317 447 2357 ex
476 2299 669 2356 ordine
698 2301 1091 2359 disserentibus
1117 2303 1215 2360 Iol)
1240 2303 1594 2375 respondeat.

452 2403 501 2452 .1.
542 2399 1062 2470 Disputationibus
1102 2415 1318 2455 ansam
1360 2400 1600 2471 praebet
1647 2401 1750 2454 Iob
1787 2399 1857 2455 de
1893 2401 2270 2457 calamitatum
2317 2398 2698 2472 magnitudine
2750 2399 2906 2455 vehe-

624 2493 840 2542 menter
868 2501 1210 2557 conquerens
1240 2492 1473 2554 (3.1-19)
1499 2497 1555 2543 et
1593 2486 1974 2560 queribundus
2011 2489 2386 2560 interrogem,
2415 2503 2516 2542 cur
2551 2489 2706 2543 Deus
2735 2487 2906 2543 bomi-

626 2589 779 2642 nem,
814 2573 909 2645 qui
936 2582 1051 2630 tam
1080 2575 1199 2630 dira
1222 2576 1481 2647 patiatur,
1512 2576 1784 2632 creaverit
1809 2581 2100 2645 (3,20-26).

442 2676 502 2724 2.
525 2670 589 2724 In
612 2684 1068 2726 nlsruurrous
1092 2686 1289 2726 rums
1313 2673 1638 2739 (4,1-14,22)
1658 2671 1818 2726 amici
1839 2671 2016 2743 magis
2030 2670 2296 2727 indirecte
2315 2669 2604 2728 ostendere
2624 2679 2906 2728 conantur.

628 2757 800 2814 solam
838 2757 1215 2812 calamitatum
1250 2775 1492 2814 causam
1534 2761 1600 2814 in
1632 2759 1763 2814 lobi
1793 2763 2045 2831 peccatis
2083 2761 2266 2814 sitam
2301 2774 2448 2826 esse,
2479 2759 2910 2831 poenitentique

624 2847 982 2918 promittunt
1004 2844 1308 2916 felicitatis
1334 2847 1598 2902 amissae
1622 2850 2068 2904 restitutionem.

444 2947 527 3008 a.)
560 2945 766 2998 Oratio
794 2941 1053 3014 Elipltaz
1081 2948 1135 2997 et
1164 2947 1461 3015 responsio
1491 2943 1621 2998 lobi
1654 2941 1967 3012 ’(4,1-7,21).
1997 2973 2068 2985 -—
2101 2943 2355 3016 Elipleaz
2395 2943 2546 2998 velut
2587 2943 2908 3014 principium

629 3031 847 3092 statuit,
894 3030 1242 3085 innocentem
1272 3046 1577 3102 numquam
1615 3032 1794 3102 perire
1821 3036 2068 3100 (⁴,1‚11)‚
2101 3040 2157 3086 et
2192 3031 2400 3086 visione
2427 3030 2679 3095 edoctus,
2707 3031 2912 3085 nullum

632 3117 913 3172 hominem
962 3133 1079 3173 esse
1119 3117 1330 3189 justum
1378 3120 1666 3188 (4,12-21),
1711 3118 1965 3175 hortatur
2007 3117 2233 3186 Iobum,
2270 3127 2333 3172 ut
2379 3117 2448 3173 ad
2477 3120 2660 3173 Deum
2687 3117 2913 3189 refugiat

634 3211 880 3271 (5.1-27).
902 3235 973 3244 -
992 3203 1205 3275 Quibus
1228 3203 1496 3261 indirecte
1524 3214 1740 3262 tantum
1770 3205 2109 3279 respondens
2137 3205 2242 3260 Iob
2266 3207 2540 3262 rationem
2568 3205 2912 3277 querelarum

632 3307 856 3347 suarum
884 3293 1118 3364 explieat
1150 3298 1384 3362 (6,1-12)
1410 3294 1830 3365 amicorumque
1857 3295 2060 3350 iustitia
2098 3295 2391 3366 implorata
2419 3297 2694 3361 (6,13-20)
2721 3293 2910 3348 iterum

633 3380 935 3452 interrogat
950 3423 963 3446 ,
992 3396 1091 3435 cur
1114 3397 1146 3436 a
1171 3383 1290 3436 Deo
1320 3389 1434 3436 tam
1458 3380 1757 3437 crudeliter
1783 3389 2054 3437 tractetur
2081 3385 2334 3450 (7‚1-21).

452 3474 539 3546 b.)
578 3475 796 3532 Oratio
836 3477 1086 3532 Baldad
1127 3483 1183 3532 et
1212 3478 1344 3532 lobi
1373 3477 1666 3548 responsio
1714 3477 2056 3548 (8,1-10,20).
2091 3507 2164 3518 --
2203 3476 2600 3532 Vehementius
2635 3479 2912 3549 insurgens

636 3563 877 3618 Baldad
914 3564 1249 3635 principium
1288 3563 1431 3620 illud
1472 3564 1801 3620 auctoritate
1836 3565 2150 3636 sapientum
2187 3563 2386 3635 probat
2430 3563 2714 3636 proposita
2761 3577 2912 3635 para-

632 3649 781 3720 bola,
810 3667 951 3722 quae
977 3652 1317 3724 resipiscenti
1344 3653 1646 3708 feliciorem
1675 3661 1883 3708 sortem
1907 3652 2182 3723 promittit
2207 3654 2464 3718 (sa-22).
2493 3681 2568 3692 --
2596 3652 2792 3723 Itaque
2819 3649 2912 3706 [ab

634 3737 963 3810 principium
984 3738 1120 3795 illud
1140 3737 1343 3796 diserte
1370 3740 1660 3812 impugnat
1690 3741 1930 3810 (9,1-22),
1962 3738 2060 3795 sed
2087 3755 2145 3795 se
2174 3755 2398 3810 prorsus
2426 3739 2637 3795 iustum
2663 3754 2778 3796 non
2807 3752 2912 3794 ωδε

637 3827 900 3898 profitens
950 3827 1217 3898 (9,23-35)
1262 3844 1292 3883 a
1330 3830 1448 3883 Deo
1497 3829 1702 3898 expetit
1749 3835 2100 3897 peccatorum
2147 3841 2374 3882 suorum
2421 3825 2911 3882 manifestationem

640 3919 916 3982 (lost-13)
950 3916 1257 3986 repetitque
1296 3916 1784 3986 interrogationem
1823 3915 1892 3972 de
1927 3915 2304 3971 oelamitatum
2333 3929 2558 3970 suarum
2608 3929 2770 3970 causa
2811 3917 2910 3978 (10,

643 4003 847 4074 14-22).

453 4102 534 4165 c.)
565 4101 775 4154 Oratio
798 4101 1033 4170 Sophar
1065 4098 1305 4171 lobique
1336 4100 1637 4169 responsio
1673 4097 2060 4169 (11,1-14,22).
2089 4127 2160 4140 --
2187 4098 2417 4170 Sophar
2443 4098 2615 4153 iratus
2643 4094 2910 4170 arroganti

637 4186 959 4258 loquacitati
1007 4185 1125 4241 lobi
1162 4186 1393 4256 opponit
1427 4186 1754 4240 omnisciam
1799 4185 2128 4258 sapientiam
2167 4184 2444 4254 divinam,
2483 4185 2580 4242 sed
2623 4181 2912 4257 poenitenti

636 4275 813 4328 amico
846 4272 1158 4329 felicitatem
1198 4273 1469 4344 promittit
1500 4273 1790 4344 (11,1-20).
1815 4302 1885 4315 -
1921 4273 2020 4328 Iob
2052 4287 2180 4329 vero
2215 4275 2424 4330 amicos
2451 4272 2792 4346 aggreditur,
2827 4267 2910 4342 qui

636 4362 741 4417 Dei
778 4369 961 4432 partes
992 4361 1136 4416 male
1174 4368 1397 4434 agentes
1428 4361 1546 4416 eius
1582 4361 1724 4416 iram
1767 4369 2068 4430 provocent
2108 4363 2501 4433 (12,1-13,12);
2537 4359 2736 4417 deinde
2763 4371 2910 4414 suam

638 4448 897 4505 fiduciam
924 4447 1207 4520 professus
1235 4457 1456 4518 peecata
1484 4463 1584 4504 sna
1609 4446 2014 4504 calamitatibus
2032 4463 2146 4504 non
2171 4463 2292 4506 esse
2317 4449 2468 4521 paria
2499 4445 2782 4506 contendit
2807 4450 2906 4512 (13.

649 4541 835 4602 13-28)
867 4534 1081 4592 duabus
1108 4535 1365 4594 indicatis
1388 4536 1719 4606 rationibus,
1747 4551 1846 4592 cur
1873 4536 2042 4593 homo
2063 4544 2179 4593 tam
2207 4551 2396 4593 severe
2424 4537 2654 4594 iudicari
2679 4549 2790 4591 non
2817 4531 2912 4588 de-

640 4623 767 4681 beat
796 4624 1081 4697 (ml-22).
