3050 5184
451 246 530 309 80
609 264 764 307 ms'r.
798 264 1084 309 ‘rex‘rmm
1113 260 1606 309 PRmIGEMORUM.
1635 278 1715 289 --·
1743 262 1877 306 CAP.
1910 264 1979 308 11.
2009 266 2083 309 DE
2111 265 2309 310 'ri-:x'rc
2336 266 2569 312 GRAECO
2600 268 2739 313 Novl
2768 271 2931 315 TEST.

451 386 548 450 aut
571 394 707 451 alias
735 397 1014 452 versiones
1033 396 1298 469 genuinos
1321 393 1673 450 revelationis
1704 392 1883 449 sontes
1910 410 2028 451 esse
2057 398 2299 469 negabit.
2320 398 2656 455 Attendatur
2682 400 2852 467 enim,
2876 418 2981 457 non

451 483 693 555 singulos
734 484 950 541 codices
978 499 1011 540 a
1033 484 1192 540 nobis
1221 483 1330 539 dici
1368 480 1715 537 authenticos
1756 483 2105 539 revelationis
2132 484 2341 555 fontes,
2382 486 2478 542 sed
2522 487 2679 543 illum
2724 504 2981 561 graecum

449 579 690 642 textum,
718 572 813 644 qui
841 570 1145 628 secundum
1177 586 1345 627 sanae
1381 569 1601 626 criticae
1628 579 1919 643 praecepta
1958 587 2025 627 ex
2054 574 2264 644 graecis
2291 573 2575 631 codicibus
2600 577 2982 649 superstitibus

450 659 726 732 colligitur
737 660 780 716 ².

520 749 644 804 Non
673 748 974 806 diffitemur
1011 749 1262 820 quidem,
1307 762 1480 803 unum
1518 748 1823 803 alterumve
1873 747 2057 805 locum
2095 750 2351 822 reperiri,
2396 752 2457 806 in
2498 766 2610 824 quo
2652 768 2847 810 revera
2891 770 2979 826 ge-

449 837 650 893 nuinus
687 845 870 893 textus
907 851 1162 908 graecuS‚
1205 844 1370 907 prout
1405 851 1472 891 ex
1514 833 1797 891 codicibus
1844 838 2052 908 graecis
2092 839 2461 896 constituatur
2506 848 2756 912 oportet,
2786 857 2821 897 a
2858 842 2979 895 Vul-

449 933 574 997 gata
601 923 910 990 dissentiet,
940 924 1176 980 maxime
1207 930 1230 980 1
1273 926 1394 979 Cor.
1433 928 1593 991 15‚15
1626 931 1683 979 et
1712 930 1736 979 1
1770 927 1940 979 Ioan.
1972 931 2094 993 5‚⁷;
2126 934 2183 980 at
2210 926 2280 981 de
2308 926 2504 997 prioris
2529 936 2716 984 textus
2748 930 2977 1001 genuina

449 1012 682 1069 lectione
719 1028 790 1069 ne
829 1012 908 1068 illi
945 1013 1052 1085 ipsi
1096 1010 1322 1083 quidem
1352 1010 1600 1083 theologi
1636 1020 1851 1067 eertum
1884 1011 2146 1069 iudicium
2184 1014 2335 1088 ferre,
2356 1014 2590 1084 audent,
2634 1016 2727 1087 qui
2767 1016 2887 1072 aliis
2926 1016 2976 1070 in

450 1101 584 1157 locis
609 1100 880 1170 Vulgatae
904 1100 1291 1157 auctoritatem
1322 1114 1520 1172 graeco
1550 1099 1721 1155 textui
1755 1098 2098 1170 praeierunt,
2130 1101 2354 1157 alterius
2383 1111 2568 1158 autem
2596 1118 2791 1160 versus
2828 1104 2979 1159 omis·

449 1188 604 1244 sione
629 1187 930 1245 substantia
959 1187 1272 1259 scripturae
1299 1202 1413 1242 non
1441 1187 1745 1259 attingitur,
1778 1202 1949 1258 quum
1977 1187 2178 1261 dogma
2204 1187 2360 1256 illud,
2388 1190 2535 1261 quod
2564 1192 2722 1247 latini
2747 1191 2978 1263 theologi

451 1276 784 1332 recentiores
813 1292 877 1331 ex
908 1292 975 1333 eo
1004 1275 1317 1343 deducunt,
1343 1277 1537 1330 Patres
1564 1274 1777 1347 antiqui
1795 1276 1981 1348 graeci
2006 1284 2063 1331 et
2084 1275 2265 1347 latini,
2292 1277 2491 1349 quibus
2515 1278 2777 1334 omnibus
2799 1294 2976 1334 versus

449 1364 542 1420 ille
576 1364 796 1437 ignotus
833 1372 980 1433 erat,
1009 1362 1136 1419 aliis
1171 1364 1362 1419 multis
1399 1362 1535 1418 locis
1571 1362 1753 1434 graeci
1789 1370 1973 1419 textus
2005 1363 2206 1420 clarius
2237 1374 2294 1420 et
2328 1364 2608 1421 efficacius
2644 1364 2979 1421 demonstra-

452 1452 642 1509 verint.

518 1541 772 1598 Ceterum
811 1540 952 1598 bene
998 1550 1286 1596 teneamus
1325 1547 1573 1611 oportet,
1601 1540 1899 1610 Apostolos
1927 1556 2165 1612 qraeoe,
2194 1556 2309 1595 non
2350 1540 2548 1607 latine,
2580 1542 2867 1613 scripsisse
2890 1556 2980 1596 nec

450 1629 562 1685 ulla
591 1628 840 1685 versione
864 1626 1248 1701 primigenium
1275 1634 1488 1683 textum
1518 1626 1763 1698 perfecte
1788 1626 1965 1683 reddi.
1998 1629 2080 1684 Ut
2106 1628 2404 1700 genuinam
2433 1627 2838 1700 Apostolorum
2862 1645 2976 1685 sen-

449 1718 678 1773 tentiam
707 1716 1081 1788 perciperent,
1108 1715 1333 1771 maximi
1358 1717 1551 1770 Patres
1577 1714 1761 1783 latini,
1787 1716 2125 1788 Augustinus
2152 1725 2207 1771 et
2233 1716 2636 1788 Hieronymus,
2662 1730 2976 1789 graecorum

453 1804 872 1871 vocabulorum,
906 1803 1104 1877 quibus
1141 1802 1220 1859 usi
1262 1810 1420 1859 erant
1445 1803 1589 1858 sacri
1614 1803 1936 1874 scriptores,
1971 1803 2080 1859 vim
2102 1812 2158 1859 et
2184 1812 2515 1876 potestatem
2550 1804 2972 1875 perpenderunt,

451 1894 811 1965 exemploque
837 1908 968 1956 suo,
996 1890 1131 1963 quid
1155 1890 1314 1948 nobis
1342 1889 1658 1947 faciendum
1682 1894 1780 1964 sit,
1807 1894 2111 1951 clarissime
2135 1895 2353 1951 docent.

513 2095 579 2159 (2)
610 2097 776 2153 Quare
803 2093 881 2143 illi
909 2093 1032 2159 ipsi,
1057 2094 1148 2158 qui
1169 2106 1404 2155 graecum
1427 2095 1624 2143 textum
1656 2097 1953 2156 corruptum
1976 2106 2086 2144 esse
2105 2093 2411 2145 lectionibus
2431 2093 2792 2144 demonstrare
2812 2092 2972 2141 volue-
3027 2108 3028 2111 ¹

451 2178 590 2233 runt,
621 2187 754 2239 quae
777 2186 808 2223 a
829 2172 1042 2236 Vulgata
1068 2176 1244 2223 nostra
1267 2171 1570 2222 dissentiant
1584 2209 1598 2230 ,
1618 2171 1721 2221 sere
1746 2170 1959 2235 singulis
1978 2172 2085 2222 suis
2106 2171 2479 2223 obiectionibus
2506 2171 2697 2223 addere
2721 2175 2969 2236 coguntur.

452 2254 578 2304 alios
605 2254 778 2304 adesse
813 2252 1012 2303 codices
1043 2252 1434 2315 manuscriptos,
1469 2250 1563 2315 qui
1604 2264 1722 2301 cum
1758 2250 1971 2313 vulgata
2004 2255 2293 2302 consonent.
2320 2253 2484 2302 Porro
2525 2250 2839 2302 obiectiones
2874 2250 2975 2299 illae

450 2346 627 2383 omues
657 2346 870 2383 erronee
906 2335 1226 2396 supponunt,
1257 2330 1524 2393 vulgatam
1557 2333 1780 2379 nostram
1816 2331 1879 2380 ab
1908 2330 2145 2381 omnibus
2175 2329 2384 2381 omuino
2420 2330 2620 2382 mendis
2650 2344 2767 2383 esse
2804 2330 2973 2381 immu-

455 2426 591 2475 nem3
613 2425 716 2477 qua
733 2411 798 2464 de
828 2411 1126 2477 quaestione
1155 2410 1285 2476 quid
1305 2408 1631 2461 sentiendum
1657 2409 1750 2469 sit,
1776 2407 1915 2461 infra
1936 2412 1964 2473 ς
1986 2415 2061 2461 18.
2094 2409 2428 2474 inquiremus.
