3050 5184
364 286 484 343 394
562 299 637 343 ns
680 299 817 343 ver.
853 299 1103 347 ‘resi-Au.
1141 300 1331 343 merus
1370 298 1777 344 morumne.
1809 316 1888 329 —-
1915 301 2042 345 car.
2075 301 2167 345 111.
2203 302 2276 345 ns
2309 300 2596 346 masmae
2622 301 2810 345 mann.

435 428 647 487 Altera
696 434 948 498 (45‚1-5;
992 434 1261 500 52,1-34)
1316 426 1698 487 vaticiniorum
1757 429 2204 503 praecedentium
2249 431 2540 489 veritatem
2593 432 2855 488 confirmat

610 519 785 575 relato
816 518 1079 591 parvulo
1117 518 1351 574 oraculo
1388 519 1463 573 de
1496 518 1736 573 Bar-uolt
1768 522 1911 585 (4⁵‚1
1929 523 2035 589 ·5)‚
2067 518 2215 592 quod
2253 534 2304 575 a.
2343 526 2396 574 4.
2435 519 2644 576 ΙοειΙιίιιι
2671 520 2855 575 editum

607 605 798 662 Iudaei
834 622 1021 661 coram
1062 606 1235 661 oculis
1280 605 1395 663 suis
1436 606 1658 676 impleri
1699 604 1984 676 viderunt,
2028 614 2086 663 et
2129 608 2500 665 accuratiore
2538 611 2856 663 nmatione

610 692 809 750 excidii
832 694 983 749 urbis
1012 698 1154 761 (5251
1172 698 1314 761 -30).
1341 692 1617 749 Exaltatio
1643 693 1935 750 lechoniae
1963 694 2186 751 demum
2215 695 2384 751 etiam
2409 694 2655 751 vaticinia
2683 710 2858 751 conso-

611 781 807 837 latoria
835 781 945 837 iam
967 780 1185 837 initium
1212 781 1551 853 impletionis
1573 782 1844 837 invenisse
1869 782 2110 839 ostendit
2137 786 2314 852 (52‚31
2330 787 2472 851 -34).

444 937 503 992 4.
539 964 619 977 -
646 931 946 1009 Simplice
994 930 1363 1009 plerumque
1406 932 1698 992 Ieremias
1745 932 1943 993 utitur
1982 932 2232 993 dicendi
2275 947 2534 1011 genere,
2569 931 2860 992 interdum

366 1029 599 1088 laxiore
630 1032 692 1089 et
717 1028 1079 1088 remissiore
1118 1033 1223 1087 aut
1256 1028 1445 1088 etiam
1481 1027 1870 1100 verbosiore‚
1901 1034 1967 1088 at
2001 1046 2128 1089 non
2164 1029 2391 1090 desunt
2421 1030 2574 1103 loci,
2606 1046 2862 1106 praeser-

366 1126 481 1183 tim
514 1125 577 1183 in
602 1124 919 1184 vaticiniis
944 1127 1160 1185 contra
1186 1129 1432 1201 gentes,
1457 1125 1521 1184 in
1544 1125 1774 1201 quibus
1793 1126 1988 1185 Isaiae
2013 1126 2464 1189 sublimitatem
2489 1124 2622 1185 fere
2639 1128 2862 1202 aequat,

370 1222 631 1281 Maxime
670 1225 878 1281 autem
910 1221 966 1280 ei
1001 1222 1323 1298 proprium
1356 1225 1479 1293 est,
1512 1224 1584 1281 ut
1621 1238 1732 1281 sua
1765 1222 2183 1299 ipsiuS.verba
2221 1222 2470 1300 saepius
2507 1226 2753 1299 repetat
2785 1224 2864 1279 at-

365 1334 487 1394 que
514 1317 588 1376 ad
619 1316 1172 1394 praedecessorum
1198 1334 1455 1377 suorum
1483 1317 1675 1377 verba
1701 1318 1936 1378 alludat
1961 1335 2161 1396 eaque
2191 1319 2322 1379 suis
2349 1318 2585 1378 inserat

434 1432 518 1483 De
556 1429 817 1486 Ieremiae
843 1427 1064 1484 dicendi
1098 1445 1298 1500 genere
1340 1445 1455 1485 non
1493 1429 1718 1486 omnino
1753 1431 2104 1486 consentiunt
2143 1430 2500 1502 interpretes;
2544 1430 2715 1501 aliqui
2753 1444 2864 1485 cum

365 1522 421 1574 S.
450 1518 800 1589 Hieronymo
830 1516 1027 1584 (Praei.
1067 1517 1126 1572 in
1153 1518 1285 1585 Ier.)
1314 1531 1624 1573 sermonem
1660 1518 1778 1573 eius
1811 1518 2080 1573 incultum
2109 1526 2164 1573 et
2191 1534 2365 1589 paene
2395 1517 2760 1575 subrusticum
2789 1515 2864 1571 di-

364 1613 498 1660 cunt
524 1606 693 1671 (Sixt.
730 1608 913 1675 Sem),
944 1604 1114 1675 aliqui
1142 1619 1269 1659 cum
1303 1604 1541 1661 Sanctio
1568 1612 1624 1659 et
1650 1604 1942 1661 Ghislerio
1978 1605 2119 1661 nihil
2154 1604 2346 1661 rustici
2384 1606 2441 1661 in
2466 1622 2534 1661 eo
2563 1605 2863 1660 inveniunt.

364 1692 461 1747 sed
489 1692 791 1764 prophetae
813 1691 1183 1764 eloquentiam
1206 1690 1417 1763 magnis
1434 1690 1691 1748 laudibus
1709 1700 1927 1748 ornant.
1952 1696 2214 1749 Attamen
2232 1693 2302 1749 ab
2323 1692 2498 1750 Isaiae
2521 1693 2861 1751 sublimitate.

366 1779 801 1850 pulchritudine,
832 1780 1069 1851 puritate
1110 1779 1242 1834 satis
1278 1780 1438 1852 longe
1466 1778 1635 1835 distat
1676 1781 1962 1848 Ieremias3
1993 1780 2225 1851 simplex
2261 1781 2380 1837 eius
2407 1788 2575 1853 atque
2602 1778 2865 1837 interdum

364 1867 646 1923 remissior
672 1867 846 1935 stylus
872 1868 1051 1938 specie
1073 1867 1434 1939 negligentiae
1458 1882 1571 1922 non
1599 1876 1778 1935 caret3
1805 1867 1992 1939 liugua
2014 1867 2132 1924 eius
2157 1884 2258 1939 pro
2281 1876 2528 1938 tempore
2544 1911 2559 1936 ‚
2589 1885 2701 1940 quo
2727 1867 2862 1932 vixit,

364 1954 643 2011 nonnullis
671 1954 949 2011 vocabulis
979 1954 1277 2025 formisque
1310 1954 1642 2024 aramaizat3
1675 1954 1957 2010 verbosior
1987 1971 2208 2028 quoque
2236 1956 2526 2028 aliquoties
2555 1964 2671 2023 est,
2699 1964 2758 2011 ut
2787 1970 2865 2009 re-

366 2041 699 2099 dundantiae
728 2041 1058 2114 vituperium
1086 2057 1197 2097 non
1226 2043 1386 2113 plane
1414 2044 1618 2097 evitare
1649 2042 1918 2099 videatur.
1949 2046 2024 2098 At
2051 2042 2283 2114 simplex
2320 2060 2523 2112 sermo,
2551 2059 2666 2115 quo
2694 2058 2868 2099 sensus

362 2130 674 2201 gravissimi
698 2129 1093 2201 exprimuntur,
1120 2137 1283 2200 atque
1304 2128 1670 2186 redundantia
1689 2174 1702 2199 ‚
1731 2146 1872 2202 quae
1895 2131 2138 2185 animum
2166 2130 2547 2200 perturbatum
2572 2130 2868 2201 acerbeque

365 2216 554 2273 dolore
582 2226 919 2273 commotum
948 2216 1159 2287 prodit,
1190 2232 1347 2272 suam
1378 2232 1598 2289 quoque
1628 2217 1831 2274 habent
1862 2218 2352 2289 pulchritudinem.
2379 2217 2544 2274 Haud
2573 2233 2706 2275 raro
2739 2218 2867 2273 vitu-

364 2312 589 2375 peratur
626 2304 886 2360 Ieremias
922 2313 1145 2375 propter
1187 2305 1500 2376 frequentes
1538 2304 1893 2376 repetitiones
1929 2320 2157 2361 suorum
2194 2314 2248 2361 et
2279 2305 2516 2361 aliorum
2551 2306 2865 2369 verborum

368 2400 426 2447 at
464 2392 807 2462 propositum
849 2392 899 2447 ei
934 2407 1047 2446 non
1086 2391 1215 2459 fuit,
1258 2400 1320 2447 ut
1357 2392 1621 2449 varietate
1659 2392 1986 2462 delectaret,
2027 2391 2125 2447 sed
2167 2392 2361 2449 eadem
2399 2393 2634 2449 veritate
2671 2391 2870 2465 saepius

366 2479 595 2549 repetita
624 2478 839 2535 animos
866 2487 1175 2550 percuteret
1203 2478 1323 2547 (cfr.
1348 2496 1432 2535 ex.
1465 2496 1547 2552 gr.
1576 2486 1731 2549 7,16;
1761 2487 1944 2547 11‚t4;
1980 2486 2168 2547 14,11;
2195 2512 2260 2521 —
2279 2486 2404 2550 7‚25
2433 2496 2591 2553 sqq.;
2625 2487 2747 2548 11,7
2773 2496 2867 2552 sq.;

362 2573 489 2635 25‚⁴
506 2590 520 2635 ς
552 2572 708 2635 26,5;
740 2572 931 2636 29,19;
965 2573 1152 2636 35‚15;
1182 2572 1307 2635 44,4
1338 2572 1490 2634 ete),
1517 2576 1681 2639 atque
1708 2567 1779 2623 ob
1808 2568 2042 2623 similem
2071 2584 2292 2641 quoque
2319 2568 2594 2623 rationem
2627 2569 2870 2641 frequen-

366 2664 451 2709 ter
480 2653 674 2711 alludit
699 2670 871 2727 quum
897 2654 968 2710 ad
996 2656 1198 2727 Legem
1228 2656 1487 2722 (maxime
1514 2654 1587 2710 ad
1616 2656 2107 2723 Deuterononium)
2134 2664 2254 2711 tum
2280 2654 2352 2712 ad
2379 2656 2620 2712 aliorum
2647 2655 2869 2729 prophe·

366 2752 547 2799 tarum
596 2743 878 2810 vaticinia3
930 2752 1147 2814 tempus
1192 2743 1340 2798 enim
1383 2742 1710 2813 advenerat,
1751 2758 1861 2814 quo
1913 2744 2119 2815 Moysis
2158 2751 2214 2799 et
2260 2743 2660 2814 prophetarum
2705 2744 2870 2799 minae

368 2830 701 2887 exsecutioni
747 2838 905 2887 erant
944 2828 1317 2899 mandandae3
1365 2831 1517 2885 vanis
1561 2830 1726 2902 igitur
1772 2829 2382 2902 pseudoprophetarum
2427 2830 2871 2902 promissionibus

364 2935 484 2974 sese
518 2934 799 2991 opponens
840 2918 1319 2989 praedecessorum
1358 2933 1587 2974 suorum
1629 2915 1808 2972 verbis
1845 2916 2127 2973 interdum
2163 2918 2318 2989 loqui
2356 2917 2551 2987 voluit,
2586 2928 2651 2974 ut
2689 2932 2870 2975 eorum

369 3007 635 3062 vaticiniis
665 3006 725 3061 in
751 3008 1075 3061 memoriam
1103 3006 1372 3062 revocatis
1399 3020 1495 3060 sua
1526 3004 1896 3061 confirmaret.

729 3208 991 3264 qussrro
1024 3208 1122 3255 111.
1152 3232 1215 3242 —
1242 3206 1316 3254 De
1344 3206 1576 3255 Ieremias
1604 3208 1894 3267 Prophetiae
1921 3206 2105 3267 origine
2131 3212 2185 3253 et
2210 3208 2516 3255 auctoritate.

444 3384 501 3441 ὅ.
536 3414 613 3425 -
640 3384 727 3442 De
758 3384 997 3461 origine
1036 3407 1063 3437 «
1095 3383 1467 3461 Prophetiae
1496 3382 1794 3443 Ieremiae
1829 3407 1857 3439 »
1885 3383 2039 3443 haec
2065 3388 2208 3461 apte
2237 3384 2424 3444 statui
2455 3382 2772 3445 videntur.
2803 3382 2872 3443 Ut

366 3478 611 3539 exsules
644 3477 723 3538 ad
771 3479 1221 3556 poenitentiam
1264 3480 1570 3557 agendam
1617 3479 2066 3549 exhortaretur,
2109 3480 2279 3539 brevi
2314 3484 2458 3555 post
2499 3480 2868 3541 destructam

370 3575 587 3634 urbem
618 3574 921 3652 propheta
949 3592 1023 3635 ex
1052 3576 1297 3637 duobus
1326 3576 1624 3653 operibus
1653 3580 1834 3635 antea
1870 3576 1996 3635 iam
2031 3576 2402 3653 conscriptis
2430 3574 2670 3637 librum
2701 3590 2869 3634 suum

369 3671 455 3731 ita
493 3670 873 3748 composuit,
908 3675 979 3731 ut
1009 3671 1231 3731 ultima
1266 3688 1376 3732 sua
1414 3671 1707 3731 vaticinia
1741 3672 1832 3730 eis
1871 3672 2101 3747 partim
2141 3671 2474 3741 insereret,
2519 3672 2748 3749 partim
2781 3669 2872 3729 ad-

368 3767 563 3828 deret.
590 3767 1016 3846 Appendicem
1036 3772 1246 3827 autem
1272 3784 1491 3828 versus
1522 3770 1713 3826 finem
1733 3767 1895 3827 vitae
1922 3783 2066 3826 suae
2087 3766 2349 3838 adiecit,
2372 3769 2708 3845 postquam
2728 3767 2870 3825 forte

368 3864 531 3923 inter
570 3863 828 3924 Iudaeos
876 3862 940 3921 in
980 3862 1317 3941 Babylonia
1362 3863 1658 3941 degentes
1697 3862 1990 3935 eandem,
2023 3879 2212 3939 quam
2249 3863 2414 3941 apud
2457 3864 2866 3941 aegyptiacos,

364 3959 777 4019 idololatriam
807 3958 985 4019 vidit.

435 4076 597 4127 Anno
624 4078 679 4127 4.
721 4072 929 4141 Ioakim
962 4072 1221 4128 Ieremias
1254 4071 1508 4127 vaticinia
1547 4086 1646 4126 sua
1682 4087 1748 4127 eo
1777 4087 1950 4143 usque
1987 4070 2175 4127 habita
2208 4072 2388 4128 iussus
2422 4089 2454 4127 a
2481 4074 2602 4127 Deo
2631 4070 2870 4127 ministro

366 4175 463 4214 suo
493 4158 644 4214 fideli
671 4158 888 4215 Baruch
916 4158 1143 4215 dictavit
1172 4158 1492 4231 (36,1·32.).
1537 4159 1658 4227 Quo
1691 4159 1747 4214 in
1777 4173 1942 4229 opere
1979 4168 2195 4229 praeter
2221 4158 2401 4214 minas
2429 4168 2618 4214 contra
2651 4158 2871 4214 Iudaeos

364 4246 531 4302 etiam
568 4248 820 4303 vaticinia
851 4255 1041 4301 contra
1072 4257 1259 4318 gentes
1291 4246 1453 4302 fuisse
1484 4254 1742 4301 contenta
1761 4288 1774 4315 ‚
1805 4253 2022 4302 constat
2051 4262 2222 4317 quum
2251 4262 2316 4302 ex
2345 4248 2607 4302 mandato
2635 4246 2742 4301 Dei
2773 4248 2867 4309 (36.

364 4335 436 4404 2),
464 4342 582 4389 tum
606 4350 673 4389 ex
701 4335 873 4390 altera
900 4335 1164 4390 concione
1190 4350 1239 4389 a.
1271 4341 1325 4389 4.
1360 4334 1577 4390 Ioakim
1604 4334 1820 4403 habita,
1849 4348 1954 4405 qua
1985 4334 2177 4389 asserit
2202 4334 2524 4390 vaticinium
2550 4341 2744 4389 contra
2775 4334 2870 4385 Ba-

366 4421 621 4493 bylonem
646 4423 910 4494 scriptum
940 4438 1056 4477 esse
1090 4442 1115 4471 a
1144 4422 1201 4476 in
1229 4421 1371 4478 libro
1400 4422 1506 4475 isto
1545 4441 1570 4471 n
1607 4426 1828 4489 (25‚13).
1869 4420 1966 4476 Uti
1994 4422 2197 4485 minam,
2223 4422 2299 4476 ita
2327 4421 2716 4493 promissiones
2743 4418 2868 4475 scri-

367 4508 497 4563 bere
525 4510 704 4565 iussus
731 4519 812 4564 est
852 4513 1015 4575 (303)
1046 4509 1241 4581 idque,
1275 4517 1335 4563 ut
1370 4507 1658 4579 probabile
1687 4508 1912 4565 omnino
1951 4520 2060 4577 est,
2094 4506 2290 4564 eodem
2317 4524 2370 4564 a.
2409 4515 2462 4564 4.
2496 4508 2738 4573 Ioakim3
2770 4520 2868 4576 quo

368 4604 615 4667 tempore
651 4597 798 4651 enim
838 4596 1348 4652 Nabuchodonosor
1385 4596 1560 4668 prima
1591 4598 1708 4652 vice
1736 4596 2036 4652 Ierusalem
2065 4612 2196 4652 voce
2224 4596 2452 4652 terroris
2488 4596 2736 4667 implevit
2763 4592 2868 4664 pri-
