3050 5184
805 315 878 358 nn
920 314 1074 358 unm
1113 314 1308 358 isaim
1349 313 1709 360 Aacunnn'ro
1751 315 1827 358 m·
1870 315 2111 360 omnus.
2596 299 2709 356 377

243 452 304 502 2.
345 447 560 502 Concio
590 446 884 511 secunda,
915 447 1028 502 etsi
1053 444 1327 519 futurum
1357 445 1657 524 iudicium
1685 463 1801 501 non
1830 451 2015 510 tacet,
2044 446 2234 516 maqis
2274 452 2475 500 tamen
2512 461 2709 500 conso-

431 533 718 590 latorium
747 540 1162 606 arqumentum
1191 533 1426 591 indicat
1461 535 1771 604 (2‚1-5·‚3o).
1804 565 1877 574 -
1912 535 1994 590 Ut
2030 533 2102 590 ad
2139 534 2443 606 gloriosum
2481 549 2712 606 regnum

429 623 664 678 Messiae
703 637 830 678 cum
863 623 1118 692 gentibus
1155 631 1468 691 accurrant,
1501 622 1693 679 Iudaei
1729 623 2031 678 invitantur
2062 623 2289 692 (2·,1-5);
2319 637 2485 692 quam
2514 621 2709 676 invita-

429 709 638 766 tionem
681 711 1050 766 necessariam
1094 724 1215 766 esse
1259 709 1422 766 docet
1467 710 1795 781 perversitas
1840 710 2055 780 populi,
2096 725 2238 780 quae
2282 707 2481 764 divinis
2522 710 2713 779 poenis

427 795 712 854 auferetur
746 799 1024 866 (2‚6-4‚1).
1061 799 1144 853 Ne
1177 813 1308 854 vero
1343 799 1556 870 integer
1592 799 1831 870 populus
1865 795 2231 854 destruendus
2269 796 2539 864 videatur,
2580 811 2709 868 pro-

433 886 656 955 ponitur
689 885 1010 942 vaticinium
1043 885 1114 942 de
1151 886 1396 957 germine
1433 902 1501 942 ex
1540 885 1679 941 Iuda
1718 885 2102 959 progrediente
2136 893 2190 940 et
2218 884 2479 957 reliquias
2506 886 2710 941 sancti-

426 973 627 1030 ficante
663 973 874 1044 (4‚2-6)‚
909 973 998 1028 cui
1035 971 1258 1028 additur
1301 972 1561 1044 parabola
1591 973 1659 1029 de
1689 976 1845 1030 vinea
1880 972 2054 1029 sterili
2084 974 2297 1044 (5‚1-⁷)‚
2330 987 2496 1044 quam
2523 973 2581 1028 in
2608 989 2710 1044 po-

427 1061 560 1133 pulo
584 1061 854 1118 verificari
881 1060 1182 1116 ostendunt
1213 1070 1436 1133 peccata
1466 1062 1658 1132 poenis
1686 1061 1889 1118 luenda
1917 1065 2174 1130 (5‚8·30).

242 1156 296 1206 3.
336 1151 528 1218 Visio,
573 1166 696 1222 qua
734 1151 1018 1222 propheta
1056 1151 1466 1232 inan-curatur
1513 1150 1733 1221 (6,1-13)
1782 1150 1898 1204 eius
1938 1150 2323 1205 auctoritatem
2370 1147 2711 1204 demonstrat
2731 1219 2743 1232 ι

431 1239 630 1306 (6,1-7)
661 1236 1014 1310 fructumque
1039 1236 1313 1294 missionis
1337 1238 1520 1293 innuit
1548 1237 1805 1308 (tm-18).

241 1329 406 1384 PARS
436 1340 624 1383 Pmon
655 1325 966 1396 (zi-3⁷38)
1001 1345 1016 1380 :
1046 1327 1192 1382 Sion
1213 1331 1272 1381 et
1292 1326 1547 1381 mundus
1574 1327 1643 1380 in
1666 1326 1891 1382 iudicio
1908 1325 2305 1382 ·redimentur.

247 1421 296 1470 ι.
337 1413 490 1469 Sion
523 1419 782 1486 tempore
816 1413 1022 1469 Aeliaz
1048 1431 1086 1470 a
1117 1418 1238 1470 Deo
1273 1429 1382 1486 per
1413 1415 1691 1484 Assyrios
1725 1417 1999 1486 punitur,
2032 1413 2136 1468 sed
2170 1413 2441 1469 salvatur
2470 1421 2711 1486 propter

425 1503 765 1558 Emmanuel
795 1503 1110 1574 (zi-126).

243 1592 522 1647 Primum
561 1590 924 1645 vaticinium
958 1589 1033 1644 de
1065 1589 1436 1644 Emmanuete
1473 1606 1549 1644 ea·
1576 1590 1815 1658 Virqine
1838 1590 2151 1645 nascituro
2181 1589 2435 1660 (7,1-25).
2474 1620 2545 1630 —
2571 1592 2709 1662 Regi

425 1675 615 1733 Achaz
637 1677 858 1749 signum
892 1677 1080 1734 auxilii
1117 1685 1309 1732 contra
1350 1677 1519 1732 Israel
1560 1685 1616 1732 et
1659 1677 1873 1751 Syriam
1912 1677 2169 1748 promissi
2210 1685 2395 1748 petere
2436 1679 2707 1733 recusanti

425 1766 570 1820 Deus
597 1765 713 1836 ipse
739 1765 934 1821 statuit
974 1764 1226 1837 signum,
1253 1765 1671 1820 Emmanuelem
1705 1781 1771 1820 ex
1810 1765 2037 1838 Virgine
2073 1765 2417 1820 nasciturum
2456 1765 2705 1836 (7‚1-16)‚

427 1860 484 1908 at
513 1852 800 1909 incredulo
833 1853 949 1926 regi
975 1852 1142 1908 simul
1183 1852 1476 1908 annuntiat
1508 1867 1747 1924 poenam
1787 1868 1883 1924 per
1911 1852 2087 1908 socios
2119 1852 2236 1907 eius
2268 1854 2523 1926 Assyrios
2560 1853 2707 1910 inssi-

423 1940 658 2013 gendam
693 1943 982 2010 (7,17-25).

235 2029 576 2086 Secundum
597 2030 947 2086 vaticinium
973 2029 1047 2084 de
1064 2029 1438 2085 Emmanuele
1457 2031 1691 2104 eiusque
1717 2045 1894 2102 reyno
1921 2031 1989 2084 in
2016 2034 2168 2084 terra
2198 2029 2378 2084 lsrael
2406 2030 2709 2085 exoriente

426 2117 699 2186 (8‚1-9‚7).
727 2147 798 2157 —
823 2117 999 2173 Alteri
1039 2116 1339 2190 prophetae
1377 2118 1535 2189 signo
1571 2116 1641 2174 de
1678 2116 1830 2173 brevi
1874 2115 2100 2188 periculi
2128 2115 2417 2172 duratione
2442 2133 2557 2172 non
2584 2133 2707 2173 ere-

423 2203 562 2260 dens
587 2219 824 2277 regnum
854 2205 989 2260 luda
1018 2221 1145 2261 cum
1181 2206 1353 2260 Israel
1378 2215 1435 2261 et
1455 2207 1623 2278 'Syria
1652 2205 1916 2278 punietur
1941 2220 2041 2277 per
2067 2204 2322 2277 Assyrios
2339 2248 2352 2274 ‚
2384 2206 2482 2260 sed
2518 2219 2713 2260 serva--

420 2291 574 2348 bitur
601 2299 828 2364 propter
855 2293 1184 2348 Emmanuel
1211 2295 1465 2362 (8‚1-10).
1501 2291 1649 2364 Quid
1679 2295 1786 2349 ista
1812 2294 1870 2348 in
1896 2292 2217 2348 calamitate
2242 2307 2407 2363 agere
2434 2290 2701 2358 debeant,

426 2379 618 2436 Iudaei
635 2380 940 2436 edocentur
957 2384 1250 2450 (8‚11-22),
1278 2381 1454 2451 iisque
1474 2381 1815 2452 promittitur
1830 2381 1925 2437 lux
1953 2382 2010 2436 in
2036 2388 2183 2436 terra
2210 2381 2381 2436 Israel
2405 2382 2701 2449 exoritura,

425 2468 752 2524 Emmanuel
781 2467 1006 2540 eiusque
1029 2463 1265 2540 regnum
1289 2473 1510 2536 (9,1-7).

242 2559 518 2614 Tertium
557 2556 902 2612 vaticinium
943 2557 1016 2612 de
1045 2557 1422 2612 Emmanuele
1457 2557 1711 2626 gloriose
1738 2563 2019 2631 reynante
2059 2559 2372 2628 (9,8-12‚6).
2415 2588 2485 2598 —
2526 2558 2701 2628 Regni

425 2645 615 2710 lsrael,
649 2643 798 2717 quod
838 2659 939 2716 per
965 2645 1220 2717 Assyrios
1246 2643 1567 2700 destruetur
1602 2649 1919 2714 (9‚8·10‚4)‚
1945 2653 2001 2701 et
2036 2646 2191 2716 regni
2224 2645 2484 2717 assyriaci
2514 2654 2702 2716 postea

417 2731 690 2788 interituri
737 2733 1022 2802 (10‚5·34)-
1051 2733 1224 2788 ruinis
1282 2732 1580 2804 opponitur
1619 2733 1849 2788 Messias
1886 2748 1955 2788 ex
1997 2732 2193 2788 humili
2234 2733 2459 2804 quidem
2507 2741 2703 2788 trunco

423 2821 574 2876 Iesse
601 2818 982 2892 progredienS‚
1012 2818 1108 2876 sed
1143 2820 1381 2892 gloriose
1415 2836 1657 2892 regnans
1694 2822 1989 2890 (11‚1-16);
2030 2835 2201 2892 quare
2238 2819 2455 2876 cantico
2499 2821 2703 2893 gratias

427 2923 598 2980 agens
626 2908 896 2979 propheta
925 2907 1228 2964 sectionem
1256 2909 1518 2965 terminat
1545 2908 1799 2980 (ΩΑ-6).

233 3005 287 3054 2.
329 3003 528 3069 Reqna
564 2995 772 3052 mundi
814 2996 1210 3066 destruentur,
1243 2997 1346 3052 sed
1385 3012 1580 3052 eorum
1621 2997 1912 3070 reliquiae
1954 2995 2425 3054 benedictionum
2460 2997 2701 3052 Messiae

415 3085 732 3160 participes
753 3082 894 3154 fient
925 3085 1306 3152 naa-mna).

238 3176 408 3230 Onus
431 3170 762 3242 Babylonis
793 3172 1170 3242 (lan-1437),
1202 3180 1391 3244 utpote
1420 3172 1536 3247 typi
1561 3173 1845 3245 potestatis
1868 3172 2358 3229 antimessianicae.
2391 3202 2462 3212 —
2485 3173 2700 3228 Descri-

414 3269 512 3332 pto
539 3260 766 3316 interitu
795 3260 1088 3332 Babylonis
1127 3260 1392 3331 (itm-22)
1421 3259 1719 3333 iudiciique
1756 3260 1921 3316 huius
1961 3259 2143 3316 fructu
2172 3259 2412 3316 indicato
2446 3263 2617 3327 (14,1.
2644 3265 2695 3324 2)

415 3347 684 3420 reliquiae
715 3348 888 3404 Israel
915 3347 1148 3419 epinicio
1185 3347 1470 3405 celebrant
1499 3347 1798 3420 Babylonis
1836 3348 2057 3405 ruinam
2087 3347 2383 3418 (14‚3-21);
2411 3347 2699 3404 certitudi-

414 3451 546 3491 nem
583 3444 770 3492 autem
799 3435 961 3490 huius
997 3435 1182 3491 iudicii
1219 3435 1392 3491 futuri
1418 3437 1712 3492 confirmat
1746 3435 2019 3507 propheta
2047 3434 2369 3507 praedicens
2402 3435 2699 3492 instantem

413 3525 770 3596 Assyriorum
791 3522 1006 3578 cladem
1038 3524 1359 3593 (14‚22-27).

235 3616 396 3668 Onus
433 3615 698 3683 yentium
736 3612 1068 3667 vicinarum
1108 3613 1500 3682 (14,28-17,14)
1546 3627 1625 3668 sc.
1655 3611 2156 3668 Philisthaeorum
2202 3612 2501 3682 (ΗΑΒ-32)
2538 3644 2609 3652 —-
2646 3620 2700 3667 et

413 3700 842 3764 Moabitarum,
867 3715 1036 3772 quos,
1069 3715 1240 3772 quum
1269 3713 1461 3756 eorum
1486 3714 1721 3772 regnum
1746 3699 1859 3755 iam
1887 3698 2229 3757 destructum
2248 3699 2429 3754 videat
2452 3703 2692 3770 (15,1·9),

413 3805 446 3843 a
489 3789 622 3844 Sion
657 3788 922 3844 auxilium
969 3797 1154 3858 petere
1197 3787 1350 3844 iubet
1394 3788 1668 3860 propheta
1717 3789 1968 3858 (16‚1-5)‚
2010 3788 2140 3860 quia
2186 3787 2369 3860 gravis
2415 3788 2599 3843 sutura
2628 3788 2696 3842 sit

414 3891 608 3932 eorum
651 3875 811 3932 ruina
853 3883 908 3930 et
953 3890 1081 3930 mox
1124 3875 1344 3931 initium
1393 3875 1648 3931 habitura
1694 3875 1981 3946 (16‚6-14)‚
2008 3905 2079 3915 —
2107 3883 2271 3945 atque
2308 3880 2695 3930 Damasceno-

413 3981 550 4018 rum
580 3965 864 4036 (im-14).

239 4055 441 4108 Onera
473 4053 732 4123 yentium
766 4051 1254 4125 lonqinquarum,
1281 4069 1324 4108 a
1360 4051 1579 4125 quibus
1619 4053 1701 4108 ad
1738 4052 2053 4108 viciniores
2082 4053 2405 4106 revertitur
2433 4051 2692 4120 (18,1-23‚

415 4144 524 4208 18).
553 4169 626 4180 -—
647 4139 845 4212 Incipit
875 4141 1146 4212 propheta
1173 4140 1242 4195 ab
1276 4139 1603 4212 Aethiopia
1630 4149 1685 4195 et
1714 4145 1979 4213 Aeyypto
2019 4139 2366 4208 (18‚1-20‚6).
2397 4138 2695 4209 Aethiopes

413 4227 1012 4300 quiescere-iubentur,
1052 4229 1180 4300 quia
1217 4229 1440 4302 Assyria
1483 4227 1665 4283 subito
1701 4237 1923 4284 corruet
1973 4225 2232 4298 (18,1-7);
2271 4225 2559 4298 Aegyptiis
2596 4242 2693 4281 va-

412 4315 531 4372 riae
592 4315 988 4387 praedicuntur
1036 4316 1376 4372 calamitates
1394 4359 1407 4380 ‚
1464 4330 1704 4387 quarum
1760 4315 1971 4371 fructus
2024 4315 2132 4370 erit
2190 4329 2351 4368 verus
2406 4315 2587 4368 cultus
2637 4314 2696 4370 in

410 4405 664 4477 Aegypto
710 4412 767 4459 et
791 4403 848 4458 in
876 4403 1098 4476 Assyria
1137 4407 1175 4474 (1
1187 4405 1439 4474 9,1-24).
1478 4405 1545 4459 In
1580 4402 1737 4458 cuius
1769 4401 2007 4457 vaticinii
2044 4409 2257 4456 remoto
2304 4410 2553 4472 tempore
2594 4401 2693 4457 im-

414 4489 598 4562 plendi
640 4491 1118 4550 confirmationem
1157 4491 1321 4547 affert
1356 4489 1509 4545 aliud
1538 4489 1607 4546 de
1630 4489 1786 4545 clade
1805 4506 1838 4546 a
1872 4491 2116 4562 Sargone
2138 4489 2417 4561 Aegyptiis
2448 4504 2578 4545 mox
2606 4491 2692 4545 in-

414 4576 640 4635 ferenda
685 4581 936 4650 (20‚1-6).
963 4609 1035 4622 —
1061 4579 1282 4635 Transit
1317 4577 1388 4634 ad
1416 4577 1717 4633 desertum
1744 4578 1939 4632 maris
1980 4579 2015 4633 i.
2058 4593 2109 4633 e.
2146 4576 2513 4650 Babylonem,
2539 4579 2695 4634 cuius

413 4667 668 4723 interitus
715 4667 912 4723 solatio
953 4667 1057 4724 erit
1101 4665 1322 4722 Iudaeis
1363 4667 1669 4734 (md-1⁰),
1711 4673 1875 4736 atque
1915 4682 2015 4737 per
2051 4670 2255 4721 Duma
2294 4665 2633 4736 (Idumaeam
2648 4668 2688 4738 Ρ)
