3050 5184
827 288 1054 334 'ri-:xrus
1096 287 1529 333 mssoaarmm
1573 286 1875 331 iusi-onu.
2545 270 2620 328 65

189 430 244 477 ,tt
271 438 376 478 non
401 420 534 477 solis
567 422 624 476 in
665 420 992 477 lectionibus
1035 416 1362 475 deliniendis
1407 418 1659 489 occupati
1686 425 1848 473 erant
1872 416 1965 473 illa
2016 425 2193 473 aetate
2238 414 2483 483 rabbini,
2514 414 2623 470 illis

137 512 244 565 enim
278 508 538 565 hodierna
583 508 826 564 hebraici
851 515 1064 575 textus,
1102 508 1197 578 qui
1222 506 1352 562 solis
1397 500 1828 561 consonantibus
1874 503 2179 572 constabat,
2220 503 2619 576 pronuntiati0,

135 612 238 667 quae
261 612 320 653 eo
351 612 528 669 usque
553 596 701 652 varia
735 593 918 652 fuerat
935 604 992 651 et
1016 593 1287 650 instabilis
1307 607 1421 647 non
1443 591 1723 648 immerito
1751 590 2086 647 attribuitur.
2120 591 2244 646 Alio
2274 591 2422 645 enim
2452 587 2619 645 modo

134 683 422 739 alexandrini
449 685 784 755 interpretes
813 690 866 739 3.
899 691 955 738 et
979 684 1032 737 2.
1066 696 1212 737 saec.
1241 696 1290 737 a.
1325 680 1482 746 Chr.,
1512 679 1624 734 alio
1652 678 1822 735 modo
1850 679 2117 751 Origenes
2144 680 2367 733 ineunte
2392 693 2534 732 saec.
2564 683 2617 732 3.

133 780 222 839 post
253 770 398 839 Chr..
439 772 556 827 alio
597 770 769 828 modo
799 771 854 827 S.
898 769 1274 841 Hieronymus
1307 776 1543 823 exeunte
1589 780 1733 823 saec.
1763 773 1819 822 4.
1851 766 2045 823 eadem
2090 766 2313 821 nomina
2361 764 2615 820 hebraica

131 859 592 926 pronuntiaverunt,
627 857 724 915 sed
767 860 824 914 S.
856 856 1178 929 Hieronymi
1207 856 1451 929 propiu8‚
1484 870 1652 927 quam
1693 855 2087 925 antiquiorum,
2132 851 2506 925 pronuntiatio
2547 852 2618 908 ad

131 945 242 998 illam
273 945 512 1015 aceedit,
546 962 716 1018 quam
744 953 870 1017 post
895 941 1320 1000 ThaJmudicam
1347 950 1586 999 aetatem
1624 940 2003 997 Massorethae
2030 940 2142 995 suis
2167 939 2385 1012 punctis
2412 938 2616 999 vocali.-

130 1030 202 1085 bus
221 1032 453 1087 stabilem
480 1031 868 1089 reddiderunt.

181 1182 226 1239 ὃ.
253 1180 503 1243 —Inde
544 1199 584 1241 a
619 1182 800 1242 finito
838 1179 1187 1243 Thalmude
1227 1196 1429 1257 usque
1463 1178 1542 1239 ad
1582 1180 1639 1237 9.
1671 1178 1769 1239 vel
1799 1180 1895 1237 10.
1933 1194 2091 1237 saec.
2131 1176 2415 1237 decurrit
2448 1180 2615 1237 aetas

131 1278 605 1339 dissone-rmum
642 1276 918 1376 (Πῂωῷζι
961 1264 1148 1373 '‘J-qa),
1191 1275 1300 1355 qui
1330 1276 1418 1335 ita
1441 1274 1738 1353 appellati
1764 1278 1937 1347 sunt,
1972 1273 2119 1352 quia
2141 1272 2616 1333 observationes

132 1404 294 1451 omnes
327 1390 614 1462 criticas,
649 1389 1087 1469 grammaticas
1105 1437 1119 1462 ,
1149 1388 1526 1467 exegeticaS‚
1563 1402 1727 1465 quae
1757 1404 1832 1447 eo
1860 1404 2060 1464 usque
2091 1386 2429 1446 traditione
2458 1385 2613 1446 orali

137 1484 304 1575 stultat?
322 1502 358 1547 a
384 1500 544 1559 aon,
577 1504 680 1547 ore
707 1484 962 1565 tradere)
987 1487 1596 1564 propagataeerant,
1625 1482 2040 1561 collegerunt,
2073 1482 2473 1560 digesserunt
2498 1498 2613 1541 no-

139 1598 298 1675 visque
332 1604 548 1662 auctas
575 1601 812 1678 scripto
832 1599 1230 1661 mandarunt.
1253 1597 1674 1675 Praecipuum
1695 1600 1909 1657 tamen
1930 1612 2150 1656 eorum
2170 1596 2469 1656 meritum
2495 1600 2609 1665 est,

135 1694 252 1767 quod
277 1700 478 1757 textus
522 1697 684 1757 sacri
723 1695 1302 1775 pronuntiationem
1335 1697 1401 1754 et
1441 1692 2017 1771 interpunctionem
2058 1692 2332 1752 inventis
2361 1692 2609 1769 punctis

133 1790 388 1853 vocalibus
421 1793 696 1869 aliisque
743 1792 940 1871 sig-nis
988 1790 1214 1851 eodem
1255 1790 1446 1850 modo
1495 1788 1958 1851 immutabilem
1996 1787 2439 1861 reddiderunt,
2485 1806 2611 1864 quo

133 1899 292 1945 eorum
311 1888 832 1965 praedecessores
857 1886 1313 1965 calligraphicis
1331 1886 1460 1947 suis
1481 1886 1840 1965 praeceptis
1863 1888 2104 1945 textum
2127 1884 2608 1945 consonantium

133 1981 364 2043 stabilem
396 1984 666 2045 reddere
697 1984 904 2046 conati
935 1986 1130 2043 erant.

175 2084 320 2141 Multo
359 2088 704 2156 accuratius,
753 2102 922 2159 quam
958 2084 1338 2153 Thalmudici,
1379 2085 1759 2141 Massorethae
1796 2085 2113 2143 Scribarum
2151 2087 2393 2154 Itturim,
2436 2085 2609 2140 Thik-

131 2166 289 2241 mim,
313 2174 580 2231 Nakudot
607 2178 970 2241 enarrarunt;
1003 2181 1286 2245 praeterea
1314 2187 1508 2228 omnes
1530 2171 1763 2243 Kerjan,
1792 2172 1985 2227 literas
2008 2171 2361 2239 maiusculas,
2394 2172 2607 2228 minus·

131 2256 239 2313 eulas
272 2269 390 2326 etc„
420 2276 691 2317 numeros
735 2271 996 2317 versuum
1039 2261 1466 2331 literarumque,
1512 2259 1607 2330 qui
1649 2260 1708 2314 in
1754 2259 1981 2331 singulis
2019 2257 2175 2313 libris
2229 2260 2603 2329 inveniuntur,

132 2358 250 2424 atque
287 2358 446 2413 etiam
487 2358 811 2429 aliquorum
855 2372 1114 2413 versuum
1155 2355 1561 2429 singularitates
1586 2360 1743 2428 (quot
1782 2371 1867 2411 ex.
1902 2371 1986 2428 gr.
2017 2354 2283 2411 vocabula
2310 2370 2341 2411 a
2370 2356 2528 2413 litera
2556 2364 2609 2413 t:

131 2446 378 2521 incipientia
401 2462 498 2509 aut
521 2454 688 2509 litera
715 2452 868 2511 finali
893 2456 938 2510 n
965 2453 1259 2510 terminata
1281 2451 1603 2507 contineant
1630 2455 1763 2519 etc.)
1788 2450 2146 2507 adnotarunt.
2171 2452 2468 2510 variarum
2494 2454 2607 2511 lec·

132 2542 292 2603 tionum
331 2550 542 2621 copiam
599 2558 872 2606 auxerunt
913 2547 1118 2605 additis
1163 2548 1329 2605 etiam
1371 2546 1701 2603 coniecturis
1755 2547 2033 2605 nonnullis
2066 2534 2297 2632 (rt-239,
2345 2556 2607 2622 putata),

134 2648 281 2715 quibus
303 2670 380 2721 ea,
404 2670 549 2727 quae
577 2654 954 2727 grammaticis
973 2653 1177 2726 regulis
1203 2668 1514 2725 repugnare
1544 2651 1892 2722 videbantur,
1918 2654 2247 2727 corrigenda
2275 2653 2605 2713 docuerunt.

133 2732 257 2792 Notas
275 2748 444 2796 autem
469 2741 576 2797 has
604 2742 825 2797 criticas
861 2756 1053 2799 omnes
1079 2740 1322 2797 breviter
1353 2740 1595 2811 margini
1623 2739 1837 2795 laterali
1867 2740 2139 2797 librorum
2180 2756 2465 2798 sacrorum
2507 2743 2607 2799 ad-

133 2822 402 2893 sen‘pserunt
431 2832 732 2895 (massora
755 2834 996 2901 parva),
1032 2827 1203 2884 fusius
1222 2828 1281 2882 in
1304 2827 1647 2899 marginibus
1670 2828 1952 2898 superiore
1973 2838 2027 2884 et
2052 2828 2311 2885 inferiore
2337 2846 2604 2901 exposue-

135 2918 224 2964 runt
243 2916 518 2977 massora
541 2920 812 2989 mayna),
839 2914 1034 2971 ordine
1076 2913 1320 2987 quodam
1361 2913 1703 2985 alphabetico
1729 2912 1954 2971 demum
1991 2913 2281 2986 dispositas
2308 2916 2405 2971 tini
2433 2917 2606 2971 libro-

135 3008 220 3051 rum
257 3002 574 3061 addiderunt
621 3008 914 3072 (Massora
958 3001 1212 3075 finalis).
1253 3004 1500 3057 Massora
1546 3002 1714 3073 igitur
1757 3009 1840 3057 est
1880 3003 2101 3058 criticus
2142 3012 2467 3073 apparatus,
2513 3004 2608 3076 qui

135 3078 252 3155 longo
286 3092 624 3147 saeculorum
670 3089 904 3147 decursu
947 3091 1214 3146 collectus
1254 3086 1482 3144 tandem
1511 3086 1641 3163 inde
1664 3104 1695 3143 a
1725 3104 1869 3145 saec.
1910 3094 1963 3145 6.
2012 3104 2188 3161 usque
2216 3088 2288 3144 ad
2314 3096 2365 3145 9.
2402 3092 2485 3147 vel
2519 3098 2601 3148 10.

137 3167 258 3227 literis
279 3184 351 3230 est
375 3177 686 3235 mandatus.

183 3260 238 3312 At
267 3263 438 3320 critico
467 3264 576 3321 hoc
605 3274 872 3338 apparatu
900 3264 1371 3321 Massoretbarum
1391 3262 1554 3319 labor
1572 3280 1685 3319 non
1722 3272 1841 3320 erat
1861 3263 2079 3333 finitus3
2111 3280 2287 3337 usque
2315 3264 2385 3321 ad
2413 3283 2607 3322 eorum

137 3351 314 3403 aetatem
345 3352 488 3408 solae
514 3360 886 3408 consonantes
915 3352 1318 3420 scribebantur,
1349 3350 1747 3407 vocabulorum
1774 3359 1961 3407 autem
1993 3354 2369 3423 pronuntiatio
2394 3370 2459 3409 ex
2485 3363 2603 3410 tra-

137 3425 291 3489 ditione
322 3448 432 3494 erat
465 3439 832 3507 addiscenda;
863 3439 1010 3495 unde
1039 3447 1093 3495 et
1121 3437 1585 3511 pronuntiationis
1609 3439 1779 3510 ipsius
1806 3448 1890 3508 et,
1927 3454 2067 3511 quae
2096 3455 2163 3496 ex
2192 3456 2255 3495 ea
2295 3440 2601 3512 dependet,

139 3518 489 3587 explicationis
511 3528 824 3584 necessario
852 3527 1030 3583 maior
1061 3527 1310 3582 minorve
1347 3534 1537 3582 exorta
1580 3535 1700 3582 erat
1732 3526 2065 3583 incertitudo
2094 3536 2150 3583 et
2175 3528 2483 3586 fluctuatio.
2516 3528 2603 3585 Ad

139 3616 258 3697 quam
275 3608 550 3670 finiendam
579 3614 955 3671 Massorethae
981 3614 1261 3686 integrum
1294 3614 1743 3686 excogitaverunt
1768 3622 2007 3685 systema
2048 3614 2362 3688 signorum,
2402 3618 2603 3689 quibus

141 3686 383 3767 metarum,
427 3702 764 3773 syllabarum
807 3717 1114 3775 vocumque
1154 3702 1212 3757 in
1253 3709 1404 3757 certo
1447 3710 1709 3757 contextu
1750 3701 2052 3774 positarum
2094 3704 2601 3774 pronuntiationem

143 3772 398 3841 definirent:
426 3788 554 3845 hinc
578 3790 732 3861 signa
755 3789 846 3847 illa
862 3832 877 3859 ,
905 3788 1106 3862 quibus
1133 3790 1555 3845 consonantium
1578 3790 1823 3861 ipsarum
1853 3790 2000 3846 varia
2028 3791 2263 3861 prolatio
2284 3792 2602 3865 designatur

157 3870 368 3950 Dagescb,
395 3884 607 3955 Raphe‚
643 3884 901 3958 Mappik,
925 3894 1190 3958 punctum
1228 3880 1644 3942 diacriticumiv
1660 3894 1715 3941 et
1730 3876 1832 3957 τύ),
1857 3892 2059 3959 puncta
2081 3888 2289 3944 vocalia
2317 3898 2373 3945 et
2400 3904 2599 3946 accen-

147 3962 223 4024 lus,
246 3968 324 4035 qui
343 3972 532 4041 partim
563 3972 993 4045 interpunctioni
1029 3973 1224 4044 partim
1256 3972 1561 4028 recitationi
1590 3974 1909 4047 synagogali
1948 3973 2268 4031 inserviunt.
2318 3976 2445 4032 Sine
2484 3976 2598 4031 ullo

145 4039 262 4105 dnbio
299 4052 390 4111 hac
415 4060 628 4116 ratione
657 4059 1018 4118 immutabilis
1045 4070 1128 4117 est
1173 4059 1386 4116 reddita
1414 4061 1789 4131 pronuntiatio
1831 4060 1953 4131 illa,
2000 4078 2142 4135 quae
2188 4062 2341 4119 mille
2382 4064 2600 4120 circiter

147 4134 268 4229 θῦξῐῑθ,
289 4153 560 4217 postquam
587 4147 775 4219 lingua
804 4147 1063 4205 hebraica
1089 4157 1310 4204 mortua
1339 4156 1484 4217 erat,
1513 4147 1573 4203 in
1598 4163 2003 4221 synagogarum
2035 4151 2467 4222 scholarumque
2494 4167 2595 4207 usu

149 4212 238 4287 Ῑῐῑῑῑς
263 4224 394 4287 illam
426 4249 554 4291 vero
595 4251 722 4291 cum
759 4236 986 4308 antiqua
1029 4235 1182 4292 omni
1217 4250 1283 4291 ex
1323 4244 1476 4306 parte
1513 4251 1823 4292 consonare
1863 4252 2026 4293 nemo
2072 4236 2235 4294 facile
2278 4237 2593 4295 crediderit.

149 4300 350 4397 2¹¹th
378 4330 552 4379 autem
582 4332 766 4380 textus
793 4324 1084 4395 explicatio
1115 4338 1375 4395 magnam
1413 4332 1629 4395 partem
1656 4340 1688 4379 a
1718 4325 2164 4395 pronuntiatione
2192 4334 2248 4381 et
2274 4311 2595 4398 interpunc-

149 4394 415 4495 ”oneusignis
451 4411 858 4469 massorethicis
897 4410 1122 4491 definita
1160 4410 1464 4484 dependet,
1505 4410 1727 4467 evidens
1755 4420 1865 4481 est,
1896 4428 1999 4469 nos
2025 4412 2081 4468 in
2109 4412 2379 4469 librorum
2414 4428 2594 4471 sacro-

151 4488 238 4536 rum
257 4497 666 4565 interpretatione
683 4500 800 4555 sine
829 4498 946 4557 ullo
974 4500 1234 4572 scrupulo
1255 4500 1411 4565 signa
1433 4500 1524 4555 illa
1556 4514 1715 4572 posse
1734 4500 2027 4573 negligere,
2060 4516 2229 4571 quum
2259 4516 2387 4558 eum
2416 4504 2593 4561 solum

151 4574 313 4633 ”sssum
334 4594 743 4658 repraesentent,
771 4603 935 4660 quem
963 4586 1180 4645 rabbini
1207 4586 1546 4645 recentiores
1572 4587 1747 4644 textui
1770 4602 1929 4645 sacro
1956 4588 2345 4648 attribuerunt.

827 4686 1082 4735 consum
1114 4685 1388 4734 courum).
1419 4686 1643 4733 Iurnon.
1672 4709 1734 4721 —
1766 4686 1809 4733 6.
