3050 5184
798 330 871 372 nn
914 328 1351 371 ECCLESIASTICI
1395 329 1612 372 mrim
1651 325 2084 371 Aneromu‘rn.
2597 303 2713 362 359

178 467 327 530 11‚9;
367 466 491 529 13,8
532 460 680 531 etc.)‚
713 464 769 515 S.
803 459 1175 532 Epiphanius
1213 461 1405 525 (Haer.
1448 465 1609 525 2453
1651 465 1807 526 33‚83
1858 463 1985 524 37‚9
2030 460 2186 521 etc.)‚
2229 454 2287 508 S.
2325 450 2596 507 Basilius
2637 452 2707 505 Μ.

172 550 460 615 (Hexaem.
504 547 655 603 hom.
692 554 851 615 6,10;
882 548 940 602 in
969 550 1060 602 Ps.
1104 552 1169 601 14
1197 562 1256 601 n.
1290 554 1353 611 43
1385 548 1477 601 Ps.
1507 552 1580 601 44
1617 563 1674 601 n.
1716 552 1751 602 2
1777 549 1930 613 etc.)‚
1966 547 2026 600 S.
2059 544 2374 613 Greqorius
2409 543 2548 595 Naz.
2589 539 2708 604 (Or.

172 638 262 691 lv.
308 644 407 704 123
449 637 573 691 Vll.
619 643 677 702 13
712 637 865 691 XIV.
904 642 973 692 30
1011 640 1162 701 etc.)‚
1204 634 1262 689 S.
1306 637 1626 707 Greqorius
1662 638 1833 704 Nyss.
1875 634 1953 700 (in
1989 630 2194 687 Psalm.
2234 637 2398 684 tract.
2443 628 2518 682 11.
2556 631 2616 691 3;
2653 626 2712 681 in

170 725 349 779 Eccle.
382 722 536 779 hom.
568 730 601 779 3
630 730 783 790 etc.)‚
814 725 871 780 S.
912 722 1365 793 chrysostomus
1388 721 1481 787 (ad
1510 721 1634 777 vid.
1668 721 1785 778 iun.
1821 727 1883 786 ὃς
1911 718 1981 775 de
2007 720 2139 775 Laz.
2167 719 2243 772 11.
2274 722 2309 770 4
2332 720 2490 781 etc.),
2527 713 2708 767 Theo-

171 812 403 867 doretus
441 811 520 878 (in
552 812 715 867 Cant.
754 816 875 875 6,4;
921 810 980 865 in
1008 812 1155 867 Dan.
1196 814 1439 878 1‚935‚6
1480 814 1634 877 etc),
1673 810 1730 864 S.
1767 808 2064 879 Ephraem
2096 808 2259 876 (opp.
2295 819 2377 875 gr.
2419 806 2462 859 1.
2503 808 2600 870 833
2631 803 2704 857 11.

176 906 272 954 118
296 907 407 953 etc.
439 900 583 970 opp.-
617 914 729 969 syr.
766 900 841 954 ΙΙ.
874 904 977 953 325
1008 902 1161 963 etc.).

245 1051 300 1107 2.
328 1082 409 1090 ——
442 1048 549 1108 Cui
599 1048 861 1108 testium
908 1048 1059 1107 nubi
1122 1046 1463 1107 adversarii
1527 1046 1687 1106 nihil
1762 1047 2090 1124 opponunt
2154 1045 2399 1120 praeter
2470 1056 2708 1100 errores

170 1144 507 1205 nonnullos
526 1188 541 1212 ‚
574 1160 733 1221 quos
764 1144 1045 1203 erroneis
1071 1142 1697 1220 interpretationibus
1727 1158 1803 1201 ex
1829 1140 2046 1219 paucis
2073 1136 2493 1199 Ecclesiastici
2519 1136 2711 1194 versi-

172 1242 281 1301 bus
309 1244 688 1316 extorquere
720 1245 1045 1301 conantur.

232 1353 525 1409 Calvinum
564 1351 770 1409 librum
808 1360 1063 1407 nostrum
1097 1351 1456 1407 vehementer
1493 1351 1717 1423 quidem
1745 1348 1928 1406 odisse
1964 1364 2144 1421 neque
2182 1357 2370 1403 tamen
2407 1344 2709 1419 quidquam

172 1440 455 1507 hahuisse,
497 1439 646 1510 quod
684 1440 731 1493 ei
769 1438 1059 1505 obiiceret,
1105 1438 1217 1493 iam
1262 1439 1480 1494 monuit
1524 1438 1932 1494 Bellarminus
1991 1434 2080 1502 (de
2122 1434 2306 1490 Verbo
2355 1435 2459 1489 Dei
2502 1436 2545 1489 1.
2602 1438 2705 1496 14).

172 1530 343 1597 Quem
385 1525 669 1582 defectum
703 1536 765 1581 ut
801 1527 1107 1597 suppleret,
1145 1526 1461 1599 Raynaldus
1488 1525 1935 1583 Ecclesiasticum
1966 1523 2290 1587 arianismo,
2322 1522 2574 1590 impurae
2607 1537 2708 1575 ne-

169 1614 536 1683 cromantiae,
574 1635 599 1663 a
630 1614 957 1669 exsecrabili
993 1612 1330 1668 Iudaeorum
1358 1614 1535 1669 errori
1567 1634 1590 1665 »
1623 1614 1806 1669 favere
1837 1612 2047 1667 docuit.
2079 1610 2390 1665 Arianismo
2421 1624 2498 1663 sc.
2527 1607 2702 1671 favet,

168 1704 286 1773 qnia
316 1702 714 1775 Sapientiam,
748 1702 788 1756 i.
824 1718 873 1757 e.
904 1700 1151 1757 Verbum
1190 1700 1313 1769 Dei,
1344 1700 1493 1757 dicat
1530 1706 1793 1757 creatam
1824 1704 2026 1767 (24‚12.
2066 1699 2177 1769 14);
2209 1705 2267 1753 at
2295 1696 2708 1752 Ecclesiasticus

168 1790 357 1845 eodem
380 1788 584 1857 modo,
614 1804 725 1859 quo
760 1788 1022 1845 Salomon
1052 1792 1243 1854 (Prov.
1286 1794 1452 1856 8‚22)‚
1496 1789 1760 1858 loquitur,
1803 1796 1970 1859 atque
2011 1784 2149 1841 illud
2187 1786 2352 1846 κτίσας
2379 1793 2436 1839 et
2463 1782 2622 1841 ἔκτισε
2650 1784 2705 1838 in

170 1886 340 1942 Eccli.
388 1892 481 1941 2⁴.
526 1884 724 1941 eodem
774 1884 942 1940 modo
982 1884 1365 1957 explicandum
1410 1893 1522 1952 est,
1569 1900 1679 1956 quo
1728 1885 1783 1939 in
1821 1886 1988 1939 Prov.
2031 1890 2107 1951 8.,
2145 1880 2242 1937 ubi
2285 1881 2543 1937 hebraico
2587 1888 2704 1963 ³³1³

170 1976 343 2045 (tuly.
392 1994 419 2025 a
448 1972 697 2044 possedit
730 1978 776 2038 ι)
809 1972 1135 2043 respondet,
1168 1988 1278 2043 quo
1315 1972 1586 2028 vocabulo
1616 1972 1911 2027 creationis
1948 1970 2168 2041 proprie
2209 1969 2390 2025 dictae
2416 1969 2570 2024 notio
2607 1986 2704 2025 ex·-

168 2061 433 2130 cluditur3
474 2069 724 2117 ceterum
752 2062 919 2116 Eccli.
939 2102 953 2129 ,
983 2076 1153 2131 quum
1191 2060 1526 2130 Sapientiam
1563 2060 1656 2130 πρὸ
1689 2064 1780 2112 τοῦ
1816 2058 1998 2119 αἰῶνος
2033 2056 2125 2113 ἀπ’
2153 2057 2310 2127 ἀρχῆς
2345 2078 2366 2107 ι
2399 2064 2642 2113 creatam
2674 2078 2697 2107 υ

166 2164 275 2204 esse
304 2147 486 2215 dicat,
520 2149 774 2203 arianum
802 2148 1017 2203 axioma
1046 2144 1108 2213 ἦν
1137 2148 1219 2199 ὅτε
1244 2146 1332 2199 οὐκ
1360 2142 1420 2214 ἦν
1450 2146 1478 2198 ὁ
1500 2146 1654 2216 λόγος
1680 2161 1909 2216 prorsus
1940 2143 2247 2201 confundit.
2276 2176 2347 2185 —
2370 2146 2703 2200 Necroman-

166 2238 268 2291 tiae
290 2238 480 2293 Eccli.
512 2241 675 2305 4633
706 2252 819 2291 non
858 2237 1034 2307 magis
1061 2234 1229 2301 favet,
1277 2250 1445 2307 quam
1488 2242 1683 2290 auctor
1716 2241 1739 2290 1
1785 2238 1920 2305 Req.
1965 2240 2096 2299 28,ss
2141 2249 2288 2304 sqq.‚
2334 2234 2488 2288 cuius
2515 2248 2703 2289 narra-

168 2325 365 2381 tionem
413 2323 683 2395 sequitur.
728 2323 911 2378 Eliam
958 2321 1184 2378 demum
1226 2338 1345 2377 esse
1383 2337 1756 2387 reversurum,
1797 2340 1824 2374 α
1861 2329 1925 2375 ut
1967 2320 2137 2375 leniat
2165 2319 2510 2375 iracundiam
2538 2320 2642 2376 Dei
2671 2343 2696 2371 n

170 2419 265 2466 etc.
294 2412 498 2477 (Eccli.
530 2416 737 2477 48‚10).‚
761 2426 877 2465 non
902 2418 987 2465 est
1028 2430 1051 2459 «
1096 2409 1446 2465 exsecrabilis
1471 2424 1629 2465 error
1657 2408 1991 2465 ludaeorum
2027 2429 2056 2460 so
2077 2450 2091 2476 ‚
2133 2405 2232 2463 sed
2261 2423 2390 2463 eum
2433 2423 2548 2463 non
2585 2424 2702 2465 esse

168 2514 545 2568 reversurum,
572 2506 656 2554 est
684 2514 842 2553 error
872 2496 1298 2567 protestanticus
1328 2496 1430 2563 (cfr
1453 2498 1587 2553 Mal.
1615 2502 1730 2565 4‚5.
1761 2501 1834 2561 6).

232 2590 280 2642 A
308 2588 501 2657 paucis
532 2584 933 2641 recentioribus
958 2583 1205 2641 Siracida
1232 2584 1685 2640 alexandrinismi
1707 2592 1998 2639 accusatus
2027 2590 2137 2651 est,
2166 2583 2428 2653 quoniam
2466 2584 2700 2639 Henoch

172 2675 371 2729 rooevit
406 2674 685 2744 ὑπόδειγμα
714 2674 973 2744 μετανοίας
1009 2674 1116 2735 ταῖς
1148 2675 1342 2743 γενεαῖς
1376 2676 1580 2739 (44,16)
1620 2680 1676 2727 et
1716 2671 1934 2743 populis
1976 2672 2096 2726 aliis
2136 2671 2392 2740 angeloS‚
2437 2671 2704 2727 Israelitis

169 2771 344 2817 autem
372 2766 555 2817 Deum
589 2762 770 2832 ipsum
798 2760 1175 2831 praepositum
1213 2759 1351 2816 dixit
1375 2764 1578 2826 (17,14.
1614 2764 1718 2825 15).
1757 2759 1910 2827 Quae
1946 2758 2281 2813 refutatione
2316 2774 2428 2814 non
2459 2758 2704 2831 indigere

169 2850 373 2905 clarum
402 2858 507 2905 est.
534 2849 642 2904 Alii
675 2848 903 2905 demum
941 2848 1290 2910 obiecerunt,
1321 2857 1614 2917 peccatum
1642 2847 1909 2918 originale
1937 2846 2006 2901 ab
2037 2854 2262 2901 auctore
2285 2845 2476 2915 negari
2498 2847 2700 2901 Deum-

169 2952 267 3006 que
296 2937 449 2993 velut
488 2945 775 2993 auctorem
802 2936 935 2992 mali
972 2936 1170 3005 statui,
1215 2934 1490 3007 siquidem
1534 2936 1804 2990 timorem
1848 2934 2088 2988 Domini
2121 2953 2146 2982 «
2188 2948 2318 2987 cum
2353 2931 2610 2988 fidelibus
2643 2934 2702 2988 in

168 3031 315 3079 utero
343 3024 541 3079 matris
569 3031 926 3079 concreatum
947 3044 972 3074 n
1001 3022 1193 3094 (1‚16),
1225 3043 1249 3073 α
1278 3037 1525 3078 errorem
1557 3029 1743 3077 autem
1773 3030 1828 3076 et
1873 3019 2129 3076 tenebras
2157 3020 2541 3089 peccatoribus
2578 3036 2704 3076 con-

170 3120 341 3167 creata
378 3134 404 3163 »
452 3126 573 3166 esse
608 3114 813 3179 (11,16)
849 3118 1078 3167 asserat.
1120 3114 1195 3165 At
1223 3119 1420 3165 neuter
1449 3117 1633 3165 textus
1673 3125 1744 3165 ne
1775 3107 1944 3163 ullam
1974 3105 2202 3179 quidem
2228 3116 2382 3163 creat
2409 3107 2701 3163 difficulta-

168 3205 273 3251 tem
300 3198 636 3266 attendenti,
670 3214 981 3254 sermonem
1012 3198 1130 3253 fieri
1158 3196 1227 3253 de
1263 3196 1502 3253 naturali
1533 3196 1773 3253 hominis
1801 3196 1914 3251 sive
1949 3195 2021 3251 ad
2049 3196 2306 3251 virtutem
2335 3194 2702 3251 exercendam

169 3286 467 3353 aptitudine
495 3286 609 3340 sive
634 3286 705 3341 ad
734 3287 863 3341 vitia
889 3285 1261 3341 inclinatione.

240 3437 295 3493 3.
328 3470 409 3479 -
437 3435 767 3495 ScnomoN.
792 3434 1239 3494 Ecclesiastico
1271 3436 1335 3493 in
1366 3434 1606 3513 graecis
1637 3438 1700 3494 et
1727 3432 1940 3493 latinis
1971 3432 2354 3493 editionibus
2385 3433 2704 3510 praecedit

171 3532 485 3610 prologuS,
519 3530 585 3591 in
616 3548 741 3607 quo
780 3532 1058 3591 auctoris
1100 3548 1298 3607 nepos
1342 3531 1700 3602 audaciam,
1736 3548 1858 3606 qua
1894 3528 2262 3590 hebraicum
2293 3548 2452 3606 opus
2481 3548 2702 3606 graece

173 3628 509 3697 transtulit,
562 3625 1031 3703 quodammodo
1081 3626 1357 3703 explicat
1398 3631 1461 3685 et
1496 3630 1766 3686 excusat..
1816 3626 1922 3685 Cui
1961 3625 2222 3702 prologo
2268 3626 2704 3686 auctoritatem

172 3723 523 3783 canonicam
552 3740 679 3783 non
706 3728 1099 3800 competere,
1130 3725 1297 3781 recte
1327 3725 1547 3781 tenent
1571 3722 1858 3799 plerique
1877 3768 1890 3795 ,
1923 3722 2222 3798 quoniam
2263 3744 2292 3774 «
2331 3723 2704 3799 interpretes

172 3835 285 3876 non
316 3819 593 3879 condunt
628 3820 1017 3897 Scripturam
1048 3819 1137 3893 S.,
1172 3819 1282 3879 sed
1314 3835 1451 3878 eam
1483 3817 1804 3879 dumtaxat
1834 3819 2325 3896 interpretantur
2352 3842 2379 3871 »

234 3932 349 3986 Non
377 3932 676 3988 defuerunt
710 3931 963 4004 quidem,
991 3931 1085 4003 qui
1112 3931 1337 4003 Prologi
1376 3930 1803 3987 canonicitatem
1838 3930 2200 3987 defenderent
2236 3939 2597 4001 provocantes
2625 3930 2697 3987 ad

172 4016 534 4075 Clementinae
562 4020 833 4091 Vulgatae
873 4020 1301 4091 praefationem,
1332 4020 1391 4074 in
1430 4036 1538 4091 qua
1575 4040 1600 4070 «
1633 4018 1770 4075 nihil
1805 4035 1918 4074 non
1957 4019 2314 4082 canonicum,
2347 4017 2481 4071 nihil
2515 4017 2698 4072 adsci-

175 4104 368 4175 titium,
398 4107 534 4163 nihil
570 4116 893 4163 extraneum
922 4130 947 4159 »
977 4106 1205 4163 editioni
1242 4107 1325 4163 illi
1354 4122 1473 4162 esse
1502 4108 1774 4163 insertum
1801 4108 2086 4173 asseritur,
2115 4105 2240 4159 licet
2268 4103 2570 4176 Prologum
2600 4105 2699 4159 iis-

174 4190 313 4253 dem.
353 4194 555 4265 quibus
600 4195 773 4250 libros
813 4210 1029 4262 sacrm,
1074 4194 1247 4251 literis
1288 4196 1620 4266 impressum
1672 4195 1980 4259 contineat3
2021 4201 2076 4247 at
2119 4192 2250 4248 huic
2292 4191 2538 4261 opinioni
2579 4192 2700 4248 iure

172 4281 451 4349 opponitur
478 4284 752 4339 sententia
781 4291 997 4339 tantum
1020 4300 1132 4337 non
1158 4283 1409 4338 omnium
1435 4283 1800 4353 interpretum
1822 4280 2246 4335 canonicitatem
2270 4280 2508 4347 Prologo
2537 4279 2698 4335 dene-

174 4369 423 4433 gantium.
455 4370 599 4426 Nam
620 4369 885 4441 praefatio
914 4371 1005 4426 illa
1039 4390 1061 4421 ι
1084 4387 1189 4425 nec
1218 4380 1302 4426 est
1334 4371 1550 4426 Summi
1590 4368 1871 4425 Pontificis
1915 4383 2019 4424 nec
2061 4368 2205 4432 eim,
2251 4368 2344 4439 qui
2385 4366 2554 4423 habet
2593 4384 2696 4438 po-

174 4460 412 4511 testatem
446 4456 515 4513 de
555 4474 619 4513 ea
668 4474 726 4513 re
770 4457 1096 4526 definiendi,
1142 4457 1239 4513 sed
1278 4473 1500 4526 eorum,
1540 4456 1635 4529 qui
1672 4456 1848 4511 Biblia
1884 4453 2252 4511 emendarunt
2279 4477 2336 4523 ”3
2372 4476 2396 4506 α
2426 4472 2497 4510 ex
2525 4455 2695 4511 illius

178 4539 359 4613 mitur,
389 4548 491 4618 qui
512 4544 957 4618 praefationem
994 4548 1262 4617 scripsit,
1296 4546 1568 4616 opinione
1595 4564 1622 4595 n
1649 4544 1788 4599 nihil
1826 4559 1940 4598 non
1976 4542 2304 4599 canonicum
2341 4544 2400 4598 in
2439 4543 2714 4623 clemen-⁸

172 4624 327 4684 tinam
354 4632 646 4705 vulgatam
675 4642 759 4689 est
786 4642 1071 4705 receptum
1104 4634 1206 4700 (cfr
1236 4633 1443 4705 Bonfr.
1478 4634 1705 4698 Praei.).
1737 4632 1915 4687 Multo
1953 4631 2167 4687 minore
2200 4632 2530 4688 auctoritate
2565 4630 2710 4703 gau-⁴
