3050 5184
404 262 519 320 136
639 275 713 318 DE
744 275 1310 321 INTERPRETATIONE
1339 278 1387 325 S.
1415 278 1797 323 SCRIPTURAE.
1831 295 1909 303 —
1937 277 2068 321 CAP.
2104 278 2168 319 11.
2202 274 2377 321 LEGES
2405 276 2972 321 HERMENEUTICAE.

1456 595 1752 662 CAPUT
1796 596 1894 663 ΙΙ.

452 842 685 893 LEGES
726 842 1348 895 HERMENEUTIGAE
1386 844 1463 895 IN
1505 844 1786 896 SENSUS
1829 844 2218 898 LITERALIS
2256 843 2920 897 INVESTIGATIONE

1389 932 1954 985 OBSERVANDAE.

668 1148 703 1229 ξ
736 1152 799 1211 5.
843 1183 931 1194 -
970 1148 1175 1235 Leqes
1214 1146 1783 1237 interpretationis
1815 1128 2675 1238 qrammacico-historicde.

482 1368 537 1422 1.
569 1396 649 1407 --
686 1364 780 1423 Ad
826 1366 1635 1441 grammatico-historicam
1693 1362 2274 1444 interpretationem
2323 1368 2442 1427 tria
2489 1367 2930 1443 requiruntur
2957 1384 2977 1423 :

399 1459 673 1536 cognitio
698 1460 1263 1537 significationum3
1291 1479 1450 1539 quae
1474 1462 1799 1523 vocabulis
1822 1463 1900 1521 ab
1924 1470 2178 1523 auctore
2209 1462 2510 1523 adhibitis
2540 1466 2976 1540 competunt.

402 1555 687 1614 definitio
715 1555 885 1617 illius
916 1557 1385 1635 significationis
1401 1604 1415 1631 ,
1440 1574 1628 1635 quam
1659 1559 1862 1618 solam
1897 1558 1961 1617 in
1987 1558 2402 1619 determinato
2427 1558 2569 1618 loco
2593 1558 2974 1618 secundum

400 1668 765 1712 communes
799 1651 1096 1729 loquendi
1141 1654 1390 1731 regulas
1428 1670 1575 1715 cum
1616 1654 1928 1714 vocabulo
1971 1653 2252 1714 adhibito
2296 1659 2518 1715 auctor
2555 1654 2976 1730 coniungere·

398 1748 632 1824 potuit,
667 1747 1007 1825 descriptio
1035 1748 1333 1809 historica
1355 1749 1533 1809 ideae
1551 1797 1564 1822 ,
1603 1766 1792 1826 quam
1821 1766 2034 1809 revera
2053 1751 2406 1828 exprimere
2433 1748 2655 1809 voluit.

466 1860 681 1930 Duplex
713 1861 1125 1933 scripturarum
1150 1861 1529 1932 interpretatio
1558 1861 1930 1933 distinguitur,
1963 1862 2306 1919 authentica
2335 1872 2390 1917 et
2426 1860 2794 1931 scientifica.
2831 1868 2966 1917 Au-

401 1945 684 2003 thentieus
711 1947 1007 2004 verborum
1048 1963 1331 2004 sacrorum
1372 1949 1642 2020 interpres
1672 1960 1751 2004 est
1783 1949 1934 2004 solus
1961 1964 2153 2005 eorum
2179 1958 2394 2017 auctor,
2434 1949 2468 2004 i.
2503 1966 2554 2004 e.
2586 1948 2840 2019 Spiritus
2871 1952 2966 2005 S..

398 2034 492 2106 qui
518 2041 614 2089 aut
638 2035 698 2090 iu
725 2034 843 2091 aliis
866 2035 1159 2107 Scripturis
1187 2044 1283 2091 aut
1311 2036 1433 2091 vivo
1472 2044 1527 2091 et
1553 2036 1815 2092 continuo
1849 2052 1951 2092 suo
1979 2038 2038 2092 in
2072 2037 2316 2092 Ecclesia
2349 2036 2668 2109 magisterio
2697 2052 2809 2091 nos
2845 2036 2964 2091 do·

400 2130 514 2190 cet,
547 2120 683 2194 quid
712 2123 880 2178 verbo
908 2139 1007 2178 suo
1036 2123 1237 2193 scripto
1266 2122 1425 2179 nobis
1454 2121 1810 2179 manifestare
1847 2124 2098 2179 voluerit.
2131 2121 2437 2179 scientifica
2471 2130 2700 2178 vocatur
2727 2123 2831 2179 illa
2869 2124 2966 2177 in-

402 2210 721 2282 terpretatio
738 2253 751 2278 ‚
800 2226 942 2281 quae
984 2208 1315 2266 adiumentis
1359 2210 1683 2283 legibusque
1732 2210 2157 2267 hermeneuticis
2195 2211 2300 2266 rite
2352 2210 2617 2266 adhibitis
2655 2225 2966 2265 sacrarum

397 2298 683 2355 literarum
720 2312 941 2354 sensum
975 2296 1282 2369 investigat.
1323 2300 1408 2353 De
1441 2298 1546 2353 hac
1573 2298 1689 2353 sola
1717 2298 1877 2353 nobis
1906 2306 1988 2353 est
2016 2297 2320 2371 agendum3
2353 2294 2453 2353 sed
2481 2298 2608 2369 quia
2637 2297 2966 2353 scientifica

398 2384 749 2441 authenticae
772 2400 1077 2457 repugnare
1100 2401 1203 2441 nec
1231 2384 1397 2443 debet
1421 2402 1525 2442 nec
1551 2390 1754 2458 potest,
1781 2385 2118 2457 explicemus
2141 2384 2438 2456 oportebit,
2464 2400 2606 2456 quae
2629 2383 2782 2439 illius
2803 2385 2968 2440 ratio
3034 2396 3035 2403 ¹

399 2474 471 2528 sit
500 2471 773 2528 habenda.

468 2560 687 2616 Etenim
715 2558 941 2617 verbum
960 2560 1068 2618 Dei
1094 2561 1362 2634 scriptum
1391 2561 1608 2619 duobus
1629 2562 1787 2635 quasi
1807 2562 2090 2621 elementis
2113 2569 2348 2630 constat,
2372 2562 2546 2617 altero
2565 2558 2780 2631 divine,
2811 2576 2962 2634 qua-

400 2658 559 2703 tenus
586 2646 713 2704 libri
740 2648 878 2705 sacri
905 2652 1086 2705 Deum
1116 2649 1323 2706 habent
1350 2659 1654 2717 auctorem
1685 2651 1860 2706 altero
1899 2650 2170 2718 humano,
2208 2658 2479 2721 quatenus
2511 2647 2578 2704 ab
2617 2648 2962 2705 hominibus

401 2736 644 2791 humano
668 2752 920 2794 sermone
962 2736 1251 2793 hominum
1288 2738 1463 2809 gratia
1503 2746 1634 2794 sunt
1668 2735 1987 2809 conscripti.
2023 2737 2327 2808 Utriusque
2361 2736 2531 2807 igitur
2559 2735 2824 2791 elementi
2864 2738 2956 2791 in-
3034 2744 3035 2759 *

398 2832 611 2894 terpres
638 2826 911 2881 rationem
940 2824 1141 2881 habeat
1168 2834 1413 2897 oportet3
1446 2826 1502 2881 in
1527 2834 1798 2897 quantum
1827 2825 2143 2896 Scripturae
2172 2824 2242 2879 ab
2270 2822 2592 2879 hominibus
2627 2838 2728 2893 pro
2757 2822 2958 2879 homi·
3033 2840 3035 2887 f

400 2911 562 2966 nibus
581 2920 711 2967 sunt
729 2921 997 2979 exaratae,
1021 2912 1219 2967 iisdem
1241 2913 1471 2985 legibu5‚
1495 2912 1695 2984 quihus
1715 2912 1930 2983 profani
1944 2911 2090 2979 libri,
2111 2910 2423 2979 subiacent3
2445 2910 2502 2965 in
2521 2918 2794 2980 quantum
2813 2920 2956 2965 sunt

402 2997 627 3054 verbum
656 3000 759 3055 Dei
785 3000 1063 3055 Ecclesiae
1091 2998 1513 3055 custodiendum
1543 3008 1598 3055 et
1621 2998 2008 3071 explicandum
2036 2997 2332 3064 traditum,
2366 2997 2672 3068 praeceptis
2689 2999 2954 3068 speciali-

400 3086 501 3141 bus
524 3084 791 3157 indigent.
819 3086 1005 3141 Primo
1035 3087 1203 3158 igitur
1231 3086 1354 3142 loco
1378 3086 1473 3141 illa
1499 3096 1790 3158 praecepta
1817 3100 2182 3157 exponemuS,
2212 3100 2352 3157 quae
2376 3083 2954 3157 grammatico-histo-

404 3173 550 3227 ricae
587 3172 1027 3243 interpretationi
1066 3173 1385 3241 inserviunt,
1432 3172 1491 3228 in
1529 3182 1792 3245 sequente
1833 3172 2179 3245 paragrapho
2215 3172 2308 3228 illa
2345 3172 2657 3239 trademus,
2689 3188 2840 3243 quae
2879 3174 2952 3228 ad

402 3258 731 3315 catholicam
768 3259 1279 3330 interpretationem
1319 3261 1694 3332 requiruntur.
1736 3262 1991 3333 Utraque
2028 3268 2214 3315 autem
2251 3260 2438 3330 paucis
2475 3258 2831 3315 absolvemus
2865 3276 2954 3315 sa-

404 3346 730 3417 pientissimi
749 3345 1023 3417 proverbii
1040 3362 1315 3403 memores
1328 3389 1342 3415 ,
1368 3347 1590 3421 longam
1611 3364 1730 3404 esse
1758 3348 1903 3403 viam
1925 3364 2022 3418 per
2041 3356 2352 3418 praecepta,
2379 3344 2604 3402 brevem
2631 3362 2732 3417 per
2753 3364 2948 3403 exem-

403 3433 521 3503 pla3
566 3432 838 3489 bonorum
876 3434 1025 3489 enim
1076 3436 1600 3491 commentariorum
1627 3436 1823 3491 sollers
1851 3435 2016 3491 lectio
2063 3434 2233 3489 tironi
2271 3432 2557 3505 interpreti
2601 3433 2797 3489 utilior
2837 3444 2950 3493 est.

403 3534 567 3591 quam
596 3518 918 3577 diuturnum
952 3522 1447 3578 minutissimarum
1480 3524 1668 3595 legum
1695 3522 1961 3578 studium.

471 3609 646 3663 Porro
664 3616 777 3663 tota
797 3608 1180 3679 interpretatio
1204 3626 1271 3665 eo
1293 3610 1489 3679 tendit,
1518 3620 1580 3665 ut
1605 3608 1827 3665 easdem
1854 3608 2030 3675 ideaS‚
2056 3624 2194 3681 quas
2217 3618 2430 3678 auctor,
2459 3625 2629 3680 quum
2651 3608 2946 3665 scriberet.

404 3695 461 3748 in
485 3704 669 3750 mente
699 3695 909 3762 habuit,
940 3697 999 3751 in
1024 3706 1210 3753 mente
1234 3713 1332 3752 sua
1361 3699 1550 3771 legens
1575 3695 1932 3768 reproducat3
1961 3697 2092 3753 hinc
2119 3698 2440 3769 requiritur,
2473 3705 2534 3753 ut
2561 3712 2628 3751 ex
2659 3695 2950 3751 vocabulis

401 3772 850 3840 indeterminato
876 3792 1135 3841 contextu
1163 3783 1426 3840 adhibitis
1447 3785 1602 3841 ideas
1629 3784 1753 3840 illas
1777 3785 2100 3857 colligamus
2127 3800 2328 3856 easque
2359 3800 2424 3839 ex
2453 3798 2844 3855 personarum,
2869 3785 2948 3839 lo·

403 3885 617 3937 corum,
650 3879 964 3942 temporum
990 3872 1290 3939 adiunctis,
1323 3873 1361 3927 i.
1393 3889 1442 3928 e.
1472 3888 1540 3928 ex
1571 3872 1830 3941 historia,
1865 3872 2102 3943 pressius
2130 3870 2476 3927 definiamus.

480 4024 540 4079 2.
572 4054 650 4065 —
678 4020 725 4080 1.
756 4022 1136 4099 Praeprimis
1169 4021 1634 4099 cognoscendae
1666 4027 1810 4082 sunt
1835 4021 2262 4081 adhibitorum
2287 4036 2724 4082 vocAssutomm
2757 4036 2950 4080 smm-

406 4132 769 4177 F1CAT10NEs.
798 4118 947 4178 Tres
979 4118 1171 4196 igitur
1196 4118 1439 4195 linguas
1474 4134 1682 4177 sacras
1707 4121 1894 4194 atque
1925 4117 2303 4196 scriptorum
2332 4132 2650 4176 sacrorum
2681 4116 2940 4177 modum

406 4214 705 4290 loquendi
732 4214 1043 4293 interpres
1068 4217 1402 4292 cognoscat
1426 4230 1682 4274 necesse
1709 4218 1826 4274 est.

480 4343 503 4375 «
536 4326 737 4381 Contra
780 4327 967 4399 ignota
996 4326 1180 4399 signa,
1213 4326 1393 4397 inquit
1432 4327 1491 4380 S.
1525 4328 1894 4397 Auqus‘timts
1943 4326 2153 4393 (Doctr.
2197 4326 2390 4381 christ.
2429 4326 2507 4381 ΙΙ.
2553 4330 2642 4380 11.
2681 4322 2770 4381 err
2813 4332 2936 4388 163,

405 4427 668 4482 magnum
704 4413 1012 4470 remedium
1041 4422 1125 4469 est
1164 4413 1479 4485 linguarum
1511 4413 1773 4485 cogniti0.
1805 4416 1875 4468 Et
1903 4414 2137 4469 latinae
2163 4413 2386 4485 quidem
2427 4412 2648 4484 linguae
2691 4411 2940 4467 homines

407 4496 619 4554 duabus
638 4499 759 4553 aliis
782 4500 852 4556 ad
881 4501 1194 4557 divinarum
1222 4500 1634 4571 Scripturarum
1661 4502 2034 4571 cognitionem
2061 4518 2207 4573 opus
2242 4501 2481 4570 liabent,
2513 4498 2808 4555 hebraica
2833 4502 2934 4555 sci-

406 4586 535 4646 licet
558 4594 613 4641 et
634 4603 878 4656 qraeca,
913 4596 974 4643 ut
1008 4588 1077 4643 ad
1112 4586 1497 4658 praecedentia
1541 4588 1874 4659 exemplaria
1899 4598 2231 4654 recurratur,
2265 4588 2310 4643 si
2343 4602 2510 4660 quam
2537 4585 2935 4643 dubitationem
