3050 5184
607 350 684 394 ns
723 350 1032 396 munorum
1075 350 1303 395 smum.
1344 348 1703 394 ausuum-ro
1747 348 1825 393 ET
1863 350 2173 393 nmsiour..
2544 332 2662 390 239

157 480 350 537 videtur
373 480 690 549 retinenda3
725 495 900 554 quare
925 482 984 537 in
1011 480 1118 537 hoc
1145 481 1324 552 capite
1360 480 1430 536 de
1469 480 1688 537 duobus
1725 479 1883 536 libris
1920 480 2143 537 Samuel
2164 522 2177 547 ‚
2211 480 2268 534 in
2296 485 2561 549 sequente
2594 474 2665 531 de

153 568 215 634 (3.
240 573 314 634 4.)
340 568 492 624 libris
518 571 738 639 Regum
775 584 1030 641 agemus,
1062 569 1491 625 commentarios
1533 576 1719 623 autem
1745 568 1911 623 unica
1939 566 2288 639 paragrapho
2320 566 2365 637 (5
2390 570 2479 631 25)
2508 580 2664 619 com-

155 656 452 726 plectemur,
481 657 612 728 quia
635 656 887 728 plerique
916 658 1245 728 interpretes
1266 665 1567 727 utrumque
1588 670 1725 727 opus
1743 656 1908 711 simul
1937 655 2301 726 explicarunt.
2323 684 2395 695 —
2422 656 2472 707 A
2492 653 2664 708 Grae-

153 742 217 798 cis
253 753 485 815 quatuor
519 743 647 800 libri
676 744 952 797 Βασιλειῶν
986 744 1196 813 τέσσαρα
1236 743 1465 815 (βιὸλία),
1506 742 1576 799 ah
1609 742 1849 815 antiquis
1885 740 2095 799 Latinis
2125 750 2221 796 aut
2258 740 2531 797 Basiliae
2570 744 2665 794 aut

156 836 446 903 Regnorum
488 838 762 905 quatuor,
809 846 840 887 a
881 833 936 888 S.
986 832 1326 904 Hieronymo
1363 830 1779 900 iunioribusque
1820 829 2031 884 Latinis
2070 832 2290 901 Requm
2331 827 2479 883 libri
2514 842 2662 881 nun·-

155 927 419 991 eupantur.
453 921 521 976 In
551 920 790 992 Vulgata
831 928 1019 975 tamen
1059 918 1170 975 duo
1209 918 1420 989 priores
1463 917 1841 973 inscribuntur
1886 917 2061 972 Liber
2106 922 2156 971 1.
2204 916 2302 982 (2.)
2345 912 2663 977 Sam‘uelis,

156 1024 302 1081 quem
323 1024 424 1063 uos
452 1012 505 1064 1.
539 1008 636 1081 (2.)
665 1012 878 1080 Requm
908 1007 1186 1075 dicimus,
1222 1014 1278 1062 et
1306 1005 1418 1061 duo
1451 1005 1635 1061 ultimi
1659 1006 1833 1061 Liber
1870 1009 1922 1059 3.
1955 1008 2051 1074 (4.)
2081 1008 2312 1074 Requm,
2352 1000 2663 1057 secuudum

158 1096 433 1152 Hebraeos
461 1102 513 1152 1.
557 1096 657 1169 (2.)
685 1100 922 1167 Requm.
967 1095 1184 1151 Nomen
1223 1109 1386 1149 suum
1433 1094 1647 1165 priores
1693 1091 1805 1149 duo
1848 1090 1975 1147 libri
2004 1106 2116 1146 non
2154 1089 2277 1145 ideo
2314 1095 2663 1159 acceperunt,

153 1178 257 1249 quia
289 1175 510 1233 Samuel
549 1189 744 1229 eorum
782 1190 902 1229 esse
939 1182 1132 1229 auctor
1169 1172 1426 1243 (plurima
1464 1173 1646 1241 enim,
1690 1189 1831 1245 quae
1872 1183 2135 1244 narrant,
2177 1174 2449 1231 Samuelis
2490 1182 2673 1230 morte

153 1271 260 1319 sunt
281 1262 638 1333 recentiora),
677 1260 776 1316 sed
814 1261 943 1333 quia
975 1259 1198 1318 Samuel
1231 1267 1349 1316 tota
1382 1259 1476 1315 illa
1514 1268 1725 1331 aetate,
1765 1259 1837 1316 de
1876 1278 1983 1333 qua
2021 1271 2219 1335 agunt,
2264 1262 2473 1334 primas
2517 1264 2673 1335 quasi

153 1360 312 1423 partes
337 1351 512 1423 egisse
539 1348 760 1421 (parum
783 1353 955 1416 recte)
989 1347 1340 1416 credebatur,
1371 1348 1450 1402 ita
1484 1357 1547 1403 ut
1582 1348 1754 1404 etiam
1780 1348 1961 1405 Saulis
1988 1349 2333 1423 Davidisque
2364 1365 2455 1406 res
2488 1358 2674 1423 gestae

151 1439 210 1496 ad
231 1441 381 1495 illum
409 1438 778 1509 pertinerent,
809 1452 908 1508 per
937 1451 1106 1509 quem
1135 1451 1292 1508 reges
1325 1442 1511 1491 essent
1542 1436 1715 1493 uncti.

219 1596 270 1651 2.
300 1627 377 1637 —
403 1596 840 1673 Arqumeutum
877 1595 1181 1657 librorum
1217 1598 1472 1658 Samuel
1509 1604 1678 1659 recte
1710 1599 1941 1661 dicitur
1975 1600 2243 1661 historia
2280 1600 2665 1661 fundationis

156 1692 206 1746 et
228 1690 716 1750 confirmationis
745 1690 953 1752 throni
981 1694 1218 1753 aeterni
1244 1694 1308 1753 in
1335 1694 1523 1754 domo
1550 1694 1857 1757 davidica.

207 1803 312 1856 Res
333 1802 660 1857 israeliticae
691 1805 928 1874 peccatis
965 1806 1152 1876 populi
1195 1814 1249 1860 et
1294 1806 1520 1877 segnitie
1566 1806 1767 1863 Iudicis
1798 1808 1925 1864 Heli
1952 1807 2012 1864 in
2047 1824 2328 1865 summum
2369 1808 2665 1865 discrimen

153 1896 288 1941 erant
308 1887 599 1957 adductae,
631 1890 854 1961 quando
883 1893 1105 1948 Samuel
1132 1908 1162 1947 a
1188 1893 1309 1947 Deo
1337 1895 1669 1949 constitutus
1701 1902 1784 1949 est
1809 1895 1981 1951 Iudex
2010 1904 2065 1951 et
2100 1897 2369 1969 propheta
2386 1939 2402 1968 ,
2436 1906 2495 1951 ut
2524 1898 2664 1969 peri-

153 1973 411 2031 clitantem
440 1976 756 2033 restitueret
783 1980 1201 2049 rempublicam.
1233 1986 1284 2035 A
1305 1982 1424 2035 Deo
1445 1980 1667 2036 adiutus
1695 1982 1936 2053 primum
1972 1981 2195 2055 quidem
2223 1994 2431 2040 terram
2470 2000 2502 2041 a
2529 1983 2663 2038 Phi-

153 2060 490 2119 listhaeorum
515 2065 872 2135 oppressione
895 2066 1146 2123 liberavit
1169 2075 1334 2138 atque
1359 2068 1512 2123 fideli
1540 2083 1833 2124 munerum
1858 2082 2085 2125 suorum
2109 2071 2370 2127 exercitio
2390 2072 2653 2143 populum

152 2148 207 2203 ad
223 2150 378 2223 Legis
396 2148 802 2209 observantiam
823 2155 1122 2210 revocavit.
1144 2155 1447 2211 Senescens
1465 2164 1653 2211 autem
1664 2158 1868 2228 populo
1882 2174 2070 2231 regem
2084 2158 2383 2229 postulanti
2403 2156 2667 2228 praefecit

152 2238 367 2306 Saulem,
389 2238 484 2311 qui
502 2248 695 2295 tamen
716 2240 1084 2297 inobedientia
1099 2258 1200 2298 sua
1215 2258 1275 2298 se
1297 2244 1479 2314 ipsum
1491 2259 1665 2315 regno
1682 2242 1971 2317 indignum
1991 2244 2392 2302 demonstravit
2410 2243 2662 2301 domum-

153 2338 238 2393 que
261 2340 418 2382 suam
446 2326 568 2383 iure
595 2327 863 2400 regnandi
893 2330 1142 2400 privavit.
1168 2330 1351 2399 Quare
1374 2330 1595 2387 Samuel
1623 2329 1897 2387 Davidem
1922 2348 2113 2405 regem
2131 2348 2339 2405 ungere
2358 2333 2538 2389 iussus
2558 2342 2659 2399 est,

153 2418 292 2483 atque
336 2411 428 2469 hic
461 2434 486 2464 α
519 2414 603 2469 vir
631 2414 782 2471 iuxta
813 2432 911 2471 cor
950 2416 1054 2473 Dei
1082 2437 1109 2469 n
1143 2418 1419 2473 continuis
1459 2418 1661 2474 aemuli
1689 2418 1774 2473 sui
1816 2420 2287 2489 persecutionibus
2314 2420 2387 2476 ad
2424 2435 2657 2491 regnum

153 2510 490 2573 praeparatus
515 2510 642 2573 post
667 2504 849 2559 Saulis
878 2504 1104 2577 eiusque
1132 2505 1229 2561 filii
1259 2506 1512 2562 Isboseth
1546 2514 1784 2562 mortem
1814 2506 1882 2563 ab
1911 2506 2128 2579 integro
2154 2508 2357 2579 populo
2386 2523 2482 2564 rex
2506 2508 2663 2579 agni-

153 2593 224 2641 tus
243 2605 272 2644 a
299 2592 424 2645 Deo
467 2590 680 2646 aeterni
721 2591 906 2646 throni
935 2594 1352 2663 promissionem
1395 2595 1627 2665 accepit.
1672 2594 1945 2650 Felicibus
1978 2595 2140 2651 hellis
2164 2595 2565 2667 rempublicam
2593 2592 2664 2649 ad

151 2686 404 2733 summum
431 2676 718 2748 potestatis
742 2676 1018 2751 fastigium
1047 2680 1228 2735 evexit
1256 2682 1416 2752 eique
1441 2682 1583 2737 fines
1608 2681 1735 2736 illos
1760 2683 2122 2753 expugnavit,
2156 2698 2295 2755 quos
2324 2682 2458 2737 olim
2486 2682 2659 2753 patri-

152 2762 304 2820 archis
341 2767 494 2821 Deus
525 2766 871 2837 promiserat.
906 2768 971 2823 In
1001 2768 1184 2839 gravia
1219 2770 1450 2824 crimina
1476 2769 1663 2840 lapsus
1702 2784 1892 2824 severe
1920 2785 1951 2825 a
1987 2773 2107 2825 Deo
2132 2778 2215 2825 est
2251 2769 2471 2840 punitus
2499 2784 2663 2839 prae·-

153 2852 312 2908 sertim
339 2852 440 2908 filii
469 2853 553 2908 sui
585 2852 880 2910 Absalonis
912 2854 1241 2925 rebellione;
1272 2856 1368 2911 sed
1394 2857 1522 2928 quia
1551 2856 1949 2927 poenitentiam
1979 2863 2193 2929 egerat,
2228 2855 2529 2912 rebellione
2565 2854 2663 2911 de-

153 2936 268 2994 victa
296 2939 350 2995 in
375 2939 569 2996 sedem
595 2941 804 3014 regiam
833 2957 1086 2999 reversus
1125 2944 1359 3016 gloriose
1388 2944 1591 3000 iterum
1628 2944 1896 2999 thronum
1938 2944 2327 2999 confirmatum
2356 2943 2659 3013 occupavit.

214 3101 265 3157 3.
295 3133 374 3143 -
396 3102 769 3178 Argumenti
807 3106 872 3161 et
909 3102 1052 3161 finis
1093 3104 1336 3162 ratione
1375 3102 1587 3161 habita
1630 3102 1946 3179 integrum
1984 3119 2143 3179 opus
2183 3105 2434 3179 praeter
2463 3101 2663 3161 intro-

155 3191 488 3257 ductionem
521 3196 594 3276 (Ι.
627 3196 814 3277 1.-7.)
841 3201 905 3258 et
931 3198 1250 3277 epilogum
1281 3198 1379 3278 (11.
1409 3198 1675 3277 21.-24.)
1709 3198 1771 3257 in
1809 3198 1963 3259 duas
1990 3201 2203 3275 partes
2239 3197 2661 3268 distribuitur,

157 3304 392 3363 quarum
416 3294 592 3371 prior
622 3294 692 3372 (Ι.
728 3296 954 3373 8.-31.)
983 3295 1194 3355 throni
1225 3296 1462 3355 aeterni
1490 3295 2033 3373 praeparationem
2050 3339 2065 3367 ,
2090 3295 2289 3354 altera
2319 3292 2417 3373 (11.
2442 3292 2663 3373 1.-20.)

156 3384 408 3449 eiusdem
436 3390 872 3451 fundationem
897 3396 960 3451 et
983 3393 1524 3452 confirmationem
1554 3395 1864 3451 enarrant.

211 3500 612 3560 lurnonucuo
642 3504 709 3570 (1.
744 3504 1005 3574 1,1-7,17)
1033 3506 1226 3561 vitam
1251 3504 1577 3559 adumbrat
1600 3506 1912 3571 Samuelis,
1947 3520 2061 3577 quo
2088 3501 2247 3560 velut
2277 3504 2667 3559 instrumento

159 3599 272 3643 ms
293 3595 368 3645 est
395 3595 554 3645 Deus
579 3591 644 3646 iu
665 3592 1102 3665 praeparando
1131 3598 1184 3647 et
1211 3590 1523 3663 fundando
1545 3597 1788 3647 aeterno
1818 3593 2049 3647 throno.

222 3678 265 3727 1.
299 3672 590 3728 Samuelis
618 3674 915 3726 nativitas
951 3678 1001 3727 et
1037 3676 1267 3725 vocatio
1301 3675 1615 3741 (1‚1-3,21).
1650 3702 1719 3711 —-
1746 3673 1870 3727 Filii
1896 3673 1982 3729 sui
2019 3672 2271 3745 precibus
2300 3688 2331 3727 a
2356 3674 2476 3727 Deo
2504 3671 2673 3743 impe-

405 3761 538 3817 trati
565 3768 622 3816 et
659 3758 850 3815 divino
895 3758 1116 3813 servitio
1164 3760 1472 3814 consecrati
1517 3763 1749 3828 (1‚1·28)
1782 3765 1946 3817 Anna
1995 3760 2265 3832 praedicit
2304 3757 2374 3816 ad
2419 3756 2673 3815 futurum

411 3864 597 3922 regem
622 3855 678 3903 et
706 3845 780 3902 ad
811 3846 1068 3901 Messium
1099 3846 1159 3913 (i.
1193 3863 1243 3901 e.
1279 3846 1350 3903 ad
1387 3855 1679 3903 aeternum
1716 3848 2005 3915 thronum)
2044 3848 2369 3905 relationem
2410 3846 2669 3919 (2,1-11).

403 3937 680 3993 Vitiorum
729 3934 974 3991 filiorum
1019 3934 1150 3991 Heli
1195 3942 1252 3988 et
1299 3934 1420 4001 piae
1463 3935 1733 4007 pueritiae
1779 3935 2049 3992 Samuelis
2097 3935 2339 4007 sequelis
2382 3932 2673 3989 contrariis

410 4024 670 4096 expositis
694 4026 957 4089 (2.12-36)
979 4029 1236 4077 narratur
1257 4022 1414 4090 pueri
1443 4025 1659 4078 vocatio
1680 4023 1752 4078 ad
1780 4038 1983 4078 munus
2004 4023 2395 4095 propheticum
2417 4022 2670 4092 (3.1-21).

221 4110 268 4161 2.
294 4108 525 4169 Samuel
537 4110 754 4185 populi
782 4110 1076 4168 liberator
1101 4116 1159 4166 et
1183 4109 1549 4183 reformator
1571 4126 1639 4166 ex
1658 4109 1898 4167 maximo
1918 4109 2251 4180 discrimine,
2276 4110 2335 4165 in
2363 4108 2513 4181 quod
2541 4125 2672 4180 pec-

377 4201 512 4256 catis
539 4208 766 4256 ruerant
802 4203 1086 4269 <4‚1-7,1>‚
1131 4198 1329 4255 liberat
1357 4198 1639 4255 Israelitas
1667 4197 1738 4253 ad
1774 4199 1956 4255 Deum
1992 4214 2289 4255 conversos
2317 4202 2575 4266 (⁷,2-17).

225 4282 362 4343 Pus
385 4302 570 4346 Paron
609 4289 678 4355 (1.
718 4290 1030 4357 8‚1-31,17)
1056 4287 1595 4359 praeparationem
1626 4286 1831 4342 throni
1863 4287 2093 4341 aeterni
2122 4286 2187 4341 iu
2226 4286 2404 4339 domo
2432 4285 2672 4341 Davidis

163 4377 506 4434 permansuri
527 4380 774 4434 narrat.

229 4461 274 4512 1.
297 4460 485 4520 Saulis
507 4464 706 4538 primi
726 4466 883 4536 reyis
905 4463 1099 4519 electio
1127 4470 1182 4519 et
1207 4463 1452 4518 reiectio
1480 4466 1705 4531 (s,1·15‚
1741 4466 1849 4529 35).
1880 4490 1951 4503 —
1979 4459 2244 4516 Israelitis
2265 4476 2455 4532 regem
2476 4468 2668 4533 postu-

379 4551 614 4609 lantibus
642 4554 796 4609 Deus
825 4566 1074 4607 annuens
1104 4554 1337 4621 (ΒΛ-22)
1381 4550 1606 4605 Saulem
1635 4549 1906 4621 designat,
1938 4548 2031 4619 qui
2058 4564 2089 4603 a
2126 4548 2382 4604 Samuele
2416 4548 2667 4617 privatim

383 4648 575 4697 unctus
601 4644 937 4709 (9,1-10,16)
986 4637 1204 4711 publice
1243 4639 1609 4710 inauguratur
1655 4645 1709 4693 et
1751 4645 1874 4707 post
1912 4635 2199 4693 victoriam
2242 4636 2313 4693 de
2338 4636 2669 4693 Ammonitis
