3050 5184
978 686 1340 765 SEOTIO
1393 689 1831 765 ALTERA.
1884 770 1893 777 ,

598 935 684 1002 Bo
721 936 1048 1019 Utrimque
1090 939 1454 1004 Testamenti
1495 939 1881 1005 versionibus
1920 940 2212 1022 antiquis.

1164 1218 1462 1289 CAPUT
1508 1222 1645 1290 111.

463 1440 562 1491 DE
603 1440 1108 1495 VERSIONIBUS
1148 1440 1463 1495 GRAECIS
1502 1440 1817 1495 VETERIS
1856 1443 2339 1495 TESTAMENTI.

437 1667 474 1751 §
503 1670 570 1733 8.
602 1704 690 1715 -
717 1670 813 1733 De
841 1664 1327 1735 alexandrinae
1363 1669 1683 1735 versionis
1722 1668 1974 1757 orz’qz'ne
2006 1680 2071 1734 ec
2096 1668 2342 1736 τ’πάοίε.

197 1870 248 1925 l.
273 1902 362 1911 —-
389 1868 562 1927 Inter
581 1868 651 1927 V.
687 1870 755 1927 T.
785 1868 1128 1941 versiones,
1164 1884 1321 1947 quae
1345 1870 1672 1947 primitivo
1700 1870 1899 1930 textui
1931 1868 2366 1947 cognoscendo
2394 1874 2455 1930 et
2482 1872 2671 1931 resti-

135 1965 350 2023 tuendo
391 1962 782 2037 inserviunt,
804 1965 1176 2043 antiquitate
1211 1970 1276 2025 et
1305 1968 1680 2027 auctoritate
1714 1966 1954 2026 eminet
1972 1965 2113 2039 illa,
2142 1982 2300 2043 quae
2334 1982 2369 2025 a
2389 1966 2526 2027 loco
2554 1967 2669 2044 qui

131 2060 398 2121 creditur
425 2060 693 2138 originis
717 2060 1154 2135 alexandrina,
1189 2079 1224 2121 a
1251 2078 1516 2123 numero
1548 2063 1657 2139 qui
1692 2062 1961 2123 traditur
1989 2062 2409 2139 interpretum
2436 2070 2672 2142 septue-

129 2156 544 2231 9intaviralis,
581 2158 736 2217 LXX
767 2156 824 2237 (ἡ
849 2160 954 2215 τῶν
980 2155 1376 2233 ἔὸδομῆκοντα,
1399 2160 1447 2216 οἱ
1470 2158 1522 2237 ό)
1552 2158 1928 2236 appellatur.

185 2269 486 2325 Sacrorum
513 2268 787 2326 librorum
815 2271 1124 2339 versiones,
1157 2271 1278 2342 quis
1301 2286 1368 2327 eo
1395 2279 1666 2342 tempore,
1709 2285 1819 2342 quo
1848 2278 2073 2327 exortae
2106 2280 2255 2341 sunt,
2294 2280 2479 2329 textus
2516 2287 2672 2329 sacer

135 2356 282 2413 fuerit
308 2366 370 2414 et
397 2357 684 2431 quomodo
712 2365 846 2413 tunc
874 2358 946 2415 sit
971 2358 1311 2427 intellectus,
1341 2358 1418 2413 ita
1445 2374 1550 2413 nos
1587 2357 1818 2427 docent,
1857 2366 1921 2414 ut
1949 2364 2005 2413 et
2031 2359 2272 2431 antiquis
2304 2359 2588 2415 codicibus
2616 2368 2672 2415 et

129 2446 358 2517 antiquis
391 2444 813 2501 commentariis
840 2445 950 2501 sint
978 2444 1441 2517 aequiparandae.
1473 2446 1751 2516 Quoniam
1778 2449 1965 2501 autem
1993 2460 2187 2501 eorum
2216 2446 2520 2502 auctoritas
2551 2456 2672 2503 tota

133 2547 156 2584 a
183 2540 438 2605 tenpore
471 2531 780 2604 dependet,
801 2548 913 2605 quo
939 2542 1068 2589 sunt
1089 2532 1420 2599 adornatae,
1445 2548 1476 2589 a
1497 2532 1724 2589 scientia
1753 2540 1810 2588 et
1836 2531 2140 2605 diligentia,
2174 2548 2283 2605 qua
2310 2549 2541 2590 munere
2568 2551 2669 2590 suo

133 2618 288 2675 iuneti
321 2627 460 2677 suut
481 2620 834 2691 interpretes,
864 2634 897 2675 a
924 2619 1218 2689 fidelitate,
1246 2636 1355 2693 qua
1381 2619 1545 2677 uobis
1566 2628 1696 2676 sunt
1720 2620 2102 2684 transmissae,
2135 2636 2327 2676 earum
2356 2623 2671 2694 oriqinem,

135 2706 420 2776 indolem,
455 2706 784 2763 historiam
823 2708 1212 2780 investigemus
1257 2715 1495 2781 oportet.
1544 2709 1623 2763 Ex
1663 2707 1917 2763 omnibus
1944 2716 2131 2763 autem
2154 2708 2224 2763 V.
2249 2710 2314 2763 T.
2346 2709 2671 2779 interpreta-

139 2794 371 2851 tionibus
399 2796 522 2852 sola
555 2794 912 2851 alexandrina
939 2803 1068 2851 ante
1094 2794 1319 2851 Domini
1347 2795 1535 2852 Nostri
1562 2794 1864 2851 adventum
1888 2793 2031 2850 facta
2058 2804 2162 2863 est,
2196 2793 2435 2866 ideoque
2466 2796 2537 2851 ab
2574 2796 2671 2852 illa

133 2880 445 2939 inchoamus
473 2882 623 2939 hunc
649 2891 966 2939 tractatum.

201 3052 260 3107 2.
287 3084 370 3095 —
397 3051 490 3112 De
517 3050 758 3128 oriqine
788 3050 1076 3111 versionis
1106 3050 1549 3110 alexandrinae
1572 3050 1729 3110 haec
1758 3047 2055 3109 videntur
2092 3049 2445 3110 statuenda.
2478 3052 2670 3111 Insti-

141 3150 314 3219 gante
341 3148 665 3207 Demetrio
686 3147 1012 3221 Phalere0,
1027 3147 1424 3209 Ptolemaeus
1443 3147 1514 3206 11.
1532 3144 1980 3223 Philadelphus
2003 3146 2119 3205 sub
2142 3146 2343 3205 initiis
2363 3148 2541 3225 regni
2573 3149 2669 3209 sui

147 3240 298 3315 [286.
341 3262 397 3303 a.
439 3241 610 3323 Chr.)
650 3260 767 3322 per
805 3242 1066 3304 Iudaeos
1095 3242 1434 3303 nonnullos
1469 3239 1881 3301 Alexandriae
1917 3240 2416 3302 pentateuchum
2451 3260 2671 3319 graece

147 3338 508 3401 vertendum
554 3340 825 3411 curavit,
857 3344 1047 3418 atque
1095 3340 1465 3417 insequente
1511 3341 1797 3415 tempore
1839 3337 2072 3415 reliqui
2113 3354 2368 3415 quoque
2414 3337 2562 3397 libri
2604 3340 2671 3399 in

145 3438 416 3514 Aegypto
452 3436 734 3497 translati
771 3440 948 3509 sunt;
990 3437 1296 3515 integram
1339 3434 1975 3513 protocanonicorum
2012 3434 2367 3494 versionem
2401 3434 2567 3494 circa
2608 3453 2663 3494 a.

139 3534 264 3593 130.
295 3550 352 3594 a.
383 3532 526 3594 Chr.
559 3532 962 3593 terminatam
995 3548 1163 3604 esse,
1189 3534 1428 3591 certum
1450 3535 1577 3603 est;
1602 3529 1989 3608 probabilius
2020 3534 2229 3590 autem
2250 3529 2373 3588 iam
2396 3536 2661 3591 exeunte

139 3648 287 3691 saec.
319 3633 380 3693 3.
412 3629 742 3691 translatio
769 3628 892 3689 fuit
917 3629 1225 3688 absoluta.

198 3746 380 3801 Exstat
419 3742 651 3814 epistola
689 3740 960 3813 quaedam
997 3741 1223 3797 nomine
1259 3740 1537 3808 Aristeae,
1572 3738 1837 3811 praefecti
1870 3738 2113 3795 militum
2148 3738 2455 3795 Ptolemaei
2480 3738 2659 3795 Phila-

141 3828 326 3903 delphi,
353 3830 642 3901 inscripta,
676 3845 818 3901 quae
846 3827 982 3885 haec
1009 3827 1216 3885 refert:
1241 3826 1695 3899 Philadelphum,
1718 3841 1890 3897 quum
1917 3824 2177 3881 hortante
2205 3826 2490 3882 Demetrio
2518 3825 2660 3882 Pha·

143 3918 265 3975 lereo
289 3919 463 3975 libros
491 3917 765 3973 mosaicos
791 3917 850 3973 in
878 3915 1275 3973 bibliothecam
1301 3914 1676 3971 Alexandriae
1695 3928 1728 3971 a
1745 3928 1803 3969 sc
1821 3910 2113 3969 fundatam
2140 3910 2345 3968 inferre
2374 3912 2655 3981 voluisset,

143 4008 374 4063 sollemni
401 4006 678 4079 legatione
717 4004 1018 4076 multisque
1046 4002 1208 4059 donis
1236 4018 1332 4059 eos
1360 4002 1429 4059 ab
1457 4002 1740 4068 Eleazaro,
1774 4016 1992 4057 summo
2022 3999 2281 4072 pontifice
2309 4000 2657 4072 ierosolymi-

143 4102 275 4161 tano,
303 4094 596 4167 expetiisse
623 4108 734 4148 una
762 4107 890 4147 cum
918 4090 1202 4147 nonnullis
1225 4089 1639 4162 interpretibus,
1672 4088 1769 4162 qui
1796 4105 1891 4145 eos
1920 4104 2119 4162 graece
2145 4086 2471 4154 redderent,
2504 4087 2659 4144 Elea·

143 4198 309 4238 zatum
353 4182 498 4255 regis
543 4178 808 4237 mandato
850 4178 1175 4235 obsecutum
1217 4176 1567 4249 septuaginta
1616 4175 1757 4233 duos
1804 4177 1949 4231 viros
1994 4176 2208 4231 misisse
2223 4216 2237 4242 ‚
2270 4174 2450 4245 quiin
2478 4174 2657 4230 insula

143 4270 302 4325 Pharo
319 4271 460 4327 inter
477 4284 538 4325 se
559 4268 907 4325 conserentes
925 4282 1066 4337 opus
1081 4264 1234 4321 brevi
1261 4274 1512 4336 tempore
1541 4263 1935 4332 absolvissent3
1967 4262 2277 4319 versionem
2304 4260 2661 4317 terminatam

143 4356 202 4412 ab
234 4356 480 4414 omnibus
519 4355 740 4413 Iudaeis
784 4353 1156 4411 alexandrinis
1193 4368 1310 4409 esse
1349 4352 1733 4424 approbatam.
1764 4352 1943 4419 Quam
1988 4347 2361 4405 narrationem
2390 4348 2565 4405 Philo
2604 4358 2660 4407 et

147 4446 222 4499 Fe.
255 4446 522 4519 Iosephus
557 4460 660 4517 pro
700 4459 826 4500 vera
865 4452 1220 4514 receperunt;
1260 4443 1317 4497 S.
1358 4441 1624 4497 lustinus
1657 4442 1733 4496 M.
1774 4446 1988 4503 autem,
2031 4450 2269 4510 quocum
2306 4437 2659 4493 consentiunt

147 4532 286 4589 multi
319 4536 532 4607 Patres,
563 4539 785 4597 narrat,
815 4530 1162 4604 septuaginta
1194 4542 1352 4585 senes
1388 4528 1447 4583 in
1482 4526 1721 4584 totidem
1758 4526 1909 4582 cellis
1947 4522 2212 4595 separatis
2248 4522 2495 4595 singulos
2522 4524 2659 4581 inte-

896 4628 1152 4678 conunu
1184 4626 1460 4677 courum.
1487 4626 1714 4673 hernon.
1744 4646 1807 4660 -—
1834 4625 1879 4671 6.
