3050 5184
432 350 508 408 52
535 364 819 413 HISTORIA
841 365 1095 412 GANONJS
1125 367 1457 419 U'rmusouss
1485 367 1881 412 TESTAnENu.
1906 385 1985 395 -·
2004 367 2130 412 CAP.
2166 367 2249 412 IV.
2274 368 2444 412 Luam·
2465 367 2805 412 Apocnrrm
2834 368 2959 412 mc.

429 495 586 565 qiae,
617 511 759 566 quae
785 497 1100 570 aliquorum
1121 500 1515 570 Apostolorum
1536 499 1851 556 nominibus
1874 499 2264 569 inscribuntur,
2290 499 2365 556 ad
2384 513 2667 556 summum
2699 499 2963 556 nonnulla

430 583 734 652 continent,
765 600 907 656 quae
933 586 1070 642 orali
1097 587 1392 643 traditione
1421 587 1490 644 ab
1517 587 1629 644 illis
1650 589 1931 658 Apostolis
1956 587 2293 644 derivantur.

499 672 687 744 Magni
721 673 986 729 momenti
1015 683 1100 730 est
1125 676 1416 730 Doctrina
1453 675 1770 732 duodecim
1798 675 2247 750 Apostolorum,
2280 691 2421 748 quae
2458 683 2710 746 tempore
2738 685 2967 747 aposto-

429 759 536 814 lico
572 768 627 815 et
652 760 1012 831 probabiliter
1033 763 1144 818 iam
1169 763 1356 834 paullo
1392 773 1519 834 post
1560 761 1801 818 medium
1838 780 1983 820 saec.
2032 771 2082 821 1.
2126 772 2211 820 est
2248 771 2465 832 exorta,
2509 763 2763 820 Clemens
2800 762 2965 818 Alex.

429 861 552 902 eam
591 847 693 904 sub
733 850 956 905 nomine
1001 869 1027 902 α
1057 851 1369 922 scripturae
1399 871 1424 902 n
1460 850 1713 920 adhibet,
1744 853 1800 908 S.
1832 851 2167 908 Athanasius
2198 865 2322 906 eam
2358 850 2513 908 libris
2550 858 2833 920 accenset,
2872 851 2968 922 qui

429 933 836 992 catechumenis
869 936 1088 1010 legendi
1123 947 1269 1007 sunt,
1311 939 1578 995 Eusebius
1600 954 1723 994 eam
1750 939 1894 996 inter
1924 939 1987 992 τὰ
2020 938 2412 1010 &vraks-souma,
2442 937 2792 1010 Nicephorus
2816 937 2969 994 inter

427 1022 740 1094 apocrypha
780 1033 1084 1080 enumerat.
1125 1030 1335 1082 Auctor
1369 1025 1543 1082 libelli
1578 1025 1774 1084 nullibi
1816 1026 2025 1083 indicat
2066 1041 2127 1082 se
2164 1025 2495 1097 Apostolum
2531 1040 2651 1082 esse
2686 1034 2785 1082 aut
2823 1039 2969 1096 apo-

427 1109 620 1164 stolica
659 1121 951 1182 praecepta
980 1112 1230 1181 tradere,
1253 1113 1350 1170 sed
1384 1129 1448 1170 ea
1480 1115 1827 1172 conscribere
1864 1114 2099 1172 voluisse
2128 1113 2363 1184 videtur,
2400 1129 2542 1186 quae
2572 1113 2691 1184 ipse
2721 1112 2779 1168 in
2812 1121 2969 1168 cate-

427 1195 576 1252 chesi
604 1196 888 1254 didicerat.
923 1201 1004 1256 Ex
1027 1202 1289 1257 Doctrina
1317 1202 1711 1272 Apostolorum
1739 1211 1991 1258 exortum
2023 1209 2109 1257 est
2146 1201 2384 1257 alterum
2412 1201 2771 1272 opusculum,
2814 1202 2971 1272 quod

425 1282 737 1341 inscribitur
771 1289 938 1342 Duae
975 1289 1113 1344 viae
1155 1289 1239 1344 vel
1275 1289 1574 1346 Iudicium
1606 1289 1804 1358 Petri,·
1846 1289 2043 1346 eodem
2084 1290 2145 1345 in
2192 1289 2340 1354 loco,
2382 1304 2493 1360 quo
2530 1290 2585 1344 S.
2626 1287 2973 1344 Athanasius

425 1373 766 1443 Doctrinam‚
787 1374 1020 1432 Rufinus
1048 1376 1283 1432 alterum
1301 1376 1450 1432 hunc
1470 1377 1719 1434 libellum
1744 1385 2009 1446 recenset,
2036 1377 2133 1449 qui
2152 1392 2281 1432 cum
2293 1377 2477 1449 priore
2492 1375 2794 1431 Doctrinae
2808 1383 2971 1446 parte

425 1459 648 1515 omnino
677 1472 964 1518 consonat.
999 1464 1461 1522 constitutiones
1503 1465 1916 1537 Apostolorum
1952 1473 2079 1521 octo
2115 1463 2272 1520 libris
2304 1463 2681 1532 continentur,
2724 1477 2971 1534 quorum

424 1547 686 1618 septimus
715 1557 799 1604 est
825 1550 1000 1608 altera
1028 1551 1184 1623 quasi
1221 1553 1466 1608 recensio
1502 1552 1824 1620 Doctrinae,
1852 1552 1989 1609 dum
2014 1560 2241 1608 octavus
2277 1565 2463 1607 sacros
2500 1551 2641 1606 ritus
2674 1549 2967 1614 describit,

423 1644 479 1692 et
501 1651 594 1692 sex
618 1643 831 1708 priores
857 1638 1230 1696 catecheticae
1247 1639 1577 1696 institutioni
1604 1639 1859 1696 videntur
1883 1639 2193 1696 inservisse.
2227 1641 2419 1697 Canon
2445 1643 2534 1694 85.
2564 1637 2971 1709 Apostolorum

422 1725 848 1782 constitutiones
874 1728 1202 1799 apostolicas
1227 1729 1372 1783 inter
1393 1727 1609 1784 divinos
1632 1727 1797 1784 libros
1817 1735 2123 1792 enumerat,
2148 1727 2295 1782 inter
2316 1741 2457 1798 quos
2475 1741 2568 1782 eas
2588 1724 2755 1782 hodie
2778 1724 2969 1780 adhuc

423 1821 753 1868 venerantur
787 1812 1110 1886 Aethiopes3
1149 1815 1454 1872 Concilium
1482 1815 1810 1872 Trullanum
1836 1823 2021 1872 autem
2058 1829 2151 1870 eas
2182 1823 2374 1886 utpote
2406 1813 2747 1870 adulteratas
2768 1813 2968 1884 legen-

422 1898 522 1954 das
555 1915 668 1956 non
703 1915 821 1957 esse
851 1903 961 1959 iam
997 1904 1231 1958 monuit.
1277 1905 1512 1959 Demum
1538 1907 1805 1959 canones
1839 1903 2291 1974 Apostolorum,
2335 1901 2431 1974 qui
2466 1900 2973 1958 constitutionibus

420 2001 584 2058 saepe
619 1986 928 2052 adduntur,
968 1990 1326 2061 probabiliter
1369 2007 1402 2047 a
1439 1991 1686 2047 conciliis
1726 1989 2082 2046 orientalibus
2119 1990 2287 2046 trium
2324 1990 2569 2060 priorum
2608 1987 2967 2045 saeculorum

421 2082 550 2129 sunt
576 2073 735 2145 editi;
765 2075 896 2133 licet
933 2093 964 2134 a
991 2078 1210 2135 Gelasio
1245 2085 1300 2134 et
1331 2078 1632 2135 Hormisda
1658 2077 1959 2149 apocryphi
1982 2078 2091 2133 sint
2115 2075 2409 2146 declarati,
2436 2078 2495 2134 in
2520 2075 2747 2133 Oriente
2774 2073 2969 2132 adhuc

419 2163 751 2219 auctoritate
780 2164 1020 2236 quadam
1043 2166 1305 2239 gaudent.

487 2251 877 2323 Evanyelium
905 2253 1216 2310 secundum
1245 2253 1545 2310 Hebraeos
1576 2254 1663 2310 vel
1689 2257 2151 2310 Nazaraeorum
2178 2267 2385 2309 nomen
2415 2267 2579 2309 suum
2606 2215 2798 2318 habet,
2832 2251 2967 2324 quia

419 2338 719 2409 antiquitus
741 2355 774 2395 a
805 2340 1010 2397 ludaeo
1039 2341 1348 2398 christianis
1375 2350 1458 2397 est
1487 2340 1825 2411 adhibitum,
1857 2357 1923 2396 ex
1948 2340 2222 2412 primitivo
2248 2341 2547 2412 Evangelio
2575 2341 2631 2396 S.
2664 2339 2963 2400 Matthaei.

420 2424 570 2497 quod
609 2429 943 2486 aramaicum
990 2427 1120 2498 fuit,
1161 2438 1244 2486 est
1281 2438 1567 2498 exortum,
1612 2428 1709 2484 sed
1750 2429 2068 2484 mutilatum
2106 2428 2179 2484 ab
2214 2423 2525 2484 Ebionaeis
2541 2436 2597 2483 et
2632 2427 2963 2494 NazaraeiS,

419 2513 516 2584 qui
542 2529 716 2586 usque
743 2515 814 2571 ad
837 2523 890 2572 5.
922 2533 1064 2573 saec.
1098 2516 1234 2573 illud
1271 2518 1617 2574 retinuerunt
1651 2514 1754 2584 (cfr
1790 2519 1947 2572 Diss.
1986 2517 2112 2572 Vll.
2140 2519 2172 2584 ς
2195 2521 2331 2584 2,7).
2550 2527 2557 2532 ·

486 2601 834 2660 S.'Paulum
865 2604 952 2660 ad
985 2605 1372 2662 Laudic-enses
1409 2604 1689 2676 scripsisse
1720 2612 1934 2660 constat
1960 2618 2027 2659 ex
2066 2603 2184 2660 Col.
2216 2609 2376 2672 4,16;
2416 2603 2813 2674 Fragmentum
2840 2603 2971 2658 Mu·

415 2697 519 2746 rat.
557 2691 848 2761 epistolam
900 2693 968 2750 ad
1013 2693 1239 2750 Laodic.
1287 2713 1314 2745 «
1357 2691 1428 2749 ad
1477 2692 1769 2748 Marcionis
1813 2690 2085 2746 haeresim
2132 2690 2425 2746 confictam
2454 2711 2479 2742 υ
2513 2691 2627 2745 iam
2667 2691 2963 2762 cognovit,

415 2779 472 2834 S.
502 2778 874 2852 Hieronymus
913 2797 1134 2854 quoque
1171 2789 1225 2838 et
1258 2779 1642 2836 Theodoretus
1678 2778 1747 2834 de
1785 2777 2099 2850 apocrypha
2137 2777 2374 2849 quadam
2414 2793 2501 2850 ep.
2542 2777 2616 2832 ad
2652 2775 2833 2833 Laod.
2874 2778 2969 2832 lo-

415 2874 688 2938 quuntur;
719 2869 776 2923 in
800 2867 936 2926 Cod.
966 2869 1124 2925 Fuld.
1157 2878 1360 2936 exstat,
1393 2867 1489 2924 sed
1515 2884 1582 2923 ex
1606 2865 1729 2922 aliis
1749 2865 1992 2923 Paulinis
2014 2865 2311 2936 compilata
2330 2863 2398 2921 ab
2422 2863 2683 2921 omnibus
2708 2869 2973 2936 (excepto

415 2957 622 3011 Ioanne
661 2957 951 3024 Sarisber.)
985 2973 1203 3029 semper
1245 2967 1330 3012 est
1365 2956 1611 3028 explosa.
1652 2953 1829 3010 Etiam
1870 2953 1956 3008 ad
1995 2953 2338 3010 Corinthios
2374 2953 2431 3008 S.
2474 2953 2710 3008 Paulum
2741 2954 2964 3024 plures,

416 3057 584 3113 quam
612 3042 751 3098 duas
776 3053 1022 3108 nostras,
1053 3044 1311 3115 epistolas
1341 3043 1621 3113 scripsisse
1648 3049 1862 3097 certum
1888 3049 1972 3096 est
2009 3044 2056 3108 (1
2094 3041 2233 3097 Cor.
2264 3045 2387 3109 5,9;
2419 3045 2453 3095 2
2485 3043 2620 3097 Cor.
2664 3046 2817 3105 1o‚9.
2854 3047 2967 3108 10).

413 3130 570 3185 illam
597 3139 780 3186 autem
795 3173 810 3200 ,
833 3147 1000 3203 quam
1019 3131 1170 3187 velut
1190 3138 1221 3186 3
1245 3131 1506 3188 Corium.
1539 3129 1769 3184 Armeni
1796 3128 2131 3184 schismatici
2157 3129 2215 3183 in
2242 3128 2354 3184 suis
2372 3127 2706 3184 editionibus
2726 3127 2963 3194 habent,

414 3233 528 3273 non
549 3231 667 3272 esse
695 3220 1006 3290 genuinam,
1037 3234 1230 3278 omnes
1254 3219 1621 3274 consentiunt.
1655 3217 1714 3272 S.
1744 3216 1925 3271 Pauli
1951 3215 2037 3274 ad
2058 3219 2338 3272 Senecam
2367 3225 2423 3271 et
2450 3217 2689 3271 Senecae
2713 3215 2789 3271 ad
2813 3219 2965 3272 Pau-

415 3306 532 3361 lum
571 3305 832 3376 epistolae
872 3315 1377 3362 commemorantur
1417 3319 1448 3360 a
1487 3307 1582 3360 SS.
1618 3304 1957 3377 Hieronymo
1994 3311 2050 3360 et
2085 3303 2429 3376 Augustino,
2468 3301 2740 3358 tredecim
2772 3313 2967 3361 autem

414 3392 697 3465 epistolae,
730 3408 870 3465 quae
897 3393 1062 3451 hodie
1087 3393 1272 3451 adhuc
1298 3393 1400 3449 sub
1428 3392 1534 3447 hoc
1552 3391 1713 3448 titulo
1744 3399 1977 3456 exstant,
2002 3391 2139 3446 adeo
2168 3399 2299 3446 sunt
2328 3387 2633 3446 mediocres
2654 3399 2711 3446 et
2738 3390 2963 3456 inanes,

412 3489 476 3537 ut
501 3481 767 3552 Apostolo
796 3483 1038 3554 gentium
1067 3490 1123 3537 et
1152 3480 1480 3554 philosopho
1507 3479 1680 3535 latino
1705 3477 1927 3536 attribui
1954 3485 2252 3550 nequeant.

483 3570 611 3624 Tria
667 3571 959 3640 opuscula,
1017 3585 1157 3642 quae
1209 3570 1402 3624 ultima
1451 3567 1851 3633 recensuimu8‚
1900 3567 2131 3637 insignia
2178 3573 2307 3621 sunt
2354 3565 2699 3638 antiquitatis
2750 3581 2969 3624 monu-

413 3666 600 3713 menta
641 3666 823 3728 atque,
861 3658 940 3713 uti
967 3659 1076 3713 iam
1110 3657 1370 3720 diximu5‚
1411 3656 1469 3712 in
1495 3655 1777 3711 nonnullis
1809 3653 2049 3711 ecclesiis
2076 3654 2243 3710 etiam
2267 3652 2337 3710 ad
2358 3652 2637 3723 publicam
2656 3653 2969 3712 lectionem

415 3754 546 3802 sunt
579 3743 813 3800 admissa
849 3754 904 3800 et
941 3745 1010 3802 ab
1043 3761 1154 3800 uno
1205 3744 1446 3800 alterove
1483 3745 1649 3800 Patre
1686 3743 1838 3798 velut
1874 3740 2136 3796 divinitus
2180 3741 2447 3810 inspirata
2483 3755 2585 3811 pro
2626 3743 2973 3799 auctoritate

415 3832 680 3890 adhibita.
725 3833 1145 3888 Animadvertas
1191 3840 1374 3888 autem
1415 3832 1607 3893 velim,
1654 3828 1933 3902 quomodo
1968 3837 2083 3884 tres
2124 3828 2181 3884 hi
2222 3827 2377 3897 libri,
2416 3827 2509 3900 qui
2547 3827 2739 3899 primis
2778 3829 2975 3885 trihus

415 3922 648 3979 saeculis
673 3921 730 3977 in
751 3922 1032 3977 nonnullis
1057 3921 1300 3977 ecclesiis
1317 3928 1471 3975 tanto
1495 3919 1551 3973 in
1572 3918 1784 3976 honore
1806 3915 2047 3982 fuerunt,
2070 3916 2355 3988 paullatim
2382 3917 2770 3972 auctoritatem
2798 3933 2971 3973 suam

417 4009 726 4078 amiserint,
766 4009 902 4065 dum
938 4025 1138 4082 parvae
1171 4009 1300 4064 illae
1335 4006 1597 4078 epistolae
1633 4009 1685 4072 (2
1726 4005 1902 4069 Petri,
1938 4001 2139 4073 ludae,
2170 4009 2224 4058 2.
2265 4011 2297 4060 3
2337 4005 2538 4070 loan.),
2579 4005 2723 4076 quae
2760 4007 2973 4076 primis

416 4097 771 4169 scriptoribus
798 4099 886 4154 vix
915 4113 979 4153 ac
1007 4112 1076 4153 ne
1105 4097 1193 4152 vix
1221 4094 1444 4168 quidem
1469 4103 1629 4150 erant
1658 4094 1929 4165 cognitae,
1960 4091 2295 4163 procedente
2322 4100 2570 4163 tempore
2598 4091 2669 4146 ab
2696 4093 2972 4150 omnibus

416 4188 656 4244 ecclesiis
683 4203 786 4243 ceu
811 4187 1027 4242 divinae
1054 4185 1163 4241 sint
1189 4193 1460 4256 receptae.
1486 4180 1725 4239 Evidens
1748 4181 1857 4238 hoc
1884 4188 1967 4236 est
1985 4187 2393 4252 argumentum,
2416 4194 2529 4235 non
2546 4177 2760 4234 levibus
2790 4182 2967 4237 ratio-

415 4276 574 4335 nibus
599 4277 787 4333 nixam
803 4274 902 4332 sed
921 4283 1044 4346 post
1068 4272 1300 4346 diligens
1319 4287 1547 4328 examen
1568 4270 1871 4328 Ecclesiam
1892 4267 2124 4340 cognitis
2142 4267 2500 4324 ecclesiarum
2521 4265 2967 4340 apostolicarum

415 4367 740 4424 testimoniis
766 4377 1038 4421 canonem
1065 4376 1226 4419 suum
1247 4362 1388 4416 Novi
1414 4361 1565 4415 Test.
1594 4357 1957 4414 constituisse.

491 4621 550 4679 2.
577 4651 648 4662 -
686 4617 877 4678 Multo
919 4613 1284 4674 inferiorem
1325 4609 1537 4671 locum
1578 4608 1795 4668 tenent
1840 4605 1988 4666 libri
2028 4605 2370 4683 apocryphi
2423 4603 2548 4675 illi,
2596 4603 2709 4680 qui
2762 4623 2961 4682 quam

409 4717 689 4796 primum
717 4713 1132 4774 innotuerunt
1169 4727 1205 4768 a
1243 4707 1533 4768 Patribus
1581 4708 1725 4766 sunt
1760 4703 1979 4762 reiecti
2026 4719 2144 4762 nec
2174 4717 2477 4779 umquam
2510 4700 2959 4764 auctoritatem
