3050 5184
432 330 549 388 342
630 346 705 389 na
747 346 886 390 ver.
935 350 1187 395 'rest-An.
1235 350 1427 396 Lienis
1468 352 1817 397 mmcrtcis.
1851 370 1928 381 -
1971 350 2097 395 cAP.
2147 350 2230 395 w.
2275 337 2335 395 3.
2379 350 2455 394 nn
2495 346 2738 393 cau-rico
2776 346 2932 389 cAsr.

430 477 783 535 Salomonem
820 480 1127 551 sapientem
1160 480 1231 537 dc
1267 497 1326 538 se
1368 484 1515 554 ipso,
1544 483 1960 555 Pharaonisque
1985 482 2098 538 filia
2127 482 2266 537 haec
2297 481 2575 552 scripsisse
2612 478 2824 542 dicunt,
2857 486 2936 532 aut

436 579 537 635 pro
564 564 867 623 Pharaonis
898 567 1010 624 tilia
1032 568 1219 625 Abisai
1244 570 1648 627 sunamitidem
1675 570 1890 643 lingunt
1921 591 1946 621 υ
1979 572 2069 639 (In
2095 571 2252 625 Cant.
2281 569 2478 635 Prol.).

514 736 572 791 3.
608 768 685 776 —
711 736 863 796 Cum
890 737 992 799 SS.
1029 738 1321 799 Patribus
1351 740 1542 817 igitur
1573 746 1635 800 et
1664 740 1960 801 omnibus
1990 740 2118 799 fere
2159 738 2487 799 catholicis
2510 734 2942 813 interpretibus

436 829 896 892 admittendum
923 838 1019 894 est
1046 842 1463 912 arqumeutum
1495 836 1737 897 Cantici
1763 853 1902 895 esse
1936 835 2264 913 mysticam
2301 834 2526 895 Christi
2559 838 2623 892 et
2648 828 2942 891 Ecclesiae

438 927 757 987 unionem.
796 930 1010 1007 Neque
1048 934 1258 991 tamen
1290 932 1640 1010 quidquam
1683 932 1924 1007 obstat,
1959 932 2299 1010 quominus
2340 948 2525 990 sensu
2568 927 2797 989 literali
2825 924 2943 1003 (sed
3038 952 3039 969 κ

438 1022 898 1103 metaphorico)
932 1026 1222 1113 Salomon
1252 1029 1367 1089 Dei
1396 1032 1461 1089 et
1488 1029 1706 1108 populi
1738 1028 1922 1090 electi
1951 1028 2252 1089 unionem
2293 1031 2680 1102 mutuosque
2719 1037 2946 1083 amores

438 1120 527 1179 ita
556 1119 861 1183 cecinisse
892 1121 1180 1194 dicatum*
1202 1128 1274 1185 ut
1310 1124 1492 1198 unio,
1527 1142 1652 1202 qua
1686 1124 1868 1185 Iahve
1907 1124 2029 1184 sibi
2061 1124 2366 1202 populum
2402 1122 2592 1181 Israel
2621 1118 2944 1181 coniunxit.

440 1214 523 1274 sit
560 1218 783 1277 umbra
816 1222 879 1278 et
914 1223 1101 1297 typus
1135 1221 1530 1298 perfectioris
1565 1221 1736 1282 illius
1775 1226 1842 1281 et
1882 1220 2170 1281 arctioris
2211 1219 2492 1289 unioniS,
2525 1234 2652 1294 qua
2687 1215 2948 1276 Christus
3040 1242 3041 1253 κ

442 1312 779 1373 Ecclesiam
811 1314 934 1373 sibi
958 1314 1381 1393 desponsavit.

512 1435 977 1505 Frequentissime
1006 1437 1066 1491 in
1088 1437 1307 1509 integro
1336 1440 1403 1494 V.
1435 1441 1497 1494 T.
1533 1440 1682 1507 unio,
1716 1455 1883 1512 quam
1911 1438 2080 1495 lahve
2108 1454 2234 1495 cum
2261 1438 2466 1511 populo
2493 1436 2666 1492 Israel
2699 1434 2838 1501 iniit,
2869 1448 2953 1503 per

441 1522 763 1595 allegoriam
790 1524 1130 1581 matrimonii
1167 1525 1457 1583 exhibetur
1486 1530 1582 1591 (Is.
1629 1532 1786 1595 54‚5;
1826 1532 1955 1595 62,5
1985 1535 2123 1595 etc.;
2162 1530 2365 1581 [erem.
2399 1530 2522 1591 2‚2·‚
2555 1532 2639 1593 3,1
2680 1538 2799 1594 sqq.
2827 1530 2949 1576 etc.:

442 1609 642 1667 Ezech.
678 1616 763 1666 16.
794 1616 883 1665 23.
912 1620 1051 1679 etc.;
1086 1614 1184 1668 Os.
1222 1620 1271 1669 1.
1304 1621 1354 1670 2.
1390 1622 1440 1669 3.
1474 1620 1602 1682 etc.)
1627 1623 1793 1687 atque
1828 1615 2024 1671 eadem
2055 1614 2314 1686 allegoria
2342 1613 2691 1684 supponitur,
2715 1610 2952 1666 ubicum-
3041 1650 3043 1655 .

444 1713 552 1769 que
570 1695 881 1754 idololatria
906 1714 1034 1753 cum
1062 1700 1417 1757 fornicatione
1437 1711 1791 1774 comparatur
1810 1702 2026 1770 (Exod.
2049 1707 2230 1768 3435.
2259 1708 2350 1769 163
2377 1701 2562 1755 Levit.
2587 1704 2737 1767 205.
2763 1703 2797 1753 6
2817 1700 2948 1761 ete).

444 1784 689 1842 Eandem
713 1799 934 1857 quoque
958 1786 1031 1842 ad
1054 1787 1257 1845 Christi
1282 1798 1337 1845 et
1364 1790 1640 1845 Ecclesiae
1668 1791 1930 1846 unionem
1953 1790 2204 1845 intimam
2231 1786 2568 1843 innuendam
2601 1784 2952 1843 adhibuerunt

444 1871 695 1942 Apostoli
728 1873 1026 1945 (Eph.5,23
1049 1890 1204 1947 sqq.;
1235 1883 1269 1932 2
1302 1877 1439 1932 Cor.
1473 1884 1627 1946 11,2;
1660 1882 1837 1950 Apoc.
1876 1882 2000 1945 19,7
2028 1882 2157 1942 etc.)
2181 1874 2482 1931 Dominum
2509 1874 2708 1943 secuti,
2741 1874 2832 1946 qni
2856 1873 2946 1942 ips(
3043 1872 3045 1889 ²

446 1974 563 2016 sese
592 1960 964 2032 appellaverat
990 1978 1274 2034 sponsum,
1304 1964 1409 2019 hoc
1437 1966 1660 2021 nomine
1688 1980 1718 2019 a
1748 1967 1805 2021 S.
1836 1966 2045 2020 Ioanne
2063 1966 2126 2019 B.
2159 1972 2278 2018 erat
2304 1962 2609 2034 appellatus
2633 1962 2952 2032 nuptiarum-

446 2065 554 2120 que
572 2048 806 2120 imagine
830 2048 887 2104 in
910 2050 1021 2105 suis
1040 2051 1317 2121 parabolis
1334 2050 1649 2123 frequenter
1668 2060 1787 2109 erat
1804 2068 1936 2107 usus
1956 2052 2188 2126 (Manli.
2206 2056 2333 2117 9,15
2349 2075 2364 2119 ;
2383 2055 2550 2106 Ioan.
2579 2054 2710 2117 3,29
2725 2074 2741 2117 3
2757 2046 2950 2105 Mami.
3046 2090 3047 2099 ,

444 2142 567 2205 22,1
602 2151 757 2208 sqq.;
785 2142 907 2205 25,1
943 2144 1109 2209 sqq).
1140 2140 1258 2195 lam
1288 2139 1517 2195 eandem
1549 2140 1774 2212 antiqua
1803 2154 2083 2213 synagoga
2105 2147 2162 2195 et
2187 2138 2428 2195 Ecclesia
2456 2138 2516 2193 in
2541 2138 2774 2194 Cantico
2800 2152 2954 2207 agno-

448 2232 663 2280 verunt.
690 2228 873 2294 Atque
900 2240 1176 2297 synagoga
1208 2226 1431 2298 quidem
1462 2235 1686 2283 mutuos
1710 2227 1814 2283 Dei
1842 2236 1899 2282 et
1927 2226 2113 2299 populi
2144 2227 2304 2283 electi
2327 2240 2545 2281 amores
2572 2222 2812 2281 describi
2841 2240 2953 2278 cen-

446 2313 577 2378 suit,
607 2320 669 2368 ut
696 2320 811 2367 tota
843 2312 1203 2384 paraphrasis
1222 2314 1504 2371 chaldaica
1527 2316 1737 2371 Cantici
1765 2316 1837 2370 sit
1860 2316 2121 2370 continua
2150 2313 2445 2383 descriptio
2482 2311 2797 2378 relationis,
2835 2324 2956 2383 quae

446 2399 577 2455 inde
601 2398 669 2455 ab
697 2399 846 2454 exitu
877 2416 943 2455 ex
963 2404 1213 2473 Aegypto
1241 2403 1387 2458 inter
1404 2401 1574 2459 Iahve
1603 2402 1858 2473 interque
1885 2402 2026 2458 filios
2063 2401 2233 2457 Israel
2263 2399 2592 2456 intercessit.
2624 2402 2818 2456 Patres
2845 2414 2954 2452 vern

449 2502 641 2543 omnes
676 2487 963 2543 Canticum
994 2486 1064 2543 de
1090 2490 1319 2559 mystica
1358 2490 1562 2547 Christi
1595 2499 1652 2545 et
1679 2490 1948 2547 Ecclesiae
1982 2490 2184 2545 unione
2217 2486 2558 2559 interpretati
2589 2496 2724 2543 sunt
2755 2505 2780 2540 ι
2814 2484 2954 2543 Chri-

448 2584 593 2631 stum
617 2574 988 2647 intelligentes
1010 2592 1293 2646 sponsum,
1322 2577 1621 2634 Ecclesiam
1661 2594 1923 2649 sponsam
1953 2578 2069 2634 sine
2109 2577 2324 2632 macula
2352 2583 2410 2631 et
2436 2590 2572 2647 ruga
2619 2594 2644 2627 ι
2679 2576 2871 2646 (Or-iq.
2905 2574 2956 2627 ln

449 2666 605 2721 Cant.
640 2661 792 2719 hom.
826 2668 895 2728 1).
928 2665 1081 2733 Quae
1106 2663 1251 2721 duae
1280 2666 1671 2737 explicationes
1699 2682 1818 2721 sese
1855 2682 1968 2721 non
1996 2663 2302 2721 excludunt
2327 2662 2426 2718 sed
2461 2663 2764 2734 complent,
2805 2660 2957 2731 siqui-

448 2750 578 2807 dem
612 2750 857 2807 Ecclesia
898 2760 983 2808 εει
1020 2753 1278 2825 antiquae
1322 2768 1637 2827 synagogae
1675 2752 1973 2825 perfectior
2013 2752 2374 2821 continuatio,
2419 2758 2476 2807 et
2501 2750 2782 2823 integrum
2811 2752 2960 2803 Vetus

449 2841 596 2895 Test.
630 2854 758 2894 cum
786 2838 1041 2896 omnibus
1068 2841 1180 2896 suis
1220 2840 1522 2914 privilegiis
1561 2849 1647 2897 est
1683 2840 2040 2912 imperfectus
2067 2848 2232 2913 typus
2270 2854 2448 2894 novae
2475 2838 2830 2893 oeconomiae
2855 2850 2960 2907 gra·

448 2928 579 2983 tiae.
608 2928 865 2983 Ceterum
888 2925 1287 2995 animadverte,
1308 2944 1421 2983 non
1446 2936 1668 2984 tantum
1690 2928 1747 2983 in
1775 2944 1978 2996 genere
2006 2927 2337 2983 relationem
2363 2926 2509 2982 inter
2541 2928 2728 2981 Deum
2757 2935 2810 2981 et
2837 2923 2961 2979 lilios

452 3015 641 3081 lsrael,
674 3015 817 3070 inter
845 3014 1127 3070 Christum
1158 3023 1214 3071 et
1240 3016 1545 3072 Ecclesiam
1583 3016 1824 3089 imagine
1853 3014 2133 3071 relationis
2173 3014 2360 3085 sponsi
2388 3021 2444 3068 et
2481 3029 2716 3084 sponsae
2755 3029 2786 3069 a
2812 3009 2961 3066 sacris

452 3100 812 3174 scriptoribus
835 3118 953 3157 esse
982 3101 1333 3174 descriptam,
1366 3102 1465 3159 sed
1486 3104 1724 3174 speciale
1753 3112 2142 3175 argumentum
2165 3102 2379 3157 Cantici
2406 3102 2517 3157 iam
2543 3102 2599 3156 in
2633 3100 2849 3157 Psalmo
2879 3104 2956 3151 44.

455 3192 607 3256 (45.),
638 3191 731 3261 qui
757 3191 1051 3246 Salomone
1086 3198 1170 3245 est
1196 3191 1492 3263 antiquior,
1519 3192 1594 3246 ita
1619 3206 1737 3246 csse
1762 3199 2083 3258 tractatum,
2115 3198 2175 3245 ut
2204 3192 2397 3245 Patres
2427 3202 2558 3244 eum
2586 3190 2736 3246 velut
2768 3188 2960 3243 elavem

454 3277 770 3345 habuerint,
802 3293 943 3348 quae
967 3277 1277 3333 reserandis
1306 3279 1518 3334 Cantici
1547 3279 1822 3351 mysteriis
1844 3278 2130 3334 inserviret
2160 3276 2262 3345 (cfr
2295 3275 2637 3332 Tlteodoret.
2673 3276 2710 3331 l.
2739 3280 2827 3345 α).

534 3445 919 3506 Secundario
949 3446 1223 3523 quodam
1254 3447 1446 3507 modo
1476 3448 1668 3507 etiam
1695 3447 1772 3507 de
1804 3446 2034 3507 unione
2063 3445 2319 3506 Domini
2352 3462 2494 3505 cum
2525 3444 2746 3521 quavis
2774 3445 2962 3502 sancta

455 3544 663 3603 anima
692 3558 763 3601 ac
792 3544 1167 3619 praesertim
1200 3560 1342 3604 cum
1378 3543 1754 3603 Beatissima
1788 3544 1928 3603 eius
1961 3546 2159 3602 matre
2195 3541 2519 3603 Canticum
2558 3540 2823 3618 intelligi
2861 3552 2959 3614 po-

454 3643 609 3712 test;
643 3637 789 3697 inde
820 3637 989 3697 enim
1016 3639 1093 3698 ab
1126 3638 1412 3717 Origenis
1441 3644 1644 3699 aetate
1675 3638 1838 3699 hanc
1862 3655 2118 3717 quoque
2138 3636 2620 3716 explicationem
2645 3638 2852 3695 Patres
2879 3648 2962 3691 ex-

456 3736 805 3796 coluerunt.

528 3860 695 3915 Recte
724 3856 875 3912 enim
896 3860 954 3912 S.
984 3858 1323 3914 Ber-nardus
1352 3860 1429 3926 (in
1448 3860 1608 3915 Cant.
1637 3844 1788 3914 hom.
1825 3862 1971 3925 12,1)
2009 3878 2022 3913 :
2060 3878 2087 3908 α
2113 3859 2292 3913 Nemo
2317 3864 2570 3912 nostrum
2597 3853 2700 3910 sibi
2728 3862 2962 3923 arrogare

460 3954 795 4018 praesumat,
828 3953 889 4000 ut
915 3946 1155 4001 animam
1188 3962 1345 4001 suam
1369 3948 1492 4017 quis
1514 3944 1718 4001 audeat
1745 3961 2003 4017 sponsam
2030 3945 2256 4001 Domini
2279 3943 2585 4016 appellare3
2613 3943 2760 4014 quia
2785 3948 2962 3997 tamen

457 4036 533 4089 de
556 4033 827 4089 Ecclesia
852 4049 1083 4103 sumus,
1112 4050 1267 4106 quae
1295 4036 1501 4090 merito
1535 4036 1642 4089 Ιιοσ
1667 4034 1904 4088 nomine
1929 4039 1986 4088 et
2017 4048 2085 4088 re
2105 4036 2356 4087 nominis
2383 4030 2707 4102 ylon’atur,
2741 4044 2854 4083 non
2873 4027 2962 4079 im-

461 4125 673 4178 merito
700 4122 933 4193 yloriae
958 4121 1134 4177 huius
1156 4124 1555 4194 participium
1595 4138 1976 4193 usurpamm.
2021 4119 2184 4189 Quod
2227 4120 2376 4176 enim
2417 4119 2558 4175 sicut
2599 4132 2792 4173 omnes
2824 4113 2960 4185 plene

460 4212 783 4281 integreque
811 4208 1184 4281 possidemus,
1221 4210 1328 4266 hoc
1369 4210 1570 4281 singuli
1597 4210 1716 4265 sine
1750 4207 2184 4264 contradictione
2229 4207 2619 4278 participamus
2657 4226 2710 4259 n.
2743 4202 2962 4259 Unicum

460 4306 519 4353 et
543 4296 915 4369 adaequatum
942 4298 1152 4354 Cantici
1182 4308 1572 4371 argumentum
1605 4305 1689 4351 est
1710 4296 1840 4351 unio
1872 4297 2040 4352 lahve
2067 4304 2124 4351 et
2153 4295 2394 4351 tiliorum
2434 4294 2600 4349 Israel
2639 4292 2789 4347 velut
2823 4298 2963 4361 typus

462 4386 723 4458 mysticae
749 4384 949 4441 Christi
980 4394 1037 4441 et
1064 4386 1341 4442 Ecclesiae
1370 4386 1618 4453 unionis;
1651 4393 1708 4439 at
1737 4383 1871 4440 haec
1903 4385 2020 4454 ipsa
2048 4383 2252 4440 Christi
2293 4392 2349 4439 et
2377 4382 2648 4437 Ecclesiae
2673 4371 2964 4435 coniunctio

462 4472 915 4545 fundamentum
944 4481 1029 4528 est
1051 4482 1107 4529 et
1134 4475 1335 4546 imayo
1359 4474 1579 4530 unionis
1605 4472 1811 4527 Christi
1847 4487 1972 4527 cum
2003 4472 2192 4543 quavis
2221 4472 2404 4526 anima
2439 4469 2578 4525 iusta
2608 4476 2772 4539 atque
2806 4460 2964 4519 maxi-

464 4575 554 4615 me
582 4574 711 4615 cum
728 4560 1073 4617 sanctissima
1100 4570 1157 4616 et
1182 4562 1470 4632 purissima
1494 4562 1612 4615 eius
1639 4568 1838 4615 matre.
1877 4561 2086 4614 Verum
2112 4558 2278 4630 igitur
2303 4572 2368 4613 ac
2405 4555 2642 4613 solidum
2675 4554 2826 4610 adest
2851 4548 2963 4603 lun-

468 4646 819 4715 (lamentum,
862 4663 973 4719 quo
1014 4648 1128 4703 nixi
1170 4649 1453 4705 Canticum
1496 4648 1692 4703 unioni
1729 4647 1930 4703 Christi
1971 4662 2100 4701 cum
2141 4644 2326 4700 anima
2352 4646 2492 4699 iusta
2533 4638 2966 4698 accommodare
