3050 5184
559 328 936 373 onmcnoNEs
975 326 1209 371 comm
1253 326 1667 373 PENTATEUCHI
1711 330 2185 383 Aurioum‘rnu.
2511 324 2617 382 201
2655 344 2665 358 ·

129 474 286 515 versus
311 460 586 517 Orientem
618 469 798 533 patet,
834 482 859 511 α
889 466 1044 515 trans
1077 457 1371 514 Iordanem
1402 480 1429 510 πο
1461 460 1743 532 appellare
1773 463 2065 521 assuefacti
2102 476 2288 535 erant;
2320 469 2557 541 ideoque
2580 471 2623 523 si

121 547 168 600 in
189 548 276 603 illa
299 549 410 620 ipsa
441 550 668 621 regione
695 547 1200 615 commorabantur,
1233 562 1356 602 eam
1381 548 1551 605 etiam
1592 569 1617 599 α
1660 557 1831 606 trans
1860 551 2155 609 Iordanem
2186 574 2213 605 ι
2246 556 2618 627 appellarunt.

120 635 224 689 licet
247 652 430 691 revera
456 636 535 693 eis
563 637 650 691 cis
678 636 970 693 Iordanem
988 643 1122 690 tunc
1143 642 1301 691 esset.
1324 635 1471 691 Hinc
1491 634 1651 692 facile
1670 638 1994 709 explicatur,
2019 642 2251 715 Moysen
2273 643 2332 697 in
2354 642 2623 714 principio

121 723 499 779 Deuteronomii
527 722 635 780 diei
671 724 963 781 conciones
1002 722 1260 779 habuisse
1302 742 1326 773 α
1365 731 1522 779 trans
1560 724 1855 781 Iordanem
1896 748 1921 779 »
1960 728 2020 782 in
2054 737 2205 784 terra
2233 728 2398 785 Moab
2429 730 2615 802 (Dent.

123 816 226 877 m).
255 813 536 867 Romanus
558 812 674 868 sive
699 814 911 868 Romae
940 811 1052 867 sive
1080 810 1338 883 Lugduni
1360 808 1605 867 scribens
1634 812 1904 871 Galliam
1933 817 2380 887 transalpinam
2410 818 2624 873 vocavit

119 896 246 953 illam
271 900 526 971 antiquae
553 900 764 957 Galliae
794 906 1038 971 partem,
1070 914 1212 971 quae
1234 900 1448 954 Romae
1477 898 1805 972 degentibus
1836 922 1862 953 α
1892 911 2047 958 trans
2078 904 2246 974 Alpes
2276 924 2301 955 a»
2342 904 2513 961 erat'·.

171 986 236 1055 d.)
265 986 476 1043 Ultimo
503 988 629 1045 loco
659 988 808 1060 leqes
837 986 1150 1043 nonnullae
1176 986 1338 1041 illum
1373 1000 1564 1042 rerum
1600 995 1805 1044 statum
1822 1032 1835 1058 ,
1863 990 1959 1062 qui
1992 998 2117 1061 post
2143 992 2351 1063 Moysis
2378 1001 2620 1048 mortem

115 1080 158 1127 et
179 1072 508 1131 Palaestinae
535 1075 952 1147 occupationem
980 1082 1204 1129 exortus
1229 1082 1332 1141 est,
1363 1088 1675 1145 supponere
1700 1075 1978 1133 dicuntur.
2006 1077 2169 1148 Quod
2197 1087 2492 1148 assertum,
2521 1082 2623 1135 etsi

115 1176 194 1229 per
210 1176 266 1217 se
285 1162 514 1218 concedi
537 1164 736 1233 possit,
763 1176 938 1235 quum
962 1162 1173 1233 integra
1197 1158 1312 1217 fere
1333 1161 1605 1234 legislatio
1628 1162 1875 1219 futurum
1900 1172 2103 1220 statum
2128 1167 2315 1237 populi
2340 1166 2619 1237 respiciat,

113 1247 242 1304 brevi
265 1258 452 1305 tamen
482 1250 734 1306 examine
762 1249 992 1322 indiget.

167 1340 358 1409 Leqem
382 1338 458 1394 de
476 1336 686 1411 futuro
709 1354 844 1411 φερε
867 1340 1046 1405 (Dent.
1077 1344 1144 1395 1⁷
1149 1344 1240 1407 ,14
1261 1339 1410 1411 sqq.)
1436 1355 1535 1411 per
1556 1342 1785 1413 Moysen
1812 1340 1942 1397 ferri
1966 1357 2077 1397 non
2102 1341 2348 1415 potuisse
2373 1351 2619 1405 censent.

116 1426 344 1493 quoniam
375 1427 526 1499 regia
553 1425 788 1499 dignitas
824 1442 950 1482 cum
987 1426 1292 1483 theocratia
1329 1442 1429 1497 per
1455 1429 1685 1501 Moysen
1723 1428 2035 1485 introducta
2067 1438 2292 1502 pugnet.
2330 1434 2399 1485 At
2440 1446 2619 1502 pugna

118 1511 226 1567 haec
245 1529 534 1586 perperam
557 1514 838 1571 asseritur.
867 1512 1126 1571 Abrabae
1147 1522 1203 1569 et
1227 1513 1428 1570 Iacobo
1449 1516 1603 1570 Deus
1622 1515 1734 1571 iam
1758 1515 2131 1586 praedixerat,
2154 1533 2312 1589 reges
2336 1532 2403 1572 ex
2429 1533 2625 1573 eorum

117 1598 282 1657 lumbis
305 1617 427 1657 esse
453 1601 761 1659 exorituros
784 1602 1060 1675 tribuique
1091 1600 1226 1657 Iuda
1253 1609 1537 1672 sceptrum
1563 1602 1891 1675 promiserat
1919 1606 2081 1675 (Gen.
2116 1610 2269 1673 17,6;
2304 1610 2495 1673 35‚11;
2530 1610 2621 1669 49,

120 1688 208 1759 10)·,
235 1689 480 1745 iuniores
513 1697 700 1745 autem
729 1689 1058 1761 prophetae,
1097 1690 1193 1762 qui
1226 1689 1633 1761 legislationem
1668 1692 1967 1747 mosaicam
2008 1706 2139 1763 prae
2182 1692 2353 1747 oculis
2394 1707 2615 1763 semper

117 1774 316 1845 habent,
347 1777 618 1851 populum
643 1792 952 1849 numquam
978 1778 1320 1847 vituperant,
1351 1777 1501 1850 quod
1529 1792 1717 1851 regem
1744 1778 1847 1835 sibi
1874 1778 2109 1845 dederit,
2140 1788 2307 1852 atque
2331 1781 2617 1851 Paralipo-

118 1878 286 1921 menon
313 1874 528 1935 auctor,
557 1882 726 1939 quem
751 1866 1028 1939 integrum
1055 1865 1494 1921 Pentateucbum
1518 1866 1841 1938 cognovisse
1868 1882 2062 1923 omnes
2090 1866 2390 1923 adversarii
2414 1884 2615 1923 conce-

115 1949 254 2019 dunt,
281 1968 442 2027 reges
469 1953 604 2011 dicit
625 1953 834 2009 sedisse
863 1974 889 2005 α
921 1953 980 2009 in
1005 1952 1212 2009 throno
1234 1954 1391 2026 regni
1420 1953 1589 2009 Iahve
1617 1968 1785 2025 super
1818 1956 1985 2012 Israel
2019 1976 2067 2011 ».
2104 1957 2319 2011 Revera
2347 1955 2623 2011 Dominus

117 2042 282 2097 mansit
303 2041 494 2113 populi
523 2057 650 2109 rex,
685 2042 912 2113 eiusque
948 2041 1094 2097 vices
1129 2056 1305 2114 usque
1342 2040 1416 2097 ad
1441 2041 1667 2098 Samuel
1705 2041 1969 2114 gerebant
1994 2041 2215 2098 Iudices
2240 2041 2563 2099 immediate
2588 2058 2621 2098 a

119 2129 208 2183 Deo
229 2130 434 2199 vocati,
451 2138 580 2201 post
612 2130 838 2186 Saulem
875 2136 930 2185 et
957 2129 1230 2187 Davidem
1258 2144 1418 2202 reges
1441 2130 1565 2185 iure
1592 2128 1948 2187 haereditatis
1975 2130 2277 2186 constituti.
2309 2162 2381 2171 —
2409 2134 2616 2203 Leqem

114 2213 172 2269 de
209 2232 320 2271 non
367 2215 804 2289 transferendis
869 2219 1128 2274 terminis
1181 2220 1370 2285 (Deut-
1417 2221 1601 2285 19‚14)
1642 2233 1757 2274 non
1804 2217 1907 2273 nisi
1951 2226 2244 2291 postquam
2296 2216 2621 2273 diuturnum
2724 2254 2731 2260 -

115 2312 304 2375 tempus
337 2306 622 2361 israelitae
665 2304 836 2378 quieti
873 2304 932 2361 in
971 2313 1118 2361 terra
1157 2304 1424 2376 promissa
1466 2314 1794 2378 peregerant
1807 2348 1821 2375 ,
1862 2304 2026 2361 scribi
2064 2306 2335 2377 potuisse,
2368 2314 2622 2363 asserunt

115 2390 304 2459 quidem
330 2392 658 2463 adversarii,
684 2392 783 2449 sed
810 2394 1152 2465 argumentis
1179 2409 1289 2449 non
1317 2392 1585 2465 probant3
1611 2394 1729 2449 sola
1755 2392 1973 2469 futura
1999 2394 2271 2465 possessio
2298 2394 2357 2450 in
2379 2393 2473 2449 illa
2497 2393 2622 2465 lege

115 2481 428 2549 supponitur.
459 2512 530 2521 —
567 2485 737 2553 Leges
764 2482 835 2537 de
866 2481 1010 2537 bello
1037 2481 1294 2553 yerendo
1330 2480 1514 2551 (Dent.
1545 2486 1634 2549 20)
1666 2490 1789 2552 post
1815 2482 2235 2552 occupationem
2270 2489 2453 2538 terrae
2480 2480 2625 2537 latae

115 2562 340 2623 dicuntur
368 2577 594 2639 propter
615 2575 762 2635 20,5.
797 2576 861 2637 ⁶3
893 2568 990 2625 sed
1016 2569 1149 2643 quid
1181 2579 1315 2625 tunc
1342 2567 1589 2625 dicemus
1624 2568 1695 2623 de
1732 2574 1895 2637 20,16
1934 2573 2098 2641 sqq.?
2128 2568 2372 2641 Optime,
2404 2568 2621 2641 opinor,

117 2653 230 2709 haec
253 2656 631 2724 conciliantur,
661 2658 706 2711 si
734 2658 994 2730 Moysen,
1025 2657 1398 2730 legislatorem
1427 2655 1715 2728 providum
1732 2699 1746 2724 ,
1777 2658 1835 2711 in
1864 2656 1969 2711 hac
1994 2658 2117 2729 lege
2146 2665 2275 2713 ante
2301 2655 2621 2727 occupatio·

117 2756 220 2797 nem
243 2744 350 2799 lata
379 2746 682 2815 respexisse
707 2743 958 2800 dicamus
984 2746 1170 2800 omnia
1194 2745 1368 2814 bella,
1397 2760 1539 2816 quae
1562 2743 1674 2799 sive
1704 2744 1761 2799 in
1786 2744 2096 2800 Palaestina
2120 2742 2483 2815 expugnanda
2507 2743 2621 2799 sive

117 2838 276 2895 postea
302 2832 430 2887 liliis
467 2832 640 2887 Israel
668 2840 825 2887 erant
853 2834 1113 2904 gerenda.
1145 2862 1216 2872 —
1241 2833 1424 2887 Etiam
1451 2832 1601 2905 leqes
1639 2832 1715 2887 de
1742 2832 2027 2904 primiciis
2065 2828 2381 2903 offerendis
2410 2830 2619 2895 (Exod.

115 2922 252 2983 2238
275 2935 390 2990 sq.;
419 2924 602 2985 23,10.
635 2927 718 2975 11.
743 2925 830 2987 16)
850 2920 1064 2975 nullam
1091 2928 1284 2980 creant
1311 2920 1695 2976 difficultatem
1718 2919 2117 2988 consideranti,
2141 2918 2293 2975 haud
2318 2933 2446 2973 raro
2474 2918 2623 2990 leges

117 3002 223 3060 ferri
247 3009 374 3063 satis
402 3007 498 3063 diu
535 3016 835 3079 antequam
863 3008 1198 3063 exsecutioni
1224 3016 1355 3063 sunt
1387 3006 1756 3065 mandandae.
1790 3038 1863 3049 ——
1898 3007 2109 3078 Quodsi
2134 3005 2327 3064 Exod.
2362 3012 2527 3074 23,19
2553 3006 2625 3061 de

116 3092 262 3148 domo
297 3097 539 3151 Domini
564 3097 674 3151 iam
703 3103 787 3151 est
820 3110 1024 3164 sermo,
1055 3095 1308 3166 quamvis
1333 3096 1583 3153 nondum
1618 3111 1684 3153 eo
1722 3104 1972 3168 tempore
2007 3094 2175 3151 fuerit
2199 3094 2621 3159 tabernaculum

116 3176 350 3250 foederis,
391 3182 647 3250 attende,
683 3198 747 3239 eo
775 3184 835 3239 in
863 3184 986 3239 loco
1021 3188 1224 3251 (23,18.
1267 3184 1354 3255 19)
1387 3184 1675 3255 explicari,
1709 3184 1843 3257 quid
1869 3184 1927 3239 in
1954 3182 2132 3239 tribus
2166 3180 2321 3239 festis
2347 3190 2506 3239 antea
2536 3182 2623 3236 in·

115 3268 286 3325 stitutis
305 3269 610 3341 (23,14-16)
630 3269 702 3325 sit
724 3271 1022 3342 agendum,
1046 3270 1106 3327 in
1126 3271 1324 3343 quibus
1347 3292 1373 3323 α
1395 3287 1561 3327 omne
1582 3271 1952 3327 masculinum
1972 3286 2161 3327 coram
2187 3270 2427 3327 Domino
2444 3273 2565 3326 Deo
2592 3288 2621 3323 ν

117 3372 349 3427 apparere
378 3358 573 3415 debuit
613 3363 848 3428 (23,17);
887 3380 912 3409 α
942 3358 1142 3415 domus
1178 3360 1284 3415 Dei
1315 3379 1338 3411 ι
1371 3360 1539 3431 igitur
1578 3359 1655 3415 ibi
1693 3368 1774 3415 est
1813 3358 1989 3427 idem,
2020 3358 2172 3431 quod
2214 3380 2241 3410 α
2279 3374 2469 3415 coram
2505 3359 2623 3429 Do·

117 3444 240 3501 mino
267 3468 319 3515 ι,
348 3455 407 3503 et
436 3448 686 3521 Moyses,
720 3446 984 3518 quoniam
1017 3447 1202 3503 omnia
1229 3446 1428 3503 eodem
1463 3456 1715 3518 tempore
1751 3446 1972 3503 tradere
1999 3462 2113 3503 non
2147 3446 2351 3517 potuit,
2387 3462 2621 3502 accura-

118 3531 284 3589 tiorem
319 3554 343 3587 ι
375 3534 578 3591 domus
615 3535 720 3591 Dei
752 3554 778 3586 a
813 3535 1238 3607 descriptionem
1267 3536 1326 3591 in
1353 3534 1504 3591 aliud
1530 3543 1751 3607 tempus
1778 3534 2008 3591 distulit.
2040 3565 2111 3575 —
2138 3534 2491 3591 obiectiones
2519 3534 2620 3588 de-

120 3634 262 3689 mum,
289 3640 428 3696 quae
449 3640 517 3679 ex
541 3624 716 3679 Levit.
744 3629 928 3687 2630.
953 3628 1114 3690 34,st
1138 3632 1195 3679 et
1211 3639 1280 3679 ex
1301 3626 1468 3679 Deut.
1492 3629 1655 3692 32,12
1680 3639 1803 3696 sqq.
1827 3623 2213 3687 desumuntur,
2243 3621 2626 3677 vaticiniorum

121 3709 432 3774 possibilitati
457 3720 694 3785 negatae
724 3711 1036 3767 innituntur
1060 3711 1297 3785 ideoque
1329 3711 1438 3767 hoc
1464 3712 1522 3767 in
1552 3712 1675 3767 loco
1704 3710 2040 3767 refutatione
2066 3725 2181 3766 non
2205 3708 2475 3781 indigent.

773 3904 808 3989 ἓ
839 3910 905 3971 5.
939 3942 1026 3955 —-
1055 3908 1148 3969 De
1183 3904 1624 3970 Pentateucln‘
1656 3904 1938 3970 unitate.

173 4107 234 4175 ,1-
263 4138 339 4153 -
374 4108 818 4169 Recentiorem
867 4106 1272 4168 pentateuchi
1320 4108 1631 4185 originem
1674 4108 1963 4168 moderni
2013 4130 2041 4161 «
2084 4105 2289 4167 critici
2332 4128 2361 4159 »
2411 4120 2631 4163 omncs

127 4206 458 4273 praesertim
503 4222 580 4265 ex
629 4221 704 4265 eo
755 4204 1172 4264 demonstrari
1220 4208 1538 4278 asserunt,
1570 4204 1743 4283 quod
1782 4204 2095 4282 integrum
2135 4219 2297 4281 opus
2336 4219 2414 4261 ex
2440 4199 2633 4260 variis

175 4384 231 4443 {431
257 4386 587 4438 Nihilominus
617 4386 922 4437 vocabulum
961 4388 1076 4471 ἾΞΥ
1108 4388 1333 4436 nativam
1362 4401 1507 4437 suam
1535 4386 1949 4451 significationem
1977 4385 2171 4450 (trans)
2203 4396 2306 4434 non
2335 4383 2521 4443 emisit,
2547 4383 2637 4433 sed

127 4476 239 4529 sicut
257 4484 504 4534 Romanus
529 4481 767 4547 Lugduni
795 4482 1051 4541 scribens,
1077 4482 1122 4533 si
1151 4482 1291 4533 nulla
1318 4483 1624 4547 ambiguitas
1650 4486 1760 4534 erat
1784 4480 2211 4547 pertimescenda,
2236 4480 2390 4531 etiam
2418 4484 2635 4543 septem-

130 4556 363 4612 trionalem
391 4564 610 4615 Galliam
651 4576 836 4613 vocare
871 4562 1041 4626 potuit
1084 4564 1444 4626 cisalpinam,
1485 4562 1560 4612 ita
1598 4565 1803 4627 Moyses
1841 4563 1994 4612 etiem
2034 4559 2396 4611 occidentalem
2442 4559 2636 4623 plagam

131 4636 331 4690 iordanis
359 4640 874 4693 transiordanicam
911 4640 1185 4705 appellavit
1225 4642 1392 4705 (Dent.
1424 4642 1573 4704 3,25).
1610 4642 1685 4692 Ad
1719 4640 2011 4692 evitandam
2052 4644 2224 4691 temen
2261 4638 2639 4701 ambiguitatem
