3050 5184
448 324 560 385 148
668 342 951 387 HISTORIA
1005 342 1359 387 EXEGESEOS.
1406 360 1484 369 —
1525 342 1656 385 cAP.
1707 340 1798 383 111.
1850 338 2202 383 mumolum
2250 329 2751 381 INTERPRBTATIO.

445 471 824 543 gnificationes
849 472 1132 529 interdum
1161 473 1371 529 hauriri
1398 480 1647 543 possunt.
1681 471 1823 527 Satis
1846 470 2007 525 multi
2036 477 2167 524 sunt
2195 483 2389 524 eorum
2416 467 2851 534 Midrasclcz’m5
2886 464 2991 518 sre-

445 560 702 629 quentius
729 560 952 631 allegari
983 561 1164 617 solent
1187 560 1481 625 Rabbotlt,
1511 559 1551 615 i.
1582 575 1629 615 e.
1664 575 1922 631 magnae
1948 556 2317 627 expositiones
2355 555 2411 610 in
2448 554 2899 611 Pentateucbum
2938 560 2993 605 et

441 646 504 701 in
530 647 772 720 quinque
793 647 1103 719 Megilloth,
1137 664 1279 719 quae
1300 663 1504 704 nomen
1532 662 1695 702 suum
1720 646 1946 701 sortitae
1974 653 2130 712 sunt,
2159 644 2288 716 quia
2316 643 2595 699 variorum
2622 641 2993 698 rabbinorum

444 735 836 806 explicationes
863 737 1336 807 complectuntur,
1370 737 1617 809 singulae
1647 751 1678 790 a
1709 736 1881 806 prima
1913 748 2046 789 voce
2082 732 2237 801 libri,
2270 747 2438 803 quem
2464 731 2772 801 illustrant,
2808 730 2993 785 deno-

443 822 727 879 minantur
754 823 1115 891 (Beresclcz‘tlt
1143 824 1358 879 Babba
1386 832 1467 879 est
1493 838 1694 894 magna
1723 821 1990 893 expositio
2020 821 2077 875 in
2104 820 2345 876 Genesin
2374 823 2523 885 etc.).

520 984 578 1041 2.
612 1015 690 1024 —
717 980 1008 1040 Karaitac
1034 980 1360 1041 halacham
1401 998 1655 1057 prorsus
1694 986 2031 1059 respuunt,
2065 980 2131 1039 in
2160 978 2455 1057 haggadis
2486 975 2832 1037 afferendis
2872 992 2985 1033 so·

445 1076 564 1136 brii
612 1082 786 1148 sunt,
837 1094 1089 1138 sensum
1136 1077 1448 1137 literalem
1494 1077 1764 1137 maxime
1814 1079 2185 1153 sequuntur,
2236 1074 2347 1135 sed
2394 1075 2677 1152 typicum
2726 1088 2997 1149 quoque

443 1178 808 1249 agnoscunt.

513 1272 666 1342 Sacc.
698 1293 752 1341 7.
779 1287 868 1342 vel
895 1292 947 1342 8.
977 1296 1168 1342 exorta
1197 1288 1555 1343 Karaitarum
1586 1294 1735 1341 secta
1758 1283 2153 1340 Thalmudistis
2176 1284 2373 1340 eodem
2397 1282 2565 1338 modo
2594 1281 2853 1353 opposita
2888 1290 2995 1342 est,

443 1387 554 1443 quo
582 1372 714 1427 olim
743 1371 1054 1427 Pliarisaeis
1083 1371 1420 1441 Sadducaei;
1453 1374 1631 1428 solam
1667 1373 2008 1443 Scripturam
2048 1371 2348 1426 admittunt
2380 1369 2636 1425 omnibus
2661 1367 2997 1424 traditioni-

443 1460 546 1517 bus
569 1461 810 1527 reiecti53
842 1460 968 1515 ideo
995 1460 1160 1515 etiam
1189 1461 1565 1517 authenticam
1595 1460 2021 1531 explicationem
2051 1467 2257 1531 negant
2286 1467 2343 1513 ct
2370 1474 2542 1530 quum
2570 1457 2881 1528 unicuique
2910 1457 2999 1511 ius

444 1548 795 1619 explicandae
830 1548 1144 1619 Scripturae
1170 1546 1504 1614 attribuant,
1545 1564 1658 1604 non
1696 1548 1976 1604 immerito
2006 1562 2039 1603 a
2067 1546 2509 1602 Protestantibus
2540 1544 2745 1601 iudaici
2783 1546 2997 1599 Prote-

442 1635 648 1692 stantes
675 1636 1040 1709 appellantur.
1075 1637 1281 1691 Eorum
1309 1644 1775 1691 commentatores
1802 1636 2155 1707 praecipuoS,
2186 1634 2282 1705 qui
2310 1649 2455 1689 saec.
2492 1639 2574 1688 10.
2617 1641 2747 1688 sunt
2785 1648 2997 1688 recen-

445 1720 638 1790 tiores,
664 1719 806 1776 insra
837 1720 886 1793 (5
914 1726 966 1786 8)
997 1720 1425 1777 nominabimus

522 1884 579 1942 3.
630 1914 708 1923 —
753 1881 921 1940 Inter
967 1879 1227 1941 Iudaeos
1275 1880 1729 1955 alexandrinos,
1787 1882 1893 1958 qui
1945 1880 2341 1958 allegoricam
2388 1878 2993 1958 interpretationem

443 1977 979 2055 praedilexerunt‚
1024 1978 1260 2037 eminet
1299 1978 1510 2051 Philo,
1548 1976 1658 2037 sed
1698 1977 1834 2038 eius
1873 1994 2097 2055 opera,
2140 1976 2431 2055 quamvis
2475 1975 2688 2036 omnia
2723 1975 2864 2036 fere
2910 1976 2991 2035 dc
3035 2018 3037 2021 -

443 2073 919 2133 Pentateuchica
946 2073 1208 2132 historia
1237 2078 1300 2133 et
1328 2072 1721 2150 legislatione
1751 2077 1965 2151 agant,
2001 2073 2331 2151 interpreti
2360 2072 2606 2133 inutilia
2634 2072 2769 2132 fere
2801 2078 2988 2138 sunt.

442 2170 594 2247 quia
619 2187 720 2230 res
749 2170 815 2229 in
841 2169 1182 2248 Scripturis
1204 2169 1434 2230 relatae
1463 2170 1517 2229 ei
1547 2186 1673 2227 non
1700 2173 1844 2229 sunt
1867 2169 1987 2228 nisi
2015 2168 2569 2247 theosophicarum
2587 2166 2993 2229 theoriarum

442 2270 832 2345 argumenta.

508 2378 891 2435 Aristobulus
918 2379 1032 2433 iam
1059 2380 1332 2449 integram
1361 2380 1561 2450 Legem
1585 2378 1879 2450 allegorice
1908 2376 2228 2448 explicavit,
2265 2388 2328 2433 ut
2354 2378 2460 2433 bac
2486 2378 2701 2434 ratione
2730 2378 2989 2433 Graeco—

442 2482 564 2523 rum
587 2466 658 2523 ab
685 2482 746 2522 ea
780 2467 1120 2521 aversionem
1149 2467 1422 2521 minueret
1453 2465 1558 2532 (ci'r
1584 2467 1796 2521 Euseb.
1827 2467 2026 2537 Praep.
2058 2481 2253 2538 evang.
2288 2468 2335 2521 V
2341 2468 2441 2522 111.
2474 2472 2509 2521 9
2532 2469 2709 2538 sqq.);
2742 2466 2993 2521 eandem

441 2554 796 2627 allegoricam
821 2554 1245 2624 explicationem
1273 2554 1635 2610 excoluerunt
1665 2555 1875 2610 Esseni
1904 2561 2041 2609 teste
2069 2553 2302 2609 Philone
2340 2554 2430 2621 (de
2457 2554 2583 2609 Vita
2610 2556 2987 2625 contemplat.

441 2649 528 2699 10.
560 2646 780 2711 3-etc.);
811 2642 908 2697 sed
952 2657 1144 2696 omnes
1185 2651 1408 2713 superat
1453 2640 1615 2697 Philo
1662 2642 1798 2713 ipse.
1832 2642 1967 2711 Qui,
2002 2640 2129 2698 licet
2172 2642 2231 2697 in
2266 2641 2563 2715 plerisque
2609 2643 2991 2697 Pentateuclii

438 2732 571 2787 locis
601 2746 826 2787 sensum
853 2729 1124 2785 literalem
1163 2727 1355 2785 adesse
1383 2727 1683 2797 concedat,
1716 2745 1844 2785 eum
1869 2739 2062 2785 tamen
2088 2729 2318 2785 rudibus
2346 2730 2477 2787 solis
2505 2729 2847 2786 destinatum
2878 2747 2991 2801 pu-

437 2827 547 2888 tat3
574 2818 809 2889 sapienti
834 2818 980 2872 enim
1006 2818 1065 2871 in
1086 2817 1443 2872 occultiorem
1467 2833 1694 2872 sensum
1716 2816 2111 2889 inquirendum
2134 2832 2251 2873 esse
2275 2826 2483 2887 monet,
2507 2819 2600 2890 qui
2622 2819 2768 2890 typis
2790 2821 2991 2889 expri-

438 2916 639 2963 matur.
680 2907 871 2978 Itaque
909 2919 1177 2976 personae
1213 2906 1428 2960 Veteris
1470 2907 1618 2961 Test.
1654 2905 1879 2961 Philoni
1916 2904 2057 2959 fiunt
2084 2903 2235 2961 modi
2264 2905 2489 2977 quidam
2528 2907 2745 2962 animae
2785 2910 2993 2977 (τρόποι

435 2997 610 3067 ψυχῆς)
639 3016 652 3049 :
685 2993 966 3050 Abraham
989 2992 1042 3047 ei
1065 2993 1377 3066 symbolum
1405 3002 1489 3048 est
1512 2993 1733 3049 virtutis
1760 2992 2011 3049 doctrina
2036 2993 2367 3065 acquisitae,
2395 2996 2549 3050 Isaac
2576 2994 2789 3049 virtutis
2819 3012 2853 3050 a
2880 3013 2993 3051 na·

435 3094 560 3140 tura
581 3081 903 3154 productae,
928 3079 1095 3137 Iacob
1115 3079 1333 3136 virtutis
1357 3096 1460 3135 usu
1481 3088 1535 3135 et
1553 3080 1915 3138 meditatione
1936 3090 2183 3151 paratae,
2211 3080 2393 3138 Adam
2414 3082 2653 3138 hominis
2674 3081 2989 3147 inferioris,

436 3171 568 3227 Cain
610 3168 839 3241 egoismi
885 3176 990 3224 etc.
1042 3176 1148 3223 etc.
1194 3170 1369 3223 Porro
1413 3169 1625 3233 omnia,
1677 3184 1819 3239 quae
1846 3168 1917 3224 de
1960 3168 2048 3224 his
2075 3169 2328 3239 personis
2366 3170 2647 3238 dicuntur,
2691 3168 2763 3225 ad
2790 3173 2995 3227 varios

437 3258 600 3315 animi
648 3256 880 3313 affectus
921 3254 1332 3323 accommodat3
1377 3256 1650 3325 locorum,
1682 3256 1742 3311 in
1771 3256 1971 3328 quibus
2014 3257 2669 3329 anthropomorphismus
2710 3261 2989 3323 occurrit,

436 3362 658 3403 omnem
693 3358 915 3399 sensum
943 3343 1217 3399 literalem
1258 3343 1438 3399 reiicit
1468 3352 1575 3400 etc.
1616 3344 1765 3412 Quin
1792 3344 2063 3401 eiusmodi
2093 3344 2335 3417 exegesis
2374 3347 2445 3401 sit
2472 3344 2710 3412 inutilis,
2740 3362 2853 3401 non
2894 3360 2991 3402 est

435 3434 683 3492 dubium.

512 3599 569 3654 4.
603 3627 681 3636 —
711 3590 1102 3652 Kabbalistae
1126 3590 1386 3651 demum
1401 3638 1415 3665 ,
1443 3592 1550 3669 qui
1571 3592 1836 3652 curiosis
1855 3593 2136 3652 artificiis
2159 3596 2433 3653 secretas
2456 3611 2601 3654 suas
2624 3593 2949 3655 doctrinas
2970 3644 2985 3659 .

439 3708 591 3768 quas
618 3707 655 3749 a
686 3691 896 3765 Moyse
926 3688 1263 3748 traditione
1293 3689 1615 3765 accepisse
1636 3676 1807 3779 (Sap)
1828 3689 2195 3766 gloriantur,
2222 3706 2347 3749 non
2378 3706 2453 3749 ex
2484 3691 2823 3768 Scripturis
2854 3694 2993 3752 col—

438 3790 642 3867 ligunt
672 3784 784 3846 sed
825 3786 889 3843 in
921 3800 1024 3845 eas
1053 3784 1379 3863 ingerunt,
1414 3786 2015 3846 commemoratione
2044 3786 2167 3845 hoc
2196 3785 2332 3846 loco
2363 3803 2489 3847 non
2520 3792 2732 3847 essent
2760 3786 2941 3865 digni
2969 3838 2985 3855 ,

440 3884 561 3944 nisi
592 3882 716 3943 duo
747 3898 967 3942 eorum
995 3881 1264 3960 vestigia
1290 3882 1354 3941 in
1383 3881 1523 3960 ipsa
1554 3882 1821 3959 Vulgata
1848 3898 2173 3942 remanere
2202 3881 2588 3944 viderentur.

509 4005 638 4063 Tria
663 4002 893 4060 artificia
929 4002 1007 4057 eis
1035 4001 1346 4070 sufficiunt,
1385 4011 1448 4058 ut
1485 4001 1752 4074 quidquid
1794 4004 1986 4059 volunt
2012 4003 2070 4059 in
2106 4004 2401 4075 Scripturis
2438 4005 2713 4077 detegant.
2758 4007 2991 4063 Etenim

443 4102 540 4161 aut
579 4092 923 4165 singulorum
967 4088 1364 4146 vocabulorum
1404 4090 1592 4145 literas
1632 4105 1734 4145 ceu
1762 4106 2123 4146 numerorum
2164 4092 2318 4164 signa
2348 4092 2729 4162 considerant,
2771 4109 2841 4149 ex
2882 4095 2991 4149 iis-

445 4198 551 4255 que
578 4180 728 4236 vario
764 4176 933 4235 modo
973 4176 1251 4249 dispositis
1292 4178 1574 4235 doctrinas
1614 4178 1883 4250 colligunt
1914 4180 2303 4250 (Gematria),
2345 4190 2442 4236 aut
2469 4196 2535 4235 ex
2566 4181 2797 4253 singulis
2822 4198 2994 4239 voca-

442 4268 557 4325 buli
601 4268 830 4324 alicuius
873 4266 1044 4322 literis
1083 4263 1316 4321 totidem
1353 4282 1496 4322 nova
1546 4265 1813 4321 vocabula
1853 4264 2099 4322 efficiunt
2130 4267 2485 4342 *phrasinque
2514 4267 2793 4340 integram
2834 4286 2996 4326 com-

445 4364 675 4427 ponuit,
697 4355 784 4411 vel
811 4352 977 4410 etiam
997 4368 1064 4408 ex
1089 4353 1260 4409 literis
1282 4353 1586 4409 initialibus
1613 4369 1812 4408 vocum
1839 4354 2088 4425 integrae
2113 4354 2381 4426 phraseos
2408 4371 2615 4412 novum
2647 4357 2989 4413 vocabulum

445 4440 740 4497 efformant
767 4444 1152 4510 (Nomi-icon),
1185 4450 1281 4496 aut
1307 4440 1534 4497 demum
1568 4440 1759 4496 literas
1789 4449 2127 4511 permutant,
2176 4450 2239 4497 ut
2276 4459 2418 4498 nova
2462 4443 2731 4500 vocabula
2768 4444 2995 4517 fingant

445 4524 805 4595 (Themura).
839 4530 898 4585 Si
938 4528 1184 4585 eiusdem
1212 4538 1429 4586 tantum
1466 4528 1718 4583 vocabuli
1745 4528 1932 4584 literas
1973 4537 2369 4601 transponunt,
2414 4531 2752 4587 Themuram
2784 4544 2991 4589 vocant

445 4619 754 4676 naturalem
787 4624 1003 4693 (Exod.
1037 4632 1211 4693 2333
1233 4607 1450 4717 tantm,
1475 4647 1502 4677 α
1533 4627 1777 4699 anqelus
1800 4642 1961 4683 meus
1984 4628 2275 4698 praecedet
2295 4636 2349 4685 te
2378 4648 2435 4699 υς
2462 4644 2667 4686 nomen
2694 4632 2882 4705 angeli
2906 4631 2989 4687 in-
