3050 5184
379 276 418 334 2
448 346 458 357 ,
827 338 838 347 .
1423 295 1880 340 Ριιοιεσοιιι-ῑιιᾼ.

377 423 582 491 scripto
615 422 970 481 absconditas
1009 425 1114 483 sibi
1165 426 1452 497 aperirent
1495 427 1959 499 acquirerentque
2002 434 2059 481 et
2096 424 2165 481 ab
2206 425 2451 483 hostium
2488 424 2995 481 insultationibus

376 508 760 567 defenderent.

447 598 698 666 Quorum
727 600 1041 672 exemplum
1071 600 1234 658 nobis
1266 609 1350 657 est
1376 601 1741 669 imitandum;
1776 620 1801 653 ι
1832 617 1904 657 ne
1936 601 2190 656 coelestis
2223 601 2318 657 ille
2344 614 2633 656 sacrorum
2661 600 2981 655 librorum

374 687 701 755 thesaurus,
729 704 896 760 quem
924 690 979 745 S.
1013 689 1253 761 Spiritus
1286 704 1502 745 summa
1536 690 1869 745 liberalitate
1898 688 2215 745 hominibus
2244 688 2509 755 tradidit,
2542 688 2832 759 neglectus
2855 689 2981 743 ia-

377 784 500 830 ceat
540 796 566 827 ιι
619 777 816 843 (Cone.
863 776 1031 833 Trid.
1071 793 1208 834 sess.
1247 783 1302 833 5.
1338 779 1565 834 Decret.
1604 780 1675 833 de
1718 778 1944 833 reform.
1992 781 2093 845 1.),
2132 778 2191 834 S.
2232 777 2591 848 Hieronymi
2627 776 2917 832 monitum
2947 818 2969 838 ‚

378 862 528 935 quod
565 863 875 935 Nepotiane
912 865 1112 921 clerieo
1149 864 1377 921 tradidit
1411 866 1514 936 (ep.
1546 870 1725 933 52,7),
1755 866 2111 922 observemus
2144 872 2402 936 oportet:
2436 885 2462 915 ι
2494 864 2805 936 Scripturas
2844 863 2969 919 di-

379 953 530 1007 vinas
565 953 780 1023 saepius
818 954 976 1025 lege,
1017 953 1192 1009 immo
1231 968 1537 1025 numquam
1574 953 1645 1009 de
1682 953 1939 1009 manibus
1976 954 2088 1009 tuis
2124 968 2280 1009 sacra
2322 952 2487 1009 lectio
2527 951 2842 1023 deponatur
2884 974 2921 1003 n
2948 996 2965 1005 -

378 1041 586 1097 Verum
609 1049 672 1096 ut
707 1056 834 1095 cum
863 1040 1047 1097 fructu
1069 1041 1298 1105 ‚lectioni
1327 1040 1621 1112 studioque
1650 1056 1841 1097 earum
1876 1056 2166 1109 vacemus,
2196 1039 2541 1112 praeparatio
2572 1039 2851 1111 quaedam
2886 1050 2973 1095 et

375 1128 648 1185 institutio
675 1128 1005 1200 requirstur,
1039 1145 1148 1201 qua
1178 1128 1494 1186 adiumenta
1525 1130 1848 1186 obscuritati
1883 1144 2079 1185 earum
2122 1128 2483 1199 depellendae
2512 1136 2640 1199 apta
2664 1126 2967 1198 suppedi-

377 1224 586 1273 tantur.
608 1217 805 1272 Variae
827 1217 977 1273 enim
1003 1232 1185 1290 neque
1205 1233 1414 1289 paucae
1445 1232 1550 1273 nec
1578 1218 1725 1274 leves
1748 1224 1879 1275 sunt
1899 1216 2286 1286 difficultates3
2314 1224 2377 1271 ut
2402 1216 2757 1289 gravissimas
2780 1215 2959 1279 illas,

341 1342 350 1352 -
377 1318 519 1376 quae
554 1320 622 1359 ex
647 1304 768 1376 ipso
807 1305 1081 1361 librorum
1117 1314 1448 1379 argumento
1487 1304 1834 1374 exoriuntur,
1862 1305 2407 1376 praetermittamuS,
2447 1303 2576 1374 quia
2614 1302 2686 1359 ad
2714 1303 2961 1359 theolo-

377 1391 522 1463 giam
545 1391 917 1465 dogmaticam
947 1393 1292 1464 potissimum
1321 1393 1635 1465 pertinent,
1664 1393 1819 1449 baud
1850 1393 2137 1463 pauciores
2162 1408 2345 1463 neque
2374 1390 2559 1447 minus
2588 1407 2783 1465 graves
2812 1391 2954 1447 aliis

376 1496 446 1535 ex
473 1478 718 1535 fontibus
753 1479 1056 1551 profluunt.
1089 1482 1346 1553 Namque
1387 1481 1644 1553 linguae,
1686 1480 1886 1552 quibus
1916 1482 2169 1552 primitus
2201 1479 2328 1536 libri
2368 1480 2510 1535 sacri
2540 1486 2671 1535 sunt
2707 1478 2903 1550 scripti
2922 1521 2944 1545 ,

376 1566 544 1623 hodie
563 1576 694 1623 sunt
709 1577 964 1624 mortuae
993 1577 1160 1640 atque
1181 1568 1504 1638 imperfecte
1524 1576 1747 1625 tantum
1770 1568 2059 1639 cognitae;
2088 1575 2301 1624 veteres
2328 1567 2722 1636 institutiones,
2752 1568 2945 1640 legeS,

375 1670 560 1711 mores
583 1664 692 1715 etc.
719 1658 780 1712 in
802 1656 1076 1713 oblivione
1099 1658 1275 1731 magis
1301 1658 1555 1713 minusve
1579 1658 1762 1713 iacent
1789 1672 1970 1729 neque
1998 1657 2117 1713 sine
2139 1671 2343 1729 magno
2372 1656 2564 1715 labore
2589 1671 2657 1711 ex
2683 1656 2951 1726 antiquis

375 1746 748 1801 monumentis
775 1744 941 1801 hodie
964 1744 1252 1802 interdum
1286 1744 1462 1817 magis
1499 1745 1872 1801 coniiciuntur
1911 1759 2079 1816 quam
2108 1752 2553 1817 cognoscuntur;
2590 1756 2779 1799 rerum
2810 1758 2948 1797 om-

376 1833 557 1903 nium,
591 1850 734 1905 quae
761 1834 818 1889 in
847 1835 956 1890 illis
980 1842 1300 1901 narrantur,
1333 1836 1456 1888 viva
1489 1834 1761 1889 memoria
1788 1841 1873 1889 est
1904 1834 2219 1889 obliterata.
2252 1832 2423 1905 Atqui
2450 1832 2654 1887 horum
2676 1830 2945 1887 omnium

376 1920 602 1977 scientia
629 1930 819 1977 tamen
847 1923 900 1977 ei
926 1931 1010 1978 est
1037 1924 1378 1987 necessaria,
1414 1922 1508 1992 qui
1541 1922 1713 1977 libros
1736 1922 1863 1977 illos
1884 1920 2193 1993 intelligere
2222 1921 2355 1976 vult.
2388 1919 2684 1989 Quomodo
2714 1919 2823 1973 de
2808 1934 2943 1990 ipsa

375 2009 786 2081 Scripturarum
811 2011 1092 2079 versione,
1123 2025 1232 2081 qua
1265 2010 1460 2077 utitur,
1495 2018 1681 2065 certus
1710 2011 1843 2077 erit,
1875 2010 1980 2065 nisi
2003 2025 2129 2066 eam
2156 2024 2287 2064 cum
2314 2008 2655 2081 primigeniis
2681 2007 2945 2063 textibus

376 2112 700 2167 comparare
725 2098 1003 2169 potuerit?
1029 2097 1166 2166 Quis
1191 2113 1319 2153 vero
1349 2097 1624 2169 genuinus
1648 2098 1721 2151 sit
1743 2105 1946 2166 textus,
1975 2096 2123 2151 unde
2146 2094 2395 2165 deliniet,
2422 2096 2529 2151 nisi
2546 2095 2939 2166 antiquorum,

377 2184 576 2257 quibus
601 2195 959 2241 conservatus
987 2195 1098 2253 est,
1141 2183 1400 2241 codicum
1437 2185 1786 2256 aliorumque
1823 2186 2272 2241 adiumentorum
2313 2183 2635 2239 criticorum
2670 2182 2941 2237 notitiam

377 2273 621 2345 aliquam
639 2273 954 2345 possideat?
978 2272 1272 2342 Quomodo
1299 2274 1639 2340 innumeraS,
1664 2288 1807 2344 quae
1837 2274 1892 2327 in
1916 2272 2147 2345 singulis
2178 2274 2290 2328 fere
2314 2272 2609 2342 phrasibus
2638 2270 2939 2341 reperiun-

373 2370 482 2429 tur,
523 2361 822 2417 allusiones
859 2360 1159 2433 intelliget,
1199 2360 1310 2417 nisi
1339 2360 1629 2416 historiam
1656 2360 2141 2431 institutionesque
2179 2360 2538 2431 antiquorum
2568 2359 2935 2430 populorum,

377 2447 446 2505 de
483 2447 684 2521 quibus
719 2450 922 2521 agitur,
959 2450 1210 2521 cognitas
1251 2448 1489 2505 habeat?
1517 2452 1703 2520 Atque
1739 2450 1987 2521 ipsorum
2038 2464 2261 2521 quoque
2296 2446 2567 2503 librorum
2604 2446 2792 2517 origo,
2844 2446 2940 2502 hi-

375 2536 571 2606 storia,
603 2536 930 2604 meraritas,
959 2536 1112 2605 finis,
1141 2552 1310 2609 quem
1337 2545 1531 2593 auctor
1558 2536 1663 2593 sibi
1693 2536 2013 2608 proposuit,
2048 2543 2471 2607 argumentum,
2508 2532 2660 2605 quod
2686 2540 2941 2590 tractare

376 2624 578 2691 voluit,
609 2624 830 2695 aliaque
856 2640 970 2680 non
997 2640 1172 2696 pauca
1206 2634 1615 2696 cognoscantur
1642 2632 1894 2695 oportet,
1927 2639 2098 2697 quum
2122 2639 2237 2679 non
2267 2638 2464 2694 parum
2498 2620 2574 2677 ad
2600 2636 2697 2677 eos
2720 2621 2900 2676 intell
2884 2638 2937 2675 ι-

377 2710 586 2783 gmdos
613 2711 921 2770 conferant.
953 2712 1242 2785 Multiplex
1271 2712 1442 2785 igitur
1471 2712 1823 2786 praeparatio
1846 2712 2169 2783 requiritur,
2202 2719 2504 2782 antequam
2532 2709 2731 2780 aIIquis
2758 2709 2827 2763 ad
2858 2709 2935 2763 li-

375 2800 606 2857 brorum
635 2800 1152 2873 interpretationem
1182 2802 1448 2857 accedere
1479 2800 1671 2871 possit.

455 2972 516 3029 2.
546 3004 626 3016 —
655 2970 813 3029 Hinc
841 2968 1081 3029 sactum
1107 2973 1234 3041 est,
1268 2971 1338 3029 ut
1361 2967 1831 3029 Introduc-tionis
1868 2970 1935 3027 in
1970 2968 2034 3027 S.
2064 2966 2405 3043 Scripturas
2442 2965 2703 3026 nomine
2735 2966 2931 3025 disci-

377 3065 548 3142 plina
571 3066 884 3141 quaedam
921 3065 1276 3142 theologica
1300 3066 1384 3125 sit
1418 3064 1699 3135 exculta,
1736 3086 1767 3118 «
1798 3080 1958 3141 quae
1994 3080 2309 3124 sacrarum
2347 3063 2674 3123 literarum
2714 3062 2932 3122 studio

379 3160 704 3221 addictum
732 3161 1153 3221 manuducere
1192 3162 1396 3239 possit
1425 3162 1490 3221 in
1521 3160 1834 3239 penitiora
1864 3176 2083 3219 earum
2116 3160 2305 3237 adyta
2332 3183 2361 3215 »
2394 3156 2689 3237 (Bonsr.).
2724 3160 2929 3219 Intro-

380 3257 692 3317 ductionis
729 3258 988 3334 quidem
1026 3274 1292 3328 nomen,
1337 3258 1388 3315 si
1423 3274 1597 3317 mere
1640 3256 2059 3334 etymologiae
2098 3260 2436 3334 spectatur,
2470 3254 2927 3315 diversissima-

379 3369 523 3413 rum
553 3370 766 3415 rerum
803 3354 1228 3432 cognitioneS,
1273 3371 1432 3431 quae
1465 3369 1725 3431 quoquo
1764 3351 1957 3413 modo
1992 3352 2486 3430 interpretandis
2522 3349 2701 3411 libris
2736 3352 2931 3410 sacris

381 3451 756 3521 inserviunt,
789 3451 1128 3529 complecti
1161 3449 1443 3523 videtum
1484 3450 1751 3510 arctiore
1786 3455 1997 3510 tamen
2037 3467 2224 3509 sensu
2260 3466 2515 3525 semper
2544 3452 2639 3508 est
2677 3447 2929 3507 adhibi-

379 3552 537 3607 tum.
573 3547 813 3607 Eadem
851 3548 1022 3607 enim
1057 3547 1331 3621 ratione,
1377 3565 1500 3624 qua
1551 3547 1833 3625 reliquae
1881 3547 2255 3625 disciplinae
2302 3545 2725 3623 theologicae,
2773 3545 2933 3604 haec

382 3660 630 3721 quoque
663 3644 993 3721 paullatim
1028 3650 1121 3704 est
1144 3644 1501 3714 efformata,
1530 3647 2097 3721 argumentumque
2132 3660 2320 3703 suum
2355 3642 2727 3702 arctioribus
2758 3642 2929 3700 limi-

381 3741 554 3800 tibus
585 3740 1085 3819 circumscripsit
1128 3746 1192 3800 et
1231 3740 1605 3801 methodum
1644 3740 1765 3801 sibi
1804 3739 2163 3816 adaptatam
2204 3740 2501 3800 excoluit.
2538 3738 2719 3799 Licet
2756 3739 2929 3797 enim

383 3835 774 3914 cognitiones
812 3837 1267 3919 interpretibus
1303 3838 1767 3916 Scripturarum
1810 3838 2198 3897 necessariae
2236 3854 2271 3896 a
2304 3836 2599 3897 Patribus
2638 3834 2767 3895 iam
2810 3836 2928 3894 sint

384 3932 726 4010 explicatae
751 3951 1096 4012 eorumque
1122 3937 1408 4012 tempore
1433 3934 1627 3993 etiam
1653 3950 1886 3993 nomen
1912 3933 2400 3993 introductionis
2428 3932 2512 3992 sit
2535 3934 2927 4011 usurpatum.

385 4048 422 4089 a
449 4030 712 4107 reliquis
727 4035 944 4091 tamen
969 4032 1126 4091 haec
1155 4030 1492 4108 disciplina
1517 4029 1874 4091 accuratius
1900 4031 2140 4091 secerni
2167 4036 2229 4090 et
2254 4030 2531 4107 separari
2561 4034 2783 4105 coepta
2806 4045 2930 4086 non

385 4131 642 4187 estante
663 4144 828 4188 saec.
851 4129 976 4199 16.‚
1006 4128 1262 4204 quando
1285 4128 1500 4189 sixtus
1527 4126 1674 4188 Sem.
1706 4128 1847 4188 eius
1870 4128 2059 4187 finem
2085 4132 2151 4187 et
2172 4130 2619 4204 argumentum
2644 4128 2933 4185 accurato

387 4223 862 4296 determinavit;
904 4224 1275 4285 historicam
1318 4229 1567 4294 autem,
1615 4241 1737 4301 qua
1780 4224 1969 4284 hodie
2018 4224 2276 4285 tractari
2322 4222 2515 4293 solet,
2564 4220 2927 4281 methodum

387 4321 558 4381 Rich.
587 4322 802 4382 Simon
833 4325 1098 4381 exeunte
1131 4338 1296 4381 saec.
1335 4324 1430 4380 17.
1465 4322 1711 4397 primus
1741 4321 2053 4382 adhibuit.

458 4498 611 4553 saec.
641 4502 698 4553 5.
723 4496 868 4552 inter
889 4496 1136 4553 Graecos
1163 4494 1470 4552 monachus
1495 4495 1721 4568 quidam
1751 4495 2069 4551 Adrianus
2098 4495 2311 4565 primus
2338 4492 2511 4551 edidit
2542 4493 2927 4550 introductio-

388 4600 522 4639 nem
549 4585 616 4639 in
641 4584 886 4640 divinas
919 4584 1290 4655 Scripturas,
1321 4592 1376 4639 et
1402 4598 1549 4639 saec.
1582 4588 1635 4638 6.
1668 4583 1815 4639 inter
1842 4583 2073 4638 Latinos
2112 4583 2503 4638 Cassiodorus
2530 4597 2689 4637 suam
2724 4602 2750 4633 α
2782 4582 2930 4636 Diri-

389 4688 590 4729 narum
628 4672 918 4729 literarum
950 4671 1356 4728 institutionem
1391 4692 1415 4723 ιι
1458 4691 1483 4722 ιι
1517 4670 1979 4727 introductoriis
2020 4669 2176 4726 libris
2212 4690 2237 4723 ιι
2272 4670 2674 4727 adnumeravit.
2704 4670 2931 4726 Nomine
