3050 5184
499 336 822 381 vsaslouss
855 338 932 380 nx
973 336 1390 383 Artaxat-mama
1433 338 1795 384 nsnivxrxs.
1839 356 1919 367 -—
1962 324 2018 384 1.
2064 340 2263 383 ιτΑιΑ.
2574 324 2650 383 91

161 474 264 519 eunt
297 466 528 539 ideoque
553 468 612 523 in
651 486 713 524 re
753 468 938 525 critica
967 485 1078 525 non
1109 484 1308 541 parvae
1345 477 1472 527 sunt
1499 472 1767 527 utilitatis.
1812 470 2019 527 Eodem
2047 480 2235 527 autem
2262 480 2513 542 tempore
2542 486 2654 543 quo

159 554 296 609 vetus
317 557 464 610 Test.
497 572 565 611 ex
593 554 946 613 alexandrino
972 565 1156 625 textu,
1203 558 1430 615 eaedem
1474 560 1737 615 ecclesiae
1778 560 1997 615 Novum
2038 575 2104 615 ex
2146 559 2472 631 primigenio
2500 566 2654 614 textu

157 656 318 711 graeco
346 651 654 713 verterunt3
683 659 854 715 quare
893 643 1002 700 hoc
1041 646 1166 701 loco
1201 660 1265 701 ea
1282 687 1296 714 ‚
1327 662 1469 717 quae
1503 644 1575 702 de
1603 644 1854 703 mediatis
1880 648 2094 703 Veteris
2122 654 2181 701 et
2215 646 2285 702 de
2322 643 2654 701 immediatis

159 729 264 783 Novi
288 731 432 787 Test.
459 732 800 788 versionibus
821 734 960 788 scitu
981 734 1297 789 necessaria
1318 734 1408 789 vel
1434 734 1589 791 utilia
1616 742 1764 804 sunt,
1796 735 2191 806 conjungemus

973 952 1025 1007 1.
1055 954 1258 1007 Vetus
1285 953 1501 1008 latina
1524 967 1576 1008 ει.
1601 954 1797 1007 Itala..

213 1139 260 1195 2.
291 1172 364 1180 —
394 1141 486 1202 De
510 1138 720 1199 veteris
743 1140 972 1201 lactinae
991 1145 1276 1201 versionis
1291 1146 1525 1221 oriqinc
1554 1146 1685 1201 tam
1710 1159 1905 1221 pauca
1933 1146 2081 1202 sunt
2106 1140 2365 1214 tradita,
2389 1144 2459 1201 ut
2478 1156 2557 1199 ne
2586 1136 2651 1198 id

153 1234 371 1307 quidem
397 1235 481 1295 sit
515 1236 933 1313 exploratum,
967 1256 1118 1298 num
1143 1238 1368 1316 primis
1397 1238 1665 1299 saeculis
1703 1239 1913 1317 plures
1950 1256 2029 1298 an
2066 1255 2191 1299 una
2226 1241 2472 1297 tantum
2506 1252 2650 1295 ver-

151 1329 222 1388 sio
260 1332 567 1393 exstiterit
609 1338 672 1393 et
716 1351 872 1411 quae
915 1351 1130 1395 earum
1172 1336 1272 1396 vel
1317 1334 1452 1395 eius
1496 1336 1578 1395 sit
1625 1336 1847 1413 patria.
1896 1338 2083 1397 Recte
2132 1338 2345 1394 autem
2376 1335 2647 1403 tenetur,

153 1442 302 1486 unam
359 1446 527 1489 saec.
579 1431 638 1488 2.
688 1447 824 1491 esse
884 1432 1282 1503 adornatam,
1338 1432 1518 1493 cuius
1564 1436 1785 1509 postea
1835 1432 2047 1510 plures
2102 1431 2298 1491 sactae
2358 1432 2503 1489 sunt
2559 1445 2653 1488 re-

152 1524 472 1597 censiones,
527 1542 794 1603 eamque
823 1544 961 1595 ,non
1000 1529 1263 1601 Romae,
1316 1528 1425 1587 ubi
1474 1529 1719 1589 duobus
1771 1528 1993 1607 primis
2048 1527 2314 1588 saeculis
2365 1543 2493 1585 non
2534 1526 2651 1585 fuit

153 1622 498 1696 necessaria,
533 1622 646 1683 sed
676 1622 744 1682 in
786 1623 988 1684 Africa
1025 1624 1526 1701 septemtrionali
1567 1641 1704 1685 esse
1739 1628 2053 1697 exortam,
2092 1623 2269 1684 cuius
2315 1622 2649 1682 dialectum

153 1718 531 1797 proprietates
557 1719 871 1790 dictioniS‚
898 1737 1060 1796 quae
1086 1721 1151 1779 in
1170 1719 1390 1781 multis
1411 1720 1855 1800 superstitibus
1880 1721 2015 1782 eius
2036 1719 2403 1799 fragmentis
2433 1718 2652 1796 depre-

153 1810 492 1885 henduntur,
529 1816 792 1875 omnino
817 1815 1113 1894 produnt.

201 1932 247 1987 S.
273 1937 636 2009 Anqustinus
670 1956 696 1987 α
729 1938 920 2007 primis
946 1937 1076 1994 fidei
1103 1939 1444 2011 temporibus
1471 1960 1498 1991 υ
1534 1940 1804 2012 originem
1834 1939 2038 1995 latinae
2080 1939 2345 1995 versionis
2390 1936 2649 1993 adscribit

155 2021 322 2078 ‘Doctn
347 2024 546 2080 christ.
577 2026 652 2081 11.
689 2029 807 2093 11),
835 2041 1002 2097 quam
1028 2036 1263 2083 exeunte
1291 2042 1436 2083 saec.
1462 2034 1517 2083 2.
1550 2028 1609 2085 in
1645 2043 2001 2083 communem
2040 2042 2202 2082 usum
2236 2026 2348 2081 iam
2385 2024 2577 2081 abiisse
2595 2032 2651 2081 et

152 2122 302 2164 omnes
325 2112 546 2167 Veteris
569 2120 626 2167 et
652 2113 794 2169 Novi
828 2115 976 2169 Test.
1020 2114 1190 2170 libros
1229 2130 1293 2171 ea
1337 2123 1515 2171 aetate
1544 2114 1601 2171 in
1640 2114 1939 2171 Occidente
1980 2122 2235 2186 receptos
2284 2114 2644 2175 continuisse,

153 2210 278 2265 opera
321 2199 690 2256 Tertulliani
729 2200 948 2257 abunde
985 2210 1280 2259 testantur.
1322 2206 1583 2260 Attamen
1612 2204 1669 2259 S.
1706 2205 2076 2276 Anquscinus
2117 2202 2284 2258 etiam
2325 2217 2440 2257 non
2480 2200 2650 2255 semel

153 2280 349 2353 loquitur
368 2287 438 2343 de
473 2308 500 2339 α
533 2288 832 2344 latinorum
851 2290 1214 2359 interpretum
1237 2290 1447 2346 infinita
1468 2292 1731 2347 varietate
1762 2312 1787 2343 a
1808 2334 1822 2360 ‚
1849 2290 1919 2346 de
1952 2312 1977 2341 «
2008 2291 2373 2360 interpretum
2390 2303 2649 2344 numero·

153 2370 272 2427 atate
297 2394 352 2442 »3
388 2396 412 2425 α
444 2375 550 2447 qui
576 2376 724 2431 enim
759 2378 1097 2448 ScripturaS,
1126 2378 1335 2449 inquit,
1371 2394 1437 2434 ex
1463 2378 1701 2434 hebraea
1728 2378 1910 2451 lingua
1945 2380 2005 2435 in
2041 2393 2297 2451 graecam
2337 2384 2644 2443 verterunt,

153 2463 382 2517 numerari
407 2473 676 2535 possunt,
695 2464 850 2520 latini
869 2473 1050 2521 autem
1075 2466 1401 2537 interpretes
1419 2466 1573 2522 nullo
1592 2466 1783 2523 modo.
1806 2468 1887 2522 Ut
1913 2466 2061 2527 enim
2084 2466 2284 2537 cuique
2305 2465 2494 2536 primis
2522 2462 2648 2518 fidei

153 2550 442 2619 temporibus
483 2552 548 2607 in
577 2567 772 2607 manus
813 2552 962 2608 venit
988 2553 1160 2609 codex
1190 2570 1420 2625 graecus
1445 2563 1502 2610 et
1544 2553 1948 2625 aliquantulum
1990 2552 2265 2610 facultatis
2302 2552 2404 2607 sibi
2443 2552 2647 2607 utrius-

153 2648 232 2703 que
255 2636 456 2710 linguae
494 2638 704 2694 habere
745 2640 1050 2708 videbatur,
1083 2656 1249 2696 ausus
1286 2650 1368 2696 est
1407 2642 1757 2712 interpretari
1790 2662 1849 2709 »ς
1880 2650 2071 2697 monet
2113 2656 2334 2712 quoque
2367 2661 2391 2691 α
2422 2640 2478 2695 in
2520 2639 2649 2711 ipsis

155 2718 328 2791 iatinis)
347 2725 892 2799 interpretationibus
911 2727 1133 2783 italam
1154 2729 1352 2784 ceteris
1372 2744 1490 2785 esse
1505 2727 1942 2799 praeferendam,
1969 2728 2169 2800 quippe
2193 2742 2331 2800 quae
2354 2726 2647 2783 verborum

155 2812 352 2867 tenacior
377 2815 446 2869 sit
473 2830 606 2869 cum
634 2815 1018 2887 perspicuitate
1051 2816 1356 2871 sententiae
1387 2837 1412 2867 »
1449 2820 1663 2883 (Doctr.
1705 2815 1901 2872 christ.
1937 2816 2013 2871 11.
2049 2822 2132 2872 11.
2169 2821 2254 2871 14.
2300 2820 2403 2881 15).
2438 2813 2648 2881 Quibus

156 2892 194 2947 S.
213 2902 474 2972 Augustini
507 2902 688 2971 verbis
716 2918 827 2959 non
857 2904 1018 2974 pauci
1048 2902 1298 2960 moderni
1332 2905 1661 2975 interpretes
1683 2904 1911 2961 adducti
1938 2912 2094 2972 sunt,
2126 2911 2189 2958 ut
2217 2902 2420 2958 multas
2448 2901 2647 2957 latinas

158 2986 388 3044 vasionen
415 2990 725 3062 antiquitus
764 2992 1036 3047 exstitisse
1071 2999 1296 3049 teneant
1340 2991 1779 3065 sententiamque
1822 3007 1979 3048 suam
2020 2990 2289 3047 similibus
2319 2988 2647 3062 quibusdam

159 3072 464 3132 Tertulliani
493 3082 564 3143 (c.
594 3080 766 3134 Marc.
795 3078 867 3134 11.
895 3085 956 3145 9;
985 3078 1052 3133 V.
1079 3084 1133 3145 4)
1160 3087 1218 3134 et
1244 3080 1301 3135 S.
1327 3079 1561 3134 Hilariz'
1584 3081 1673 3147 (ln
1696 3082 1786 3137 Ps.
1813 3086 1904 3149 54,
1940 3086 1988 3147 1)
2016 3078 2193 3135 verbis
2221 3087 2387 3150 atque
2410 3078 2647 3133 maxime

157 3160 303 3216 multis
335 3166 516 3221 allatis
559 3165 794 3221 textibus
837 3166 1198 3236 confirmant,
1231 3167 1325 3238 qui
1351 3167 1408 3223 in
1438 3170 1667 3224 Patrum
1695 3167 1952 3239 operibus
1980 3167 2327 3238 antiquisque
2367 3164 2647 3221 codicibus

157 3252 407 3307 conservati
439 3253 518 3308 ita
547 3254 691 3309 inter
716 3269 774 3308 se
798 3253 1089 3321 differunt,
1118 3263 1179 3309 ut
1207 3270 1273 3309 ex
1306 3253 1535 3310 diversis
1564 3256 1903 3312 versionibus
1930 3254 2167 3311 desumti
2191 3270 2310 3310 esse
2335 3252 2643 3309 videantur.

159 3333 238 3387 Sed
259 3334 334 3393 his
373 3340 716 3414 argumentis
760 3356 848 3397 res
883 3357 996 3397 non
1038 3342 1318 3398 definitur.
1365 3342 1623 3399 Profecto
1670 3346 1726 3401 S.
1772 3342 2113 3415 Augustinus
2157 3356 2400 3398 asserere
2448 3341 2643 3408 noluit,

161 3418 446 3495 integrarum
491 3430 904 3500 scripturarum
949 3430 1228 3486 versiones
1269 3430 1470 3487 latinas
1509 3430 1726 3486 infinito
1768 3446 2002 3486 numero
2031 3430 2331 3499 exstitisse,
2360 3428 2456 3484 sed
2500 3428 2647 3483 idem

162 3504 300 3581 docet,
324 3516 464 3587 quod
490 3518 626 3573 satis
647 3516 794 3573 clare
817 3517 983 3573 etiam
1007 3518 1246 3573 insinuat
1271 3520 1330 3575 S.
1357 3520 1759 3589 Hieronymus
1784 3517 1876 3585 (ad
1904 3521 2067 3574 Dam.
2093 3516 2275 3574 Praei.
2306 3518 2363 3573 in
2389 3519 2647 3588 Evang.),

163 3610 312 3654 omncs
335 3604 432 3659 sibi
457 3605 546 3660 ius
584 3621 869 3677 arrogasse
904 3606 1168 3662 versionis
1195 3606 1347 3661 iuxta
1393 3622 1654 3680 graecum
1695 3615 1907 3662 textum
1946 3604 2327 3662 emendandae
2363 3613 2531 3676 atque
2570 3605 2647 3659 ita

164 3695 454 3757 comparasse
475 3692 681 3749 multas
708 3694 1056 3749 recensiones
1086 3694 1248 3750 unius
1275 3694 1629 3766 eiusdemque
1652 3693 1937 3761 versioniS,
1964 3694 2107 3749 inter
2130 3709 2268 3765 quas
2296 3692 2492 3749 deinde
2524 3709 2647 3747 eam

167 3776 391 3847 praetulit,
414 3796 611 3852 quam,
644 3780 769 3853 quia
802 3780 942 3837 forte
967 3782 1026 3836 in
1053 3781 1214 3838 Italia
1240 3782 1384 3838 sacta
1415 3782 1536 3849 suit,
1570 3782 1789 3839 italam
1819 3782 2053 3838 vocavit.

217 3860 426 3922 Primam
450 3877 638 3925 autem
667 3870 974 3925 versionem
1003 3870 1177 3941 ipsam
1205 3886 1316 3925 non
1346 3872 1559 3925 Romae
1586 3878 1682 3925 aut
1706 3870 1767 3926 in
1795 3870 1950 3926 ltalia
1979 3868 2281 3941 prodiisse,
2314 3868 2649 3941 probabilior

169 3950 282 4003 tenet
311 3958 590 4013 sententia.
626 3956 870 4012 Graecae
907 3956 1056 4013 enim
1093 3957 1318 4014 suerunt
1353 3959 1591 4029 origines
1628 3958 1890 4014 ecclesiae
1927 3973 2187 4014 romanae
2212 3965 2268 4013 et
2304 3972 2403 4028 per
2434 3957 2647 4027 integra

171 4029 253 4089 (¹1¹0
273 4040 448 4099 saltem
476 4045 694 4101 saecula
721 4044 906 4117 lingua
935 4060 1130 4118 graeca
1149 4054 1270 4101 erat
1287 4046 1472 4119 lingua
1499 4045 1715 4117 publica
1737 4055 1792 4101 et
1814 4046 2065 4119 liturgica
2090 4045 2531 4102 Christianorum
2553 4060 2647 4099 ro·

173 4133 428 4187 manumm.
467 4132 678 4189 Graece
715 4135 774 4189 S.
824 4135 1030 4189 Paulus
1070 4150 1226 4190 suam
1272 4135 1563 4205 epistolam
1606 4142 1661 4189 et
1704 4136 1759 4191 S.
1811 4136 2034 4191 Marcus
2080 4147 2244 4189 suum
2290 4132 2648 4202 Evangelium

179 4206 386 4272 Romanis
422 4220 784 4292 scripserunt3
832 4237 1029 4293 graeca
1075 4222 1259 4294 lingua
1299 4222 1380 4277 usi
1429 4230 1559 4277 sunt
1609 4237 1753 4277 saec.
1807 4230 1857 4277 1.
1908 4231 1964 4277 et
2004 4228 2057 4277 2.
2107 4234 2301 4277 omnes
2352 4220 2651 4289 scriptores

177 4296 467 4363 eeeleniastici
487 4308 734 4378 romani,
765 4310 858 4365 SS.
890 4310 1144 4366 Clemens
1165 4311 1479 4377 Romanus,
1507 4311 1773 4379 HermaS‚
1806 4307 2120 4376 ModestuS‚
2152 4308 2346 4376 CaiuS,
2376 4306 2649 4377 Hippoly—

178 4386 264 4452 21283
281 4402 449 4458 graece
470 4396 654 4452 medio
678 4412 820 4453 saec.
847 4404 901 4453 2.
927 4400 984 4454 S.
1011 4398 1348 4471 Polycarpus
1371 4397 1630 4453 invitatus
1654 4412 1685 4453 a
1711 4396 1765 4452 S.
1793 4396 2024 4454 Aniceto
2047 4395 2329 4467 liturgiam
2354 4392 2650 4449 celebravit

181 4476 222 4523 ἃ
239 4478 534 4541 praedicavit
557 4486 789 4541 Romae.
820 4487 1034 4542 Romae
1060 4486 1225 4558 igitur
1253 4485 1480 4556 aliisque
1507 4484 1565 4541 in
1594 4485 1786 4541 Italiae
1816 4484 2051 4541 urbibus
2076 4482 2382 4539 necessaria
2412 4481 2651 4537 nonfuit

181 4560 316 4619 'ertio
333 4565 516 4641 latina3
540 4588 721 4644 neque
749 4572 896 4627 enim
925 4574 982 4628 in
1007 4574 1280 4643 privatum
1304 4573 1478 4644 plebis
1507 4588 1669 4628 usum
1696 4574 1955 4645 antiquae
1982 4572 2261 4628 versiones
2287 4563 2644 4633 sunt‘editae,

183 4644 437 4713 “domes
457 4658 704 4733 liturgico
741 4668 797 4717 et
821 4660 1040 4730 publico
1069 4662 1428 4739 ecclesiarum
1453 4662 1576 4717 usui
1600 4662 1999 4731 inservierunt3
2030 4660 2105 4718 ad
2138 4675 2304 4731 quem
2332 4658 2511 4715 solum
2541 4658 2647 4729 igi-
