3050 5184
403 321 521 377 324
601 335 675 380 nn
702 337 837 380 var.
874 338 1129 382 rusum.
1161 337 1352 382 umus
1378 335 1732 381 mmcrlms.
1761 355 1840 364 —
1867 336 1996 381 cair.
2032 338 2128 381 111.
2162 336 2237 380 ns
2265 335 2586 380 esna-emo
2619 334 2936 381 nummo,

404 468 485 528 At
511 467 675 528 inter
702 487 811 530 eos
837 471 1122 532 nonnulli
1149 471 1578 542 inveniuntur,
1609 469 1738 546 qui,
1763 471 2064 547 quoniam
2089 469 2378 530 hostibus
2399 469 2568 528 mala
2585 469 2952 546 imprecan-

403 567 525 635 tur,
556 564 678 642 legi
714 583 751 626 a
780 565 1027 628 Christo
1066 567 1246 627 datae
1274 583 1626 645 repugnare
1660 569 1849 643 atque
1887 566 2044 625 nihil
2073 566 2195 624 nisi
2235 588 2266 619 «
2297 565 2492 626 animi
2521 564 2816 625 indomiti
2851 565 2948 624 ef-

403 657 804 740 frenataeque
834 663 963 723 irae
994 664 1459 742 expressionem
1488 685 1521 718 ›>
1555 663 1876 722 continere
1907 661 2219 722 dicuntur.
2255 662 2367 723 Cui
2395 661 2804 740 gravissimae
2831 677 2942 720 ac-

402 757 713 817 cusationi
744 764 912 820 recte
949 760 1280 837 respondit
1308 761 1371 821 S.
1423 757 1680 820 Thomas
1715 759 1826 835 Aq.
1847 803 1860 829 ,
1895 758 2003 835 qui
2041 761 2296 835 patrum
2335 758 2686 818 doctrinam
2715 757 2944 835 paucis

400 853 607 912 verbis
635 855 1073 934 complectitur
1105 874 1120 915 ε
1156 879 1185 911 «
1215 854 1563 915 Dicendum
1593 853 1761 932 quod
1785 854 1851 913 in
1887 855 2180 914 omnibus
2210 853 2348 913 istis
2377 853 2944 932 imprecationibus

402 947 633 1027 duplex
660 954 756 1011 est
783 951 1173 1024 intellectuS,
1203 968 1393 1020 unuS,
1422 949 1593 1028 quod
1623 950 1915 1010 dicantur
1939 967 2054 1030 per
2089 951 2338 1010 modum
2359 953 2938 1028 praenuntiationis,

402 1049 471 1104 ut
504 1061 703 1122 quum
733 1047 899 1108 dicat
930 1048 1139 1108 ludica
1172 1047 1348 1125 quasi
1386 1047 1557 1107 dicat
1591 1045 1923 1120 Iudicabit,·
1945 1047 2125 1121 alter,
2155 1050 2224 1106 ut
2255 1047 2468 1106 omnia
2503 1046 2948 1124 intelligantur

401 1141 645 1218 prolata
677 1160 805 1204 non
834 1162 911 1204 ex
940 1145 1075 1205 zelo
1109 1143 1423 1204 vindictae
1459 1143 1786 1222 propriae,
1822 1142 1931 1202 sed
1961 1161 2036 1203 ex
2066 1142 2194 1203 zelo
2228 1144 2468 1204 divinae
2502 1146 2799 1220 iustiliae,
2839 1144 2946 1202 cui

402 1253 469 1296 se
498 1239 898 1302 conformant
918 1241 1070 1302 iusti
1104 1264 1134 1305 ».
1166 1238 1255 1321 (S.
1288 1241 1488 1300 Tkom.
1522 1239 1588 1299 in
1616 1240 1716 1298 Ps.
1747 1237 1873 1318 34).

472 1352 551 1406 Ex
575 1357 607 1407 2
636 1353 824 1408 Maeli.
854 1359 983 1420 2‚13
1012 1354 1221 1422 elucet,
1252 1351 1584 1410 Nehemiam
1610 1352 1710 1423 per
1737 1349 1972 1406 Esdram
1999 1351 2330 1408 Psalterium
2358 1368 2466 1408 una
2495 1367 2622 1408 cum
2650 1352 2952 1423 prophetis

402 1439 776 1496 Pentateucho
805 1440 1148 1508 adiunxisse,
1173 1449 1340 1512 atque
1368 1447 1563 1495 auctor
1586 1445 1634 1494 1.
1663 1437 1862 1494 Maelo.
1889 1444 2038 1506 (⁷‚16
2067 1444 2216 1512 sqq.)
2237 1447 2454 1496 textum
2474 1439 2678 1495 Psalmi
2703 1438 2822 1494 iam
2851 1439 2951 1494 illa

401 1525 637 1582 formula
667 1529 897 1602 allegat,
930 1544 1038 1600 qua
1077 1526 1293 1583 divinae
1324 1527 1640 1598 scripturae
1670 1527 1896 1600 allegari
1927 1527 2126 1583 solent.
2167 1528 2233 1583 In
2260 1528 2417 1584 Novo
2439 1529 2589 1582 Test.
2620 1527 2744 1597 plus
2769 1527 2955 1597 quin-

402 1615 663 1685 quaginta
692 1624 877 1672 textus
906 1633 972 1672 ex
1008 1616 1234 1688 triginta
1264 1631 1360 1671 sex
1390 1616 1625 1671 Psalmis
1651 1613 1892 1671 desumti
1920 1615 1991 1672 ad
2019 1615 2249 1672 verbum
2273 1631 2374 1688 pro
2402 1614 2732 1671 auctoritate
2758 1614 2952 1668 citan-

400 1711 519 1768 tur;
572 1723 597 1752 ct
624 1701 685 1758 in
711 1705 915 1773 Spiritu
948 1725 973 1754 υ
1004 1711 1146 1758 teste
1181 1703 1300 1773 ipso
1328 1703 1572 1757 Domino
1601 1705 1689 1758 Ps.
1741 1708 1884 1772 109„
1931 1711 1987 1758 et
2021 1702 2256 1758 testibus
2299 1700 2580 1773 Apostolis
2606 1717 2640 1756 a
2671 1721 2698 1752 ει
2730 1701 2950 1772 Spiritu

399 1791 455 1845 S.
502 1805 600 1860 per
626 1807 690 1846 os
718 1791 943 1846 Davidis
986 1812 1010 1842 n
1045 1793 1132 1847 Ps.
1177 1797 1232 1846 2.
1266 1788 1398 1845 dieti
1426 1798 1574 1846 sunt.
1615 1789 1830 1859 Quibus
1867 1789 2280 1861 scripturisticis
2319 1789 2650 1846 testimoniis
2689 1789 2798 1844 alia
2829 1805 2950 1844 non

401 1875 776 1948 adiung.imuS‚
810 1879 1070 1950 quoniam
1113 1893 1279 1933 nemo
1321 1877 1569 1950 ignorat,
1599 1876 1729 1931 inde
1771 1892 1802 1932 a
1838 1878 2030 1948 primis
2063 1877 2196 1933 fidei
2225 1876 2570 1949 temporibus
2597 1875 2951 1933 Christianos

400 1965 667 2020 continuo
694 1966 750 2020 iu
781 1965 1000 2036 publica
1033 1974 1088 2020 et
1114 1965 1323 2036 privata
1354 1964 1603 2020 oratione
1629 1963 1879 2019 Psalmos
1903 1965 2050 2020 velut
2075 1981 2265 2036 preces
2288 1981 2322 2020 a
2343 1964 2551 2036 Spiritu
2577 1965 2638 2020 S.
2668 1965 2792 2036 ipso
2820 1963 2949 2020 dic-

400 2059 542 2108 tatas
570 2052 901 2109 adhibuisse.

468 2142 553 2196 Ne
578 2141 834 2196 Psalmis
857 2141 1299 2212 imprecatoriis
1328 2139 1429 2206 (uti
1458 2145 1639 2204 34‚51.
1671 2145 1760 2194 53.
1793 2155 1876 2211 sq.
1907 2147 1975 2195 57
2005 2155 2089 2211 sq.
2121 2146 2211 2196 67.
2247 2147 2367 2198 108.
2404 2146 2506 2196 136
2535 2149 2592 2195 et
2613 2140 2787 2211 siqui
2815 2149 2948 2194 sunt

400 2228 514 2294 alii)
544 2228 1000 2298 perturbarentur
1027 2227 1353 2296 Christiani,
1384 2227 1497 2282 iam
1533 2227 1841 2283 timuerunt
1876 2229 2072 2284 Patres
2109 2231 2184 2294 (S.
2225 2228 2525 2298 chrysost.
2563 2228 2623 2283 in
2651 2230 2748 2282 Ps.
2793 2235 2938 2284 108..

402 2317 460 2371 S.
484 2320 732 2387 Anqust.
760 2316 819 2370 in
836 2318 925 2371 Ps.
956 2321 1039 2370 34.
1070 2319 1127 2370 et
1152 2321 1295 2382 108„
1322 2315 1534 2370 Euseb.
1563 2315 1623 2369 in
1642 2317 1736 2370 Ps.
1759 2319 1845 2368 34.
1874 2322 1929 2369 et
1949 2320 2035 2370 54.
2061 2315 2222 2386 etc.);
2253 2330 2422 2386 quare
2445 2313 2743 2387 diligenter
2775 2316 2944 2370 ratio-

398 2418 498 2459 nes
525 2403 892 2473 collegerunt,
918 2403 1115 2474 quibus
1136 2403 1560 2472 imprecationes
1579 2401 1700 2457 illas
1720 2402 2084 2472 explicarent;
2115 2403 2319 2474 optime
2339 2403 2486 2458 enim
2513 2411 2938 2473 perspexerunt.

402 2506 597 2546 vanam
618 2505 735 2546 esse
753 2491 1162 2546 excusationem
1186 2487 1520 2546 Theodoreti
1543 2488 1956 2560 praetendentis
1987 2509 2012 2540 ιι
2043 2491 2208 2562 Legis
2229 2497 2454 2556 statum,
2477 2505 2593 2545 non
2617 2506 2754 2545 vero
2776 2505 2938 2546 evan·

400 2578 634 2651 gelicum
656 2577 874 2634 vivendi
895 2577 1144 2643 modum,
1166 2585 1438 2633 sectatum
1462 2591 1580 2632 esse
1599 2576 1896 2644 Davidem;
1917 2577 2124 2644 Legem
2145 2585 2330 2633 autem
2347 2577 2642 2648 imperare,
2667 2585 2734 2632 ut
2755 2578 2936 2650 proxi·

401 2682 554 2722 mum
592 2665 911 2738 diligamuS,
946 2665 1231 2722 inimicum
1267 2665 1397 2724 odio
1436 2664 1766 2732 habeamus,
1793 2664 2098 2720 Dominum
2135 2681 2265 2720 vero
2295 2680 2539 2721 amorem
2575 2665 2937 2721 inimicorum

402 2755 739 2826 praecepisse
785 2775 834 2809 n.
866 2755 1117 2826 Namque
1151 2773 1176 2805 α
1212 2768 1403 2810 omnes
1430 2751 1802 2821 differentiae,
1847 2767 1988 2823 quae
2024 2751 2370 2825 assignantur
2399 2753 2545 2808 inter
2582 2767 2790 2808 novam
2831 2754 2941 2808 Le-

398 2856 522 2916 gem
557 2851 611 2897 et
640 2851 909 2911 veterem,
942 2841 1287 2913 accipiuntur
1324 2838 1632 2896 secundum
1670 2838 1977 2910 perfectum
2015 2848 2071 2895 et
2102 2839 2486 2909 imperfectum
2519 2859 2542 2890 ι
2587 2840 2662 2904 (S.
2711 2839 2940 2908 Thoai.)

400 2931 564 3004 idque
593 2930 885 3003 praecipue
911 2931 970 2985 in
996 2930 1091 2998 iis,
1122 2945 1262 3002 quae
1284 2943 1533 2984 amorem
1557 2926 1791 2999 proximi
1829 2927 2132 2998 attingunt3
2162 2934 2374 2981 tantum
2404 2927 2552 2981 enim
2579 2926 2766 2995 abest,
2793 2928 2942 2982 utin

400 3021 626 3090 antiquo
657 3017 876 3074 foedere
905 3018 1097 3074 odium
1124 3019 1472 3072 inimicorum
1512 3015 1721 3070 licitum
1759 3015 1948 3082 suerit,
1977 3012 2186 3069 nedum
2225 3014 2624 3086 praescriptum
2643 3057 2658 3083 ,
2687 3023 2755 3070 ut
2779 3019 2941 3086 Apo-

400 3107 573 3162 stolus
601 3107 781 3162 verbis
810 3107 1011 3162 veteris
1038 3105 1197 3177 Legis
1226 3116 1473 3158 amorem
1500 3101 1852 3157 inimicorum
1887 3100 2143 3158 fidelibus
2176 3100 2530 3157 commendet
2557 3105 2734 3169 (Rom.
2771 3109 2940 3166 ¹222ss

400 3194 481 3248 eir
512 3197 683 3248 Prov.
726 3201 916 3263 25,2l;
954 3193 1035 3248 cfr
1072 3192 1236 3248 etiam
1274 3187 1470 3245 Exod.
1507 3193 1667 3256 2³,43
1699 3193 1830 3244 Lev.
1877 3195 2056 3258 19,17.
2092 3195 2186 3258 183
2226 3194 2402 3244 Prov.
2441 3193 2628 3254 24,17.
2667 3194 2740 3244 29
2777 3196 2937 3257 εἴα).

403 3284 595 3351 ltaque
625 3279 933 3336 docuerunt
954 3279 1275 3335 Psalmistas
1296 3277 1474 3348 impiis
1498 3291 1706 3348 poenas
1729 3292 1848 3332 esse
1869 3284 2124 3348 precatos
2138 3319 2152 3346 ‚
2181 3285 2242 3331 ut
2267 3285 2584 3348 peccatores
2604 3274 2770 3331 citius
2797 3293 2940 3333 con-

403 3376 759 3434 verterentur,
794 3368 885 3423 alii
916 3367 1072 3437 impii
1100 3367 1562 3435 absterrerentur,
1597 3363 1728 3420 iusti
1755 3379 1786 3420 a
1814 3379 2073 3436 perverso
2109 3364 2406 3435 impiorum
2437 3363 2694 3435 exemplo
2725 3363 2940 3420 libera-

401 3464 593 3512 rentur
616 3463 719 3510 etc.
750 3455 961 3525 Quibus
988 3465 1045 3510 et
1068 3453 1336 3510 similibus
1362 3451 1669 3509 rationibus
1691 3451 2028 3508 sufficienter
2050 3451 2272 3524 quidem
2297 3451 2623 3522 explicatur,
2651 3451 2939 3523 quomodo

400 3541 720 3600 Psalmistae
760 3544 907 3598 mala
944 3541 1265 3613 temporalia
1304 3549 1361 3596 et
1398 3538 1716 3596 transitoria
1761 3537 2013 3595 hostibus
2053 3539 2345 3611 imprecari
2385 3539 2692 3610 potuerint,
2733 3539 2836 3595 sed
2879 3539 2938 3595 id

400 3646 621 3703 quoque
684 3629 853 3700 probe
894 3629 1202 3685 notandum
1253 3637 1365 3696 est,
1414 3647 1439 3678 α
1484 3627 1828 3697 scripturam
1871 3626 2193 3697 imperativo
2237 3626 2407 3682 modo
2453 3625 2638 3682 futura
2685 3627 2940 3696 proferre

396 3719 575 3774 solere
604 3737 629 3766 ι)
666 3717 943 3784 (Euseb.)‚
982 3739 1007 3765 α
1038 3717 1095 3771 in
1123 3714 1303 3771 verbis
1331 3715 1489 3786 quasi
1514 3713 1666 3770 mala
1693 3714 1936 3784 optantis
1963 3712 2322 3784 intelligenda
2351 3729 2470 3768 esse
2497 3712 2784 3783 praedicta
2812 3730 2938 3786 pro-

400 3805 677 3877 phetantis
700 3824 723 3856 »
748 3805 821 3869 (S.
853 3803 1049 3875 Auq.)‚
1074 3803 1199 3859 illas
1228 3822 1253 3852 α
1278 3801 1597 3874 prophetias
1619 3815 1738 3856 esse
1757 3800 1860 3856 sub
1883 3801 2061 3872 specie
2084 3800 2495 3872 imprecationis
2517 3820 2543 3850 ι
2571 3803 2646 3866 (S.
2675 3801 2934 3871 Chrys).

399 3896 591 3965 Neque
626 3891 682 3948 id
709 3901 916 3947 temere
940 3897 1295 3947 asseruerunt
1318 3890 1543 3952 PatreS,
1570 3886 1846 3958 siquidem
1869 3886 1926 3941 in
1951 3890 2046 3942 Ps.
2072 3893 2164 3943 67.
2194 3896 2253 3943 et
2281 3893 2402 3943 108.
2436 3885 2606 3942 Iudae
2633 3887 2938 3959 proditoris

400 3981 842 4051 Iudaeorumque
873 3993 1079 4049 poenas
1108 3976 1209 4032 sub
1247 3975 1652 4046 imprecatoriis
1693 3974 1876 4030 verbis
1913 3973 2222 4046 praedictas
2259 3989 2378 4030 esse
2416 3973 2607 4030 docuit
2641 3977 2698 4031 S.
2737 3977 2938 4032 Petrus

400 4069 551 4138 (Act.
588 4072 754 4136 1‚20).

466 4158 758 4211 Praeterea
788 4155 957 4211 etiam
983 4170 1051 4210 ex
1080 4153 1203 4210 zelo
1242 4150 1459 4206 divinae
1488 4150 1727 4205 iustitiae
1763 4148 2186 4220 imprecationes
2220 4150 2346 4206 illas
2381 4149 2620 4221 proferri
2656 4151 2932 4221 potuisse,

398 4242 599 4299 docent
622 4241 817 4298 similia
845 4244 915 4298 N.
942 4245 1005 4297 T.
1030 4238 1282 4310 exempla
1310 4239 1361 4310 (2
1392 4239 1538 4293 Tim.
1562 4243 1719 4305 4‚14‚
1745 4235 1840 4292 ubi
1863 4236 2159 4309 legendum
2181 4246 2264 4293 est
2293 4258 2306 4292 :
2333 4236 2557 4309 ἀποδῴη,
2590 4257 2616 4288 α
2647 4237 2848 4295 reddat
2873 4261 2932 4302 η

398 4330 537 4386 Gal.
568 4329 747 4401 5‚12);
779 4337 1115 4401 quapropter
1146 4327 1206 4383 S.
1246 4329 1640 4395 Hieronymus
1669 4327 1758 4390 (ln
1787 4324 1924 4381 Gal.
1957 4329 2105 4393 5,12)
2135 4339 2328 4380 omnes
2357 4345 2383 4376 α
2419 4323 2511 4396 qui
2543 4333 2739 4382 contra
2767 4327 2936 4381 Vetus

399 4419 811 4473 Testamentum
840 4417 1047 4472 latrant
1076 4434 1102 4470 n
1141 4424 1291 4470 recte
1318 4421 1538 4480 monet,
1571 4433 1597 4463 <e
1623 4411 1893 4485 quidquid
1921 4428 2026 4485 pro
2047 4413 2313 4484 Apostolo
2337 4411 2705 4469 excusationis
2733 4411 2936 4469 affera-

400 4513 510 4576 tur,
546 4505 649 4560 hoc
676 4521 775 4577 pro
806 4505 951 4578 Lege
976 4513 1159 4559 vetere
1186 4499 1409 4558 defendi
1438 4515 1598 4571 posse
1627 4519 1680 4554 ι.
