3050 5184
694 347 1272 392 INTERPRETATIONIS
1315 346 1686 391 cunonem
1729 345 2096 390 PRAECEPTA.
2553 328 2666 385 143

221 481 295 560 ὁ.)
323 482 499 543 Nulla
526 480 939 543 contradictio
978 480 1044 541 in
1073 478 1134 541 S.
1169 478 1511 558 Scripturis
1550 478 1797 539 admitti
1839 483 2078 555 potest,
2112 476 2279 537 unde
2319 472 2527 535 omnis
2567 474 2666 532 in·—

160 580 491 655 terpretatio
526 578 871 638 reiicienda
913 582 1042 651 est,
1078 594 1235 653 quae
1273 582 1596 637 auctorem
1635 573 2008 652 inspiratum
2047 573 2168 632 sibi
2199 572 2322 650 ipsi
2351 571 2451 631 vel
2480 568 2660 630 alteri

158 673 433 751 inspirato
461 675 697 735 auctori
728 672 1182 734 contradixisse
1213 672 1534 750 supponit.

214 813 235 845 ι
262 796 571 865 Scripturas
596 795 745 850 inter
772 810 829 850 se
863 809 1133 866 pugnare,
1166 793 1350 865 inquit
1386 793 1501 849 iam
1530 794 1590 849 S.
1621 792 1882 847 Iustinus
1911 794 1988 847 M.
2022 793 2089 856 (c.
2124 787 2333 861 Tryph.
2369 790 2466 858 65)
2499 803 2665 843 num-

158 896 300 949 quam
333 882 549 939 audebo
579 898 685 937 nec
724 881 971 955 cogitare
1004 896 1109 963 nee
1142 879 1326 936 dicere
1356 900 1381 930 ι»
1401 922 1415 947 ,
1444 887 1612 951 atque
1645 878 2018 951 ignorantiam
2056 892 2214 933 suam
2253 876 2437 947 potius
2465 874 2661 936 fateri,

158 982 295 1037 quam
320 968 818 1025 contradictionem
851 970 910 1024 in
946 968 1243 1039 scripturis
1270 967 1566 1023 admittere
1600 968 1736 1022 vult.
1763 966 1972 1021 Eadem
1995 964 2208 1020 ratione
2235 964 2542 1035 loquuntur
2571 977 2662 1017 re-

154 1054 263 1125 liqui
286 1059 505 1123 Patres;
538 1065 597 1113 at
622 1057 758 1112 haec
794 1055 863 1111 de
884 1056 1057 1111 sacris
1085 1054 1443 1127 autographis
1472 1054 1724 1126 proxime
1747 1062 1876 1109 sunt
1908 1052 2298 1123 intelligenda,
2329 1051 2388 1105 in
2417 1066 2663 1122 apogra-

153 1141 249 1209 phis
273 1144 417 1199 enim
458 1152 516 1199 et
554 1143 894 1200 versionibus
930 1159 1043 1199 non
1080 1141 1269 1199 deesse
1307 1143 1550 1199 minores
1587 1157 1804 1197 errores
1832 1150 1889 1195 et
1925 1138 2422 1205 contradictioneS,
2451 1138 2656 1209 quibus

152 1232 300 1299 operis
324 1231 639 1289 substantia
672 1247 787 1287 non
823 1230 1137 1303 attingitur,
1167 1238 1286 1285 tota
1316 1229 1551 1285 historia
1574 1237 1828 1284 textuum
1855 1228 2033 1295 (Diss.
2063 1228 2162 1294 11.)
2187 1226 2352 1282 docet
2390 1234 2447 1281 et
2474 1228 2668 1281 Patres

47 1380 49 1401 ζ
150 1318 428 1374 concedunt
470 1318 577 1387 (cfr
595 1322 655 1374 S.
699 1324 850 1391 Any.
878 1334 927 1373 c.
960 1320 1147 1373 Faust.
1178 1318 1253 1373 ΙΙ.
1286 1323 1318 1372 2
1348 1321 1497 1383 etc.).
1548 1318 1614 1372 In
1651 1315 1996 1387 gravioribus
2043 1322 2230 1369 autem
2273 1313 2442 1369 rebus
2489 1313 2662 1369 etiam

150 1402 418 1462 hodiernus
454 1414 643 1462 textus
670 1405 1135 1461 contradictiones
1170 1420 1324 1461 veras
1350 1402 1785 1477 (antiphonia-3)
1811 1418 1923 1457 non
1959 1401 2152 1471 habet,
2185 1400 2285 1457 sed
2321 1408 2656 1472 apparentes

150 1498 335 1549 tantum
361 1494 829 1567 (antipham'as).
854 1492 944 1548 Ad
970 1508 1107 1565 quas
1133 1491 1473 1565 detegendas
1497 1501 1555 1547 et
1580 1489 1934 1562 explicandas
1959 1505 2132 1560 pauca
2159 1492 2297 1545 haec
2336 1488 2609 1545 iuvabunt
2644 1506 2659 1542 ε

202 1584 275 1646 a.)
300 1585 369 1636 In
398 1582 579 1637 rebus
606 1581 753 1651 fidei
780 1586 837 1637 et
854 1597 1089 1636 morum
1114 1580 1358 1649 attende,
1386 1596 1500 1635 non
1522 1577 1720 1635 eodem
1745 1593 1910 1634 sensu
1935 1592 2150 1648 semper
2169 1573 2367 1632 eadem
2391 1576 2660 1631 vocabula

150 1664 395 1737 adhiberi3
428 1668 586 1725 aliud
624 1676 755 1725 sunt
795 1684 978 1741 opera
1009 1667 1157 1738 apud
1186 1671 1310 1723 lac.
1361 1672 1489 1737 234
1518 1676 1575 1722 et
1615 1666 1763 1738 apud
1806 1664 2037 1721 Paulum
2079 1669 2264 1729 (Rom.
2297 1668 2472 1735 3,28);
2505 1662 2660 1719 aliud

150 1764 249 1807 sunt
272 1755 498 1827 fratres
534 1755 685 1827 apud
712 1756 931 1813 Mattlz.
969 1761 1129 1823 12‚46
1156 1764 1285 1822 e·tc.,
1322 1753 1472 1811 aliud
1499 1755 1779 1826 plerisque
1801 1752 1924 1809 aliis
1949 1752 2010 1807 in
2037 1752 2203 1819 locis;
2229 1753 2667 1823 primoqem'c‘us

47 1882 49 1895 .
152 1856 235 1895 non
260 1858 474 1914 semper
504 1853 591 1899 est
618 1844 739 1911 ille,
772 1852 899 1914 post
928 1860 1095 1915 quem
1124 1843 1245 1905 alii,
1279 1842 1374 1898 sed
1407 1858 1506 1914 per
1541 1858 1601 1897 se
1638 1850 1856 1897 tantum
1885 1842 1959 1907 is,
2000 1849 2128 1896 ante
2161 1856 2327 1911 quem
2364 1848 2446 1894 est
2483 1838 2666 1894 nullus

47 1946 49 2003 ἑ
153 1930 345 1985 maula.
380 1937 535 1999 1‚25)
566 1940 672 1987 etc.
702 1933 877 1986 Porro
905 1946 1083 1986 novae
1120 1930 1349 1986 alicuius
1387 1929 1676 1985 doctrinae
1713 1927 1999 1985 additione
2037 1936 2134 1983 aut
2170 1926 2508 1983 obscurioris
2547 1928 2663 1982 cla-

47 2006 50 2061 ἰ
152 2015 265 2072 tiore
294 2018 677 2091 propositione
718 2034 833 2074 non
870 2018 1073 2073 exoriri
1100 2016 1598 2073 contradictionem
1635 2016 1984 2087 perspicuum
2015 2023 2129 2084 est,
2159 2031 2263 2071 nec
2291 2031 2412 2073 eam
2439 2013 2661 2079 exoriri,

47 2148 50 2177 ÷
151 2102 183 2155 si
206 2106 414 2177 antiqua
444 2108 568 2161 Lex
596 2106 879 2177 abrogatis
903 2105 1185 2161 nonnullis
1228 2104 1740 2175 imperfectionibus
1768 2104 2068 2176 perfectior
2104 2101 2378 2158 redditur.
2423 2105 2662 2157 Demum

152 2193 355 2262 attende,
380 2210 499 2249 non
530 2192 685 2249 omni
710 2193 771 2247 in
798 2194 923 2249 loco
949 2193 1225 2265 integram
1254 2208 1472 2263 semper
1497 2191 1813 2247 doctrinam
1841 2191 2103 2263 proponi,
2135 2190 2234 2246 sed
2275 2206 2446 2247 unam
2479 2189 2664 2261 potius

152 2292 285 2346 quam
308 2282 553 2337 alteram
592 2280 869 2336 rationem
895 2279 1238 2337 considerari
1282 2281 1380 2349 (ex.
1416 2296 1495 2352 gr.
1542 2284 1708 2334 loan.
1753 2283 1913 2347 14,28
1951 2286 2006 2333 et
2047 2284 2235 2347 1o,30;
2267 2307 2338 2319 —
2374 2281 2505 2333 Act.
2537 2282 2666 2346 8‚12

151 2374 191 2417 et
214 2369 413 2425 Manli.
447 2374 647 2434 28‚19;
677 2372 824 2435 etc.).

204 2454 361 2525 b.)1n
396 2457 711 2513 historicis
760 2456 1025 2513 textibus
1070 2454 1369 2511 videndum
1400 2462 1512 2524 est,
1542 2470 1678 2510 num
1720 2463 1914 2511 auctor
1959 2454 2077 2525 ipse
2113 2468 2233 2507 rem
2259 2461 2450 2508 narret
2489 2468 2560 2508 au
2597 2452 2667 2509 ab

153 2540 235 2596 alio
254 2554 537 2601 narratam
566 2542 771 2599 reserat
799 2548 847 2610 (1
877 2548 1009 2615 Κεφ.
1040 2548 1167 2613 31,9
1190 2552 1246 2599 et
1267 2549 1302 2597 2
1330 2547 1462 2614 Req.
1496 2548 1588 2610 1,6
1615 2542 1782 2614 sqq.)‚
1813 2556 1950 2596 num
1977 2540 2213 2596 eandem
2242 2540 2662 2613 chronologiam

47 2662 49 2681 .
151 2638 374 2698 sequatur
403 2632 591 2701 (Dis-3.
625 2632 717 2686 IV.
749 2634 781 2699 §
801 2635 973 2700 41,4),
1005 2646 1143 2687 num
1178 2629 1373 2686 eadem
1402 2646 1473 2685 an
1496 2629 1701 2685 similia
1736 2637 1954 2685 tantum
1985 2626 2132 2683 facta
2160 2626 2495 2693 referantur,
2529 2643 2662 2682 num

152 2715 354 2785 rationes
389 2718 707 2787 adfuerint,
751 2727 976 2790 propter
1018 2733 1155 2789 quas
1192 2734 1335 2773 unus
1378 2733 1501 2773 rem
1542 2716 1882 2784 accuratiuS,
1915 2729 2086 2786 quam
2124 2714 2284 2781 alter,
2325 2713 2535 2770 referre
2576 2730 2666 2768 vo-

152 2800 281 2859 luerit
307 2816 401 2863 aut
428 2807 691 2863 debuerit
721 2815 825 2862 etc.
862 2805 964 2869 (cfr
996 2808 1145 2861 Dis-³.
1171 2807 1298 2861 Vll.
1331 2808 1363 2873 5
1385 2806 1474 2874 6.).

201 2892 347 2965 c.)1u
366 2894 739 2968 propheticis
769 2895 913 2950 locis
943 2893 1345 2951 attendendum
1364 2901 1469 2960 est,
1493 2906 1630 2947 num
1649 2890 1954 2963 prophetae
1983 2906 2048 2945 ex
2075 2889 2437 2960 inspiratione
2469 2888 2660 2945 divina

154 2976 287 3035 locuti
310 2982 419 3039 sint
452 2997 633 3039 necne
669 2980 771 3051 (cl'r
796 2988 830 3036 2
864 2986 997 3051 Req.
1032 2982 1287 3051 7,3-17),
1318 2996 1454 3035 num
1491 2977 1728 3035 eandem
1769 2993 2064 3048 personam
2093 2978 2180 3033 vel
2213 2992 2330 3033 rem
2370 2976 2432 3033 in
2459 2976 2660 3032 iisdem

152 3065 385 3125 adiunctis
420 3068 896 3126 consideraverint
938 3068 1187 3141 (Messias
1224 3068 1440 3139 patiens
1478 3076 1576 3123 aut
1611 3066 1849 3139 gloriose
1887 3080 2154 3139 regnans»,
2195 3064 2436 3135 populus
2491 3064 2666 3121 Israel

154 3163 338 3225 propter
364 3165 596 3229 peccata
620 3156 961 3228 punienduS,
992 3165 1116 3227 post
1144 3156 1544 3227 poenitentiam
1567 3154 1864 3210 salvandus
1891 3158 2044 3221 etc.),
2071 3168 2208 3208 num
2237 3168 2401 3207 sensu
2433 3152 2661 3223 proprio

154 3255 205 3293 an
240 3246 647 3315 metaphorice,
671 3259 807 3299 num
830 3244 901 3301 de
933 3259 1045 3299 uno
1070 3258 1144 3299 an
1171 3242 1241 3298 de
1270 3242 1522 3314 pluribus
1551 3242 1839 3297 eventibus
1877 3243 2178 3313 loquantur
2206 3248 2316 3295 etc.
2345 3241 2522 3311 (Diss.
2564 3240 2659 3294 VI.

154 3330 303 3397 δυ).

212 3480 276 3557 ε.)
293 3483 467 3543 Nulla
487 3484 658 3543 inter
677 3482 1031 3559 Scripturas
1050 3482 1339 3557 interque
1361 3480 1649 3558 profanas
1668 3478 1958 3539 scientias
1976 3478 2387 3539 contradictio
2408 3478 2661 3537 admitti

156 3579 342 3645 potest.
374 3580 603 3639 Caveat
632 3578 823 3657 igitur
851 3578 1159 3655 interpres
1187 3595 1266 3636 ne
1293 3574 1711 3661 explicatione
1743 3592 1850 3635 sua
1878 3568 2191 3635 eiusmodi
2224 3574 2663 3635 contradictio-

157 3684 241 3729 nes
264 3672 320 3732 in
350 3676 701 3754 Scripturas
730 3676 1001 3753 ingerat,
1034 3690 1402 3750 memorque
1434 3672 1516 3731 sit
1553 3689 1888 3757 aureorum
1927 3675 2406 3749 praeceptorum
2438 3671 2506 3731 S.
2539 3674 2664 3730 Au-

157 3772 342 3838 quartini
358 3770 448 3845 (In
481 3774 634 3833 Gen.
661 3772 776 3847 Op.
810 3771 1059 3847 imperf.
1094 3772 1191 3829 29.
1219 3768 1345 3847 30),
1382 3792 1410 3823 «
1446 3768 1607 3828 nihil
1636 3772 1876 3829 temere
1907 3785 2045 3827 esse
2075 3765 2518 3827 affirmandum
2549 3765 2660 3825 sed

160 3868 301 3925 caute
327 3868 539 3927 omnia
568 3866 981 3943 modesteque
1009 3865 1331 3925 tractanda
1358 3889 1411 3939 »‚
1445 3881 1562 3925 nec
1581 3864 1924 3942 quidquam
1965 3868 2256 3923 «temere
2288 3867 2350 3923 et
2379 3862 2661 3939 incogni-

162 3958 264 4017 tum
288 3979 395 4037 pro
424 3964 681 4042 cognito
712 3962 1121 4022 asserendum
1152 3985 1211 4019 ».

211 4078 460 4145 Quoniam
502 4084 707 4138 veritas
734 4082 956 4138 veritati
1000 4081 1381 4138 contradicere
1426 4097 1542 4136 non
1583 4088 1792 4152 potest,
1828 4080 2054 4137 evidens
2097 4089 2213 4149 est,
2248 4080 2330 4133 uti
2369 4078 2661 4150 praeclare

165 4159 249 4217 iam
268 4164 441 4224 docuit
468 4172 529 4225 S.
562 4171 933 4243 Anqustinus
959 4169 1063 4242 (De
1089 4170 1227 4225 Gen.
1259 4168 1333 4225 ad
1360 4169 1444 4224 lit.
1478 4170 1523 4224 1.
1561 4174 1646 4225 19.
1678 4169 1788 4240 21),
1823 4184 1934 4225 una
1973 4185 2038 4224 ex
2077 4176 2235 4240 parte
2285 4165 2424 4221 illud
2462 4165 2662 4221 salsum

164 4260 255 4305 esse
275 4268 377 4311 non
403 4272 591 4327 posse,
622 4256 774 4329 quod
794 4257 1079 4328 Scriptura
1108 4255 1177 4311 de
1208 4272 1270 4312 re
1295 4256 1367 4313 ad
1396 4255 1760 4328 profanarum
1788 4256 2144 4312 scientiarum
2176 4252 2491 4310 dominium
2534 4268 2660 4324 per-

166 4334 335 4394 tinente
354 4342 516 4399 clare
544 4350 601 4399 et
636 4344 938 4399 evidenter
966 4346 1249 4400 enuntiat
1287 4342 1524 4415 ideoque
1557 4342 1697 4399 illud
1725 4360 1756 4399 a
1785 4344 2147 4399 scientiarum
2177 4342 2403 4398 illarum
2434 4340 2662 4396 cultori·

166 4416 245 4476 bus
266 4440 353 4495 pro
389 4430 697 4487 indubitata
726 4432 957 4487 veritate
986 4430 1392 4488 admittendum
1422 4446 1544 4487 esse
1561 4474 1574 4500 ‚
1610 4432 1786 4487 altera
1813 4448 1880 4487 ex
1913 4440 2069 4502 parte
2107 4428 2191 4498 id,
2236 4427 2387 4501 quod
2427 4426 2662 4484 scientia

169 4508 355 4575 protana
380 4532 571 4573 verum
598 4534 718 4575 esse
743 4516 912 4575 clare
935 4524 989 4574 et
1019 4518 1320 4575 evidenter
1348 4519 1750 4587 demonstrat,
1785 4519 2063 4574 revelatae
2090 4517 2312 4573 veritati
2348 4533 2460 4573 non
2501 4531 2662 4587 posse

167 4600 529 4687 contradicere,
558 4606 653 4662 s'ed
684 4606 752 4662 ab
780 4606 1082 4678 interprete
1126 4604 1505 4663 adhibendum
1533 4622 1680 4674 esse,
1718 4614 1780 4661 ut
1821 4604 2124 4662 secundum
2168 4605 2306 4661 illud
2345 4603 2663 4676 Scripturas

171 4690 527 4757 interpretetur.
554 4696 767 4753 Revera
794 4694 1109 4767 Scripturas
1135 4696 1283 4753 inter
1306 4703 1361 4751 et
1390 4694 1652 4768 profanas
1678 4694 1939 4751 scientias
1967 4710 2080 4750 non
2108 4702 2238 4749 sunt
2265 4692 2496 4751 dissidia
2513 4734 2527 4762 ,
2560 4690 2658 4747 sed
