3050 5184
587 343 660 388 nr:
703 343 996 388 runcum:
1033 343 1380 389 morum-Ar.
1418 343 1567 388 vri-A
1608 344 1681 387 m·
1722 342 2107 388 rnuromsus.
2486 326 2603 387 387

119 475 429 548 septuaginta
457 489 728 532 annorum
769 473 1096 546 captivitatis
1124 474 1478 547 babylonicae
1515 490 1549 530 a
1578 473 1809 530 Ieremia
1839 475 2006 545 (25‚1.
2048 479 2081 529 8
2108 478 2255 545 sqq.)
2286 473 2598 544 praedicto-

119 579 237 619 rum.
280 567 352 637 At
374 563 546 635 prima
592 562 696 619 hac
732 561 888 618 clade
924 577 982 617 se
1019 578 1131 618 non
1179 561 1531 618 emendatum
1568 576 1685 618 esse
1718 561 1929 617 loaltim
1962 559 2201 618 ostendit
2236 576 2380 616 nova
2415 577 2601 632 perse-

116 651 306 706 cutione
353 651 647 722 prophetae
687 653 965 718 (363431),
1013 649 1169 705 cuius
1208 649 1434 704 monitis
1475 665 1590 705 non
1614 649 1995 721 obtemperans
2041 648 2365 705 seditionem
2409 657 2599 704 contra

117 737 392 794 Chaldaeos
418 739 588 794 movit
624 737 724 793 sed
760 737 1005 794 devictus
1031 736 1264 810 ignobili
1290 745 1480 802 morte⁸
1500 737 1758 793 occubuit
1780 736 1962 810 (2218
1990 751 2143 808 sqq.;
2177 741 2377 804 36,30).
2408 737 2600 809 Neque

115 824 295 881 felicior
318 825 424 881 fuit
449 827 564 882 eius
591 825 740 881 filius
769 833 823 881 et
849 840 1134 881 successor
1159 825 1461 880 Ieclconias
1491 824 1787 898 (Ioacbin),
1824 825 1918 896 qui
1956 832 2079 894 post
2106 831 2219 880 tres
2246 839 2461 880 mensos
2489 825 2599 880 iam

113 928 218 966 eum
251 913 443 969 robore
486 913 688 969 civium
728 913 786 968 in
813 911 1148 968 chaldaeam
1175 910 1448 968 abductus
1486 926 1860 968 successorem
1897 909 2088 967 habuit
2128 919 2384 982 patruum
2412 926 2593 978 suum,

113 999 308 1056 tertium
345 1001 522 1056 Iosiae
557 999 751 1069 filium,
779 1000 1095 1066 Sedeeiam,
1123 999 1278 1056 cuius
1309 1002 1895 1072 regnum-(597.·586.)
1933 999 2192 1054 continua
2230 1007 2349 1054 erat
2376 999 2590 1070 agonia.

114 1088 301 1142 Incerto
327 1087 712 1159 imbecilloque
739 1086 922 1143 animo
949 1087 1174 1143 consilia
1211 1103 1428 1159 semper
1455 1087 1716 1157 mutavit;
1760 1086 2025 1143 Ieremiae
2067 1087 2257 1159 iugum
2287 1084 2596 1142 Chaldaeo—

113 1189 214 1228 rum
238 1176 415 1246 quiete
443 1173 833 1246 perferendum
855 1189 972 1230 esse
1003 1174 1252 1230 monenti
1271 1175 1293 1208 ²
1321 1173 1702 1244 obtemperare
1728 1173 1924 1241 noluit,
1958 1189 2140 1245 neque
2167 1182 2355 1229 tamen
2380 1173 2597 1230 seditio-

110 1277 214 1316 nem
239 1271 420 1333 aperte
449 1277 674 1318 movere
715 1277 882 1318 ausus
914 1271 1015 1330 est,
1047 1261 1224 1318 donec
1253 1277 1305 1318 a.
1348 1268 1399 1317 8.
1433 1262 1519 1317 vel
1548 1268 1600 1316 9.
1641 1261 1801 1332 regni
1835 1261 1923 1316 sui
1958 1260 2357 1333 Aegyptiorum
2396 1261 2598 1317 auxilio

111 1347 255 1404 fretus
274 1365 304 1404 a
328 1349 842 1406 Nabuchodonosor
861 1349 1078 1406 defecit.
1105 1349 1212 1407 Sed
1239 1346 1501 1406 Chaldaei
1523 1356 1873 1406 accurrentes
1900 1347 2127 1420 reliquis
2146 1347 2489 1404 Palaestinae
2516 1347 2597 1403 ci-

112 1436 332 1492 vitatibus
357 1438 684 1510 expugnatis
711 1435 1046 1493 obsederunt
1085 1437 1404 1494 Ierusalem.
1451 1435 1686 1493 Duobus
1722 1435 1881 1492 annis
1906 1434 2137 1492 duravit
2170 1434 2440 1504 obsessio,
2487 1449 2597 1506 quo

109 1531 326 1594 tempore
347 1525 604 1582 sedecias
629 1541 756 1580 mox
783 1523 1085 1597 prophetae
1107 1541 1301 1596 preces
1335 1533 1392 1582 et
1432 1525 1660 1581 consilia
1704 1523 1962 1595 expetivit
2008 1523 2150 1594 (21,1
2196 1538 2351 1596 sqq.;
2389 1528 2591 1593 87,17),

111 1625 216 1666 mox
253 1627 376 1668 eum
413 1613 1277 1688 persecutionibus-inimicorum
1325 1612 1439 1668 eius
1484 1611 1705 1683 reliquit
1734 1612 1905 1680 (3⁷,1t
1942 1625 2097 1683 sqq.;
2143 1615 2265 1678 38,1
2300 1612 2471 1683 sqq).
2512 1614 2593 1666 Ita

111 1700 284 1754 carceri
311 1701 558 1756 inclusus
585 1708 702 1756 crat
733 1701 1018 1770 Ieremias,
1050 1699 1274 1773 quando
1295 1715 1372 1756 m.
1404 1705 1458 1755 4.
1491 1715 1544 1756 a.
1580 1707 1667 1756 11.
1700 1699 1959 1756 Sedeciae
1986 1699 2119 1754 urbs
2140 1706 2330 1754 sancta
2366 1714 2398 1754 a
2426 1698 2593 1754 Chal-

110 1785 236 1842 daeis
259 1797 416 1859 mpta
449 1797 552 1843 est.

169 1937 220 1994 3.
245 1969 318 1980 —
338 1939 493 1998 Post
520 1938 693 1998 urbis
718 1937 1016 2016 regnique
1047 1936 1563 2008 destructionem,
1598 1953 1787 2015 quam
1820 1933 2080 1996 Threnis
2113 1934 2383 2015 planxit,
2423 1936 2589 1996 Iere-

107 2031 237 2090 mias
263 2032 650 2094 contribules
690 2051 838 2094 suos
879 2051 1005 2093 non
1035 2033 1313 2111 reliquit.
1347 2032 1526 2110 Apud
1563 2049 1872 2112 pauperes
1912 2033 1977 2092 in
2008 2031 2361 2092 Palaestina
2394 2047 2591 2092 rema-

107 2143 236 2186 nens
281 2127 436 2208 (40st
489 2128 656 2208 sqq.)
703 2146 934 2208 eosque
980 2130 1047 2188 in
1088 2133 1437 2208 Aegyptum
1485 2133 1735 2190 secutus
1778 2143 2037 2189 munere
2088 2144 2201 2188 suo
2246 2128 2416 2206 fungi
2464 2144 2589 2188 non

107 2225 358 2285 cessavit.
392 2227 486 2286 De
513 2226 654 2286 loco
683 2229 744 2286 et
772 2230 1055 2304 tempore
1086 2227 1310 2286 mortis
1340 2226 1470 2286 eius
1499 2224 1659 2285 nihil
1688 2225 1843 2284 certi
1870 2229 1965 2284 est
1992 2223 2317 2284 traditum.

163 2345 428 2403 Facultate
459 2357 712 2419 accepta,
743 2356 803 2403 ut
845 2355 940 2402 aut
985 2361 1116 2403 cum
1155 2345 1432 2403 exsulibus
1459 2346 1516 2401 in
1546 2345 1881 2404 chaldaeam
1920 2345 2368 2418 transmigraret,
2399 2354 2495 2401 aut
2529 2345 2586 2402 in

105 2431 378 2490 Palaestina
407 2442 750 2502 remaneret,
799 2434 1061 2490 Ieremias
1101 2433 1246 2505 apud
1286 2448 1581 2505 pauperes,
1623 2442 1685 2488 nt
1726 2448 1821 2488 eos
1861 2433 2255 2502 consolaretur,
2302 2447 2589 2489 remanere

107 2518 296 2586 maluit;
326 2521 422 2577 sed
455 2521 659 2590 relicti,
693 2536 862 2592 quum
889 2522 1169 2591 timerent,
1206 2537 1275 2576 ne
1303 2521 1406 2591 ipsi
1432 2535 1652 2592 quoque
1688 2521 1747 2576 iu
1778 2519 2113 2577 chaldaeam
2144 2527 2589 2592 transportaren-

105 2613 196 2671 tur,
218 2616 400 2664 contra
441 2609 560 2664 eius
595 2608 882 2664 consilium
923 2609 980 2664 in
1020 2612 1331 2681 Aegyptum
1374 2607 1637 2680 fugerunt
1674 2623 1909 2679 eumque
1953 2615 2270 2679 coegerunt,
2300 2615 2361 2662 ut
2401 2623 2590 2664 secum

106 2693 517 2762 proficisceretur
545 2700 895 2765 (40,7-43,7).
927 2697 1146 2752 Muneri
1181 2702 1368 2752 autem
1395 2709 1494 2751 suo
1532 2696 1591 2750 in
1619 2695 1792 2750 aliena
1833 2703 1981 2751 terra
2007 2709 2121 2750 non
2146 2692 2350 2762 defuit3
2385 2695 2587 2750 etenim

105 2781 376 2838 netdtimis
404 2782 630 2855 quidem
675 2783 1080 2840 calamitatibus
1109 2781 1302 2840 Iudaei
1331 2781 1398 2838 ad
1441 2782 1729 2838 meliorem
1764 2781 1984 2854 frugem
2020 2790 2178 2837 erant
2211 2780 2451 2850 reducti,
2490 2781 2587 2838 sed

105 2881 225 2924 noro
239 2884 360 2926 eum
389 2868 592 2926 ardore
610 2885 728 2927 sese
752 2870 1024 2928 dederunt
1047 2870 1419 2938 idololatriae,
1441 2883 1611 2942 quare
1626 2869 1785 2946 novis
1811 2868 2002 2941 poenis
2024 2867 2319 2941 praedictis
2346 2884 2441 2924 eos
2463 2884 2589 2940 pro-

107 2953 244 3021 pheta
269 2955 564 3017 emendare
589 2957 800 3014 studuit
831 2957 1204 3025 (43,8-44,30).
1236 2957 1502 3014 vaticinia
1529 2958 1665 3014 baec
1691 2957 1875 3029 paucis
1903 2955 2061 3013 annis
2082 2965 2208 3026 post
2229 2955 2381 3012 urbis
2404 2957 2585 3012 interi-

105 3047 202 3098 tum
223 3045 561 3118 promulgata
586 3045 895 3117 prophetici
919 3047 1035 3102 eius
1061 3047 1306 3102 muneris
1335 3045 1531 3102 ultima
1548 3053 1677 3102 sunt
1704 3043 2053 3101 documenta.
2074 3042 2583 3107 Secundumdncer-

105 3135 200 3184 tam
223 3132 459 3203 aliquam
496 3132 882 3200 traditionem,
906 3149 1046 3204 quae
1083 3138 1270 3189 exPS.
1299 3133 1634 3205 Epiphanio
1674 3130 1763 3205 (de
1786 3132 1925 3188 vitis
1960 3131 2157 3203 proph.
2188 3136 2265 3199 8.)
2295 3141 2351 3188 et
2376 3133 2433 3189 S.
2472 3135 2581 3188 Isi-

105 3215 228 3271 doro
253 3221 421 3293 Hisp.
453 3220 544 3288 (de
572 3220 742 3278 Obitu
767 3223 994 3277 Patrum
1031 3225 1142 3288 38.)
1169 3221 1225 3277 in
1253 3221 1707 3293 martyrologium
1739 3223 1904 3276 Rom.
1938 3218 2047 3286 (die
2080 3211 2133 3275 1.
2170 3219 2320 3287 Maii)
2347 3221 2585 3288 transiit,

104 3302 318 3374 Taphnis
343 3308 400 3363 in
417 3312 668 3382 Aegypto
691 3323 724 3364 a
753 3306 970 3364 Iudaeis
992 3307 1266 3380 lapidatus
1285 3319 1395 3375 est3
1428 3307 1732 3364 secundum
1762 3307 1931 3364 aliam
1969 3306 2301 3364 Iudaeorum
2328 3307 2585 3364 traditio-

105 3403 210 3446 nem
235 3394 420 3460 (Seder
449 3397 614 3456 olam
650 3396 820 3452 rabba
861 3401 950 3464 26)
987 3411 1019 3452 a
1067 3395 1597 3465 Nabuchodonosor,
1638 3397 1731 3466 qui
1768 3401 1857 3450 2⁷.
1890 3411 2035 3451 anno
2070 3395 2228 3466 regni
2252 3395 2337 3450 sui
2374 3399 2585 3468 Aegyp-

104 3483 201 3533 tum
221 3483 568 3554 expugnavit,
583 3483 644 3550 in
667 3482 1024 3555 Babyloniam
1053 3483 1323 3540 adductus
1350 3482 1535 3554 ibique
1552 3492 1802 3538 mortuus
1825 3491 1924 3538 est.
1957 3482 2321 3538 verisimilius
2344 3497 2462 3539 esse
2490 3499 2583 3539 ar-

105 3561 361 3638 bitramur,
393 3569 724 3642 prophetam
751 3585 925 3643 usque
954 3570 1025 3626 ad
1052 3569 1295 3627 medium
1323 3571 1549 3627 circiter
1578 3571 1860 3638 exsilium,
1888 3570 1927 3626 i.
1967 3585 2017 3626 e.
2047 3585 2225 3642 usque
2252 3568 2323 3626 ad
2350 3587 2583 3643 regnum

105 3651 489 3714 Evilmerodach
539 3657 872 3728 (562,·560.),
918 3658 1084 3714 vitam
1130 3658 1491 3731 protraxisse,
1523 3673 1623 3714 cur
1651 3659 1798 3712 enim
1839 3656 2097 3714 ultimum
2133 3657 2259 3714 libri
2299 3667 2463 3729 caput
2490 3649 2607 3714 aut*

106 3738 252 3796 ultimi
277 3744 392 3799 eius
409 3759 603 3800 versus
630 3748 764 3812 (let.
792 3751 1076 3813 52,31-34)
1102 3761 1132 3800 a
1161 3745 1373 3801 iuniore
1405 3761 1575 3801 manu
1602 3743 1745 3802 libro
1773 3745 2074 3816 prophetae
2108 3743 2283 3802 additi
2307 3745 2579 3812 dicantur,

105 3826 346 3887 sufficiens
371 3848 486 3888 nou
527 3831 760 3900 assei-tm=
781 3832 940 3895 ratio.

159 3915 363 3974 Praeter
409 3919 796 3984 vaticiniorum
851 3921 1230 3978 collectionem
1276 3925 1328 3988 (e
1380 3920 1674 3991 Prophetia
1721 3921 1987 3977 Ieremiae
2040 3920 2091 3992 n)
2145 3919 2307 3976 nobis
2362 3920 2582 3991 reliquit

102 3999 320 4061 Threnos
361 4005 431 4062 de
459 4008 654 4077 templi
688 4016 745 4063 et
783 4007 936 4072 urbis
971 4008 1185 4065 excidio
1225 4013 1274 4076 (c
1313 4009 1762 4065 Lamentationes
1798 4008 2063 4064 Ieremiae
2099 4008 2397 4079 prophetae
2437 4012 2487 4074 n)
2525 4015 2583 4062 et

104 4086 358 4156 epistolam
384 4093 458 4150 ad
494 4094 710 4151 exsules
736 4093 806 4150 de
837 4093 1147 4158 idololatria
1176 4100 1228 4164 (ι
1254 4096 1496 4167 Epistola
1526 4096 1795 4153 Ieremiae
1824 4116 1851 4146 a»
1877 4099 2021 4151 Bar.
2048 4100 2145 4161 6.).
2179 4093 2413 4164 Thrcni,
2443 4109 2583 4166 quos

105 4171 158 4228 de
181 4187 344 4236 morte
370 4182 548 4238 losiae
576 4193 958 4254 composuerat
986 4183 1040 4256 (2
1070 4189 1214 4240 Par.
1245 4183 1449 4256 3535),
1480 4183 1639 4240 nobis
1672 4199 1788 4240 non
1818 4191 1945 4240 sunt
1972 4181 2295 4240 conservati.

151 4341 331 4404 (2311er.
363 4351 491 4407 27,1.
527 4349 625 4398 Pro
655 4365 680 4396 α
711 4347 764 4398 ἰιι
798 4349 1045 4416 principio
1080 4349 1221 4412 regni
1252 4349 1462 4402 Ioakim
1497 4367 1522 4398 n
1564 4349 1826 4412 legendum
1860 4362 1968 4400 esse
2008 4367 2033 4392 ι
2070 4347 2124 4398 in
2159 4347 2404 4412 principio
2439 4349 2579 4412 regni

105 4419 322 4474 sedeciae
349 4445 374 4470 n
404 4426 599 4491 integra
629 4426 858 4492 pericope
881 4427 1052 4488 docet,
1081 4429 1159 4479 uti
1191 4431 1324 4480 recte
1359 4432 1529 4480 monet
1555 4430 1778 4480 calmet.
1810 4429 1863 4490 (i.
1902 4427 1955 4477 h.
1986 4427 2061 4491 l.),
2096 4439 2317 4492 quocum
2348 4427 2580 4479 moderni

103 4495 303 4564 Plerique
327 4504 382 4554 in
410 4505 506 4556 hoc
530 4506 644 4557 loco
671 4519 889 4558 errorem
918 4507 1114 4560 librarii
1143 4508 1436 4560 admittunt.
