3050 5184
440 285 555 343 576
598 300 673 344 ΠΕ
714 301 853 344 Novl
898 297 1066 343 TEST.
1114 297 1305 342 Llssms
1342 297 1694 342 DlnAcrlcis.
1732 315 1806 324 -
1837 297 1964 340 cn.
1997 297 2068 340 11.
2107 295 2186 339 ΒΕ
2227 295 2407 340 ErlsT.
2453 293 2621 337 mum
2657 291 2898 335 slsecms.

430 432 600 498 mine,
630 432 711 486 uti
740 431 983 502 reliquae
1004 431 1279 502 paulinae,
1304 430 1362 486 in
1390 429 1646 486 omnibus
1675 430 1916 486 ecclesiis
1943 429 2171 499 allegari
2197 435 2428 497 coeptae
2455 434 2604 492 sunt3
2633 425 2686 480 in
2703 427 2904 494 Fraqm.

430 523 656 575 Murat.
696 533 887 574 omnes
925 527 1037 574 tres
1075 526 1462 584 recensentur;
1506 517 1911 574 Tertullianus
1952 521 2022 582 (c.
2063 518 2238 572 Marc.
2277 517 2348 570 V.
2381 519 2474 581 21}
2509 514 2756 578 miratur,
2792 512 2907 582 quod

432 607 680 662 Marcion
696 649 709 674 ‚
734 607 985 677 quamvis
1009 607 1298 676 epistolam
1318 605 1390 662 ad
1410 606 1646 662 Philem.
1671 603 1968 675 receperit,
1993 612 2108 660 tres
2131 601 2440 675 pastorales
2459 601 2728 668 reiecerit;
2751 600 2801 656 S.
2827 603 2908 654 Ire·

434 709 613 749 naeus
646 709 842 750 omncs
869 703 981 749 tres
1010 694 1329 766 frequenter
1356 693 1613 760 adhibet,
1647 701 1814 764 atque
1841 691 2042 747 eodem
2069 689 2260 759 modo,
2291 705 2403 762 quo
2427 689 2664 760 reliquis,
2696 688 2758 742 iis
2781 697 2906 741 utun-

432 789 541 848 tur,
573 782 745 837 immo
774 797 867 836 eas
896 782 1240 852 explicarunt
1280 782 1542 838 Clemens
1573 781 1751 836 Alex.
1783 789 1840 835 et
1877 783 2186 851 Oriqenes,·
2216 779 2490 850 syriacam
2519 777 2740 832 demum
2774 784 2824 830 et
2845 791 2908 830 eo·

434 869 641 940 pticam
670 869 931 925 ecclesias
954 870 1011 924 in
1038 885 1251 925 canone
1280 884 1375 924 eas
1406 869 1692 938 habuisse,
1724 867 1927 923 docent
1952 881 2148 922 earum
2175 867 2472 922 versiones,

512 1020 571 1077 2.
590 1053 669 1061 —
686 1019 1204 1080 Adversariorum
1228 1019 1617 1079 obiectiones
1645 1023 1862 1078 contra
1885 1017 2298 1094 epistolarum
2325 1015 2710 1076 authentiam
2738 1013 2915 1092 partim

436 1118 581 1174 sunt
616 1114 1065 1192 philologicae,
1104 1115 1334 1192 partim
1376 1115 1746 1186 historicae,
1782 1114 2010 1192 partim
2049 1113 2552 1190 chronologicae;
2585 1116 2652 1170 at
2689 1111 2914 1189 philolo·

434 1209 607 1286 gicae
636 1210 981 1288 disparent,
1016 1211 1069 1270 si
1098 1209 1367 1271 Paulum
1406 1212 1471 1270 in
1500 1211 1600 1271 his
1627 1210 1909 1287 epistolis
1935 1210 2014 1270 de
2035 1209 2284 1270 diverso
2311 1209 2570 1268 omnino
2595 1213 2916 1286 argumento

436 1307 611 1383 loqui
649 1311 716 1367 et
743 1307 1065 1368 diversum
1104 1308 1295 1367 finem
1334 1324 1483 1384 prae
1522 1307 1721 1367 oculis
1764 1307 1994 1366 hahere
2036 1305 2416 1378 attenditur3
2443 1305 2774 1365 historicae
2799 1306 2916 1381 peti-

435 1403 593 1463 tioni
623 1404 917 1482 principii
946 1403 1329 1474 innituntur;
1358 1403 1835 1480 chronologicae
1851 1403 2118 1462 ‘demum
2149 1417 2406 1462 erronee
2437 1400 2916 1480 supponunt,epi-

436 1500 625 1561 stolas
649 1501 913 1578 scriptas
944 1517 1079 1560 esse
1110 1504 1251 1560 ante
1277 1501 1465 1559 finem
1495 1499 1667 1559 illius
1693 1498 2069 1575 captivitatis
2094 1498 2410 1576 Apostoli,
2436 1497 2514 1557 de
2545 1515 2672 1576 qua
2691 1497 2919 1573 loquitur

437 1597 629 1657 Lucas
658 1597 723 1656 in
749 1598 1031 1658 Actibus

506 1697 652 1747 Ante
670 1691 889 1747 initium
916 1691 1091 1746 nostri
1115 1691 1318 1747 saeculi
1346 1691 1416 1747 de
1436 1691 1721 1747 authentia
1750 1690 2114 1762 epistolarum
2131 1690 2492 1762 pastoralium
2511 1689 2816 1747 dubitatum
2837 1703 2920 1744 non

436 1789 547 1846 est,
580 1788 873 1850 postquam
899 1788 1087 1834 autem
1110 1779 1588 1836 Schleiermacher
1615 1795 1666 1835 a.
1699 1785 1854 1834 1807.
1881 1779 2121 1848 priorem
2137 1777 2211 1834 ad
2235 1779 2378 1833 Tim.
2403 1775 2736 1834 addubitare
2761 1775 2916 1847 coepit,

438 1865 601 1922 hodie
628 1882 695 1922 eo
722 1883 813 1924 res
835 1867 1109 1937 pervenit,
1136 1875 1201 1922 ut
1228 1867 1610 1939 protestantici
1633 1867 1962 1938 interpretes
1993 1867 2054 1920 in
2080 1865 2231 1922 varia
2267 1874 2448 1922 castra
2485 1865 2709 1922 inimica
2741 1867 2836 1920 sint
2855 1863 2918 1918 di-

438 1956 556 2022 visi,
584 1954 703 2010 aliis
730 1970 921 2010 omnes
940 1963 1053 2010 tres
1076 1955 1447 2012 reficientibus
1464 1997 1479 2022 ‚
1508 1955 1632 2010 aliis
1659 1969 1830 2010 unam
1853 1955 2154 2009 alteramve
2183 1953 2614 2025 recipientibuS,
2641 1954 2758 2010 aliis
2771 1967 2921 2010 omnes

366 2105 375 2114 ,
436 2052 550 2098 tres
590 2043 1041 2115 agnoscentibus;
1075 2043 1253 2100 varias
1288 2058 1481 2098 eorum
1519 2042 1820 2098 sententias
1855 2056 2144 2097 recensere
2191 2057 2392 2112 operae
2431 2041 2680 2111 pretium
2713 2057 2816 2100 non
2835 2048 2918 2102 εἰς

436 2131 772 2186 obiectiones
791 2173 806 2200 ,
839 2146 981 2202 quae
1008 2140 1203 2186 contra
1226 2146 1419 2186 omnes
1447 2131 1613 2185 simul
1645 2119 2016 2198 proferuntur,
2049 2129 2282 2184 examini
2320 2128 2621 2186 subiecisse
2649 2129 2848 2186 suflicit.

506 2222 589 2283 a.)
620 2217 804 2273 Haud
826 2235 1024 2290 parum
1050 2219 1218 2291 igitur
1244 2223 1511 2274 asserunt
1543 2219 1816 2287 linquam
1847 2217 2182 2290 stylumque
2203 2217 2624 2290 pastoralium
2643 2235 2686 2274 a
2703 2221 2920 2274 consueto

435 2305 679 2362 dicendi
701 2311 760 2361 et
788 2306 1257 2378 arqumentandi
1283 2306 1459 2361 modo
1490 2305 1546 2360 S.
1579 2305 1756 2360 Pauli
1778 2303 2125 2373 dissentire,·
2155 2313 2321 2376 atque
2349 2307 2681 2376 praeprimis
2717 2313 2918 2362 monent,

436 2409 605 2463 quam
626 2394 861 2463 plurima
884 2409 1004 2448 esse
1030 2394 1087 2448 in
1118 2394 1226 2448 illis
1258 2392 1383 2455 ἅπαξ
1409 2393 1692 2464 λεγόμενα,
1725 2391 1820 2447 illa
1859 2408 1990 2447 vero
2021 2391 2314 2460 vocabula,
2346 2393 2548 2464 quibus
2587 2393 2920 2466 Apostolusin

435 2479 558 2535 aliis
586 2479 833 2551 epistolis
858 2480 1178 2553 frequenter
1202 2482 1396 2548 utitur,
1430 2479 1488 2534 in
1516 2481 1722 2535 nostris
1749 2495 1863 2534 non
1891 2480 2142 2550 reperiri.
2175 2481 2276 2536 Cui
2303 2480 2602 2538 obiectioni
2625 2491 2768 2538 recte
2786 2495 2920 2552 oppo-

433 2569 605 2634 nitur,
632 2568 691 2623 in
716 2567 973 2624 omnibus
1001 2569 1245 2640 epistolis
1276 2567 1586 2639 frequentia
1613 2583 1734 2623 esse
1758 2567 1882 2628 ἅπαξ
1909 2567 2162 2638 λεγόμενα
2185 2567 2264 2634 (in
2281 2581 2369 2639 ep.
2405 2567 2478 2624 ad
2499 2569 2633 2625 Gal.
2667 2585 2920 2625 numeran-

434 2664 525 2712 tur
550 2656 673 2725 plus
700 2661 799 2722 50,
829 2657 886 2710 in
914 2655 1153 2728 Philipp.
1184 2662 1251 2712 54
1270 2697 1285 2723 ,
1312 2656 1373 2710 in
1396 2654 1612 2710 duabus
1639 2654 1710 2710 ad
1737 2655 1853 2710 Col.
1889 2663 1946 2710 et
1973 2655 2112 2726 Eph.
2141 2661 2242 2712 140
2269 2656 2422 2724 etc.),
2449 2672 2639 2728 neque
2663 2660 2816 2714 aliter
2837 2655 2923 2710 lieri

434 2743 703 2814 potuisse,
733 2742 863 2814 quia
892 2743 963 2800 de
992 2743 1223 2799 diversis
1246 2744 1415 2799 rebus
1440 2743 1678 2814 loquens
1705 2741 1922 2798 diversa
1951 2741 2218 2799 vocabula
2246 2745 2546 2814 Apostolus
2573 2745 2829 2802 adhihere
2849 2743 2920 2798 dr-

436 2831 573 2887 buit.
602 2835 785 2902 Atque
800 2830 1226 2902 argumentandi
1254 2831 1396 2886 ratio
1426 2829 1676 2901 Apostoli
1705 2831 1876 2886 etiam
1905 2833 2214 2886 necessario
2238 2830 2516 2902 dependet
2543 2833 2620 2888 ab
2643 2839 2921 2907 argumento

431 2927 689 2988 tractato,
716 2934 749 2975 a
773 2919 885 2974 line
910 2919 1145 2984 intento,
1175 2935 1207 2974 a
1236 2919 1503 2990 personis,
1536 2917 1732 2989 quibus
1760 2917 1968 2974 scribit.
1999 2919 2147 2974 Num
2175 2916 2318 2974 forte
2347 2918 2546 2976 eadem
2581 2922 2818 2988 ratione,
2843 2935 2918 2990 qua

431 3007 655 3062 Galatas
682 3015 875 3062 contra
906 3005 1308 3062 iudaizantium
1340 3020 1560 3061 errores
1591 3006 1986 3076 praemunivit,
2019 3013 2116 3061 aut
2149 3006 2566 3064 Corinthiorum
2606 3008 2840 3066 defectus
2857 3009 2920 3060 in-

430 3096 700 3164 crepavit,
732 3101 831 3150 aut
850 3094 1118 3150 Romanis
1146 3109 1309 3148 suum
1324 3092 1690 3164 Evangelium
1715 3094 1998 3164 exposuit,
2021 3093 2148 3148 Tito
2171 3101 2229 3149 ct
2245 3095 2539 3150 Timotheo
2571 3095 2756 3154 officia
2783 3103 2922 3167 pasto·

432 3180 567 3252 ralia
594 3181 985 3237 commendare
1014 3181 1227 3251 potuit?
1255 3182 1515 3236 Ceterum
1540 3178 1830 3236 diversitas
1853 3179 2108 3237 dictionis
2139 3190 2195 3236 et
2225 3185 2725 3252 argumentationis
2759 3185 2920 3240 mirum

432 3271 489 3324 in
515 3267 745 3323 modum
763 3277 1156 3342 exaggeratum
1186 3267 1434 3338 profecto
1461 3265 1806 3324 alexandrini
1827 3269 2040 3336 PatreS,
2070 3269 2166 3340 qui
2194 3269 2484 3339 epistolam
2507 3271 2583 3327 ad
2618 3273 2786 3328 Hebr.
2815 3270 2922 3341 stfio

431 3364 490 3411 et
510 3357 985 3427 argumentatione
1004 3357 1073 3412 ab
1103 3357 1221 3412 aliis
1252 3355 1485 3426 paulinis
1509 3354 1734 3410 differre
1767 3355 2052 3426 viderunt,
2083 3355 2286 3427 aliique
2323 3359 2488 3414 multi
2513 3360 2761 3416 iuniores
2785 3360 2922 3413 inter-

434 3450 643 3515 pretes,
672 3443 767 3514 qui
795 3444 1013 3516 linguae
1036 3459 1266 3516 graecae
1291 3441 1519 3498 scientia
1554 3443 1950 3510 excelluerunt,
1971 3443 2346 3500 diversitatem
2373 3445 2544 3515 illam,
2571 3463 2746 3520 quam
2771 3446 2924 3500 volunt

431 3529 763 3598 adversarii,
790 3546 904 3585 non
932 3531 1277 3586 detexerunt.

504 3619 583 3685 b.)
610 3621 693 3674 De
714 3619 1018 3675 historicis
1048 3619 1474 3674 obiectionibus
1506 3618 1592 3672 vix
1622 3633 1762 3687 opus
1786 3627 1870 3673 est
1897 3617 2110 3689 dicere,
2139 3637 2312 3692 quum
2349 3620 2410 3677 id
2435 3632 2782 3694 supponant,
2805 3617 2922 3694 quod

432 3706 781 3778 probandum
810 3714 921 3774 θεῖς
952 3706 1012 3761 in
1040 3706 1405 3776 pastoralibus
1428 3705 1578 3760 enim
1607 3704 1760 3759 aiunt
1783 3704 2190 3764 hierarchicam
2215 3709 2578 3766 ecclesiarum
2609 3711 2921 3768 constitutio-

430 3811 557 3850 nem
596 3795 854 3865 reperiri,
889 3810 1029 3866 quae
1052 3793 1354 3865 apostolica
1386 3801 1567 3848 aetate
1601 3792 1674 3846 sit
1709 3793 2003 3862 recentior,
2027 3793 2282 3852 haereses
2303 3798 2640 3871 impugnari,
2669 3815 2806 3870 quae
2829 3805 2922 3868 post

434 3881 585 3937 Pauli
612 3891 847 3938 mortem
874 3881 984 3938 sint
1012 3890 1253 3948 exortae,
1274 3896 1339 3938 ea
1363 3879 1609 3950 demum,
1635 3895 1778 3950 quae
1807 3878 1877 3937 de
1907 3881 2086 3937 viduis
2109 3881 2372 3940 dicuntur
2399 3889 2450 3952 (1
2489 3889 2637 3942 Tim.
2667 3893 2763 3954 5,9
2783 3887 2917 3955 sqq.'.

430 3969 665 4038 tempori
704 3971 1099 4040 Apostolorum
1126 3985 1241 4024 non
1268 3969 1580 4024 convenire.
1608 3966 1714 4023 Sed
1746 3967 2087 4025 hierarchica
2115 3972 2506 4028 constitutione
2547 3974 2800 4030 ecclesias
2835 3987 2918 4026 non

430 4056 697 4124 caruisse,
743 4073 855 4112 non
900 4065 1115 4112 tantum
1160 4061 1332 4112 Actus
1378 4059 1485 4126 (6,1
1535 4071 1681 4127 sqq.;
1736 4061 1926 4125 14,22;
1971 4062 2096 4126 15‚e
2137 4063 2288 4126 etc.),
2329 4059 2430 4116 sed
2477 4060 2642 4116 etiam
2691 4059 2920 4132 epistolae

432 4144 682 4212 patiliuae
712 4144 914 4200 docent
951 4145 1129 4210 (Phil.
1179 4151 1295 4212 1,1;
1338 4150 1363 4199 1
1412 4144 1604 4200 Thess.
1635 4147 1764 4210 5,26
1793 4159 1903 4215 sq.;
1935 4147 2099 4202 Rom.
2145 4151 2298 4214 12,8;
2339 4148 2476 4204 Gal.
2502 4154 2598 4217 6,6
2631 4151 2754 4220 etc.)
2783 4157 2918 4216 atque·

434 4233 662 4287 Patrum
688 4232 1123 4303 apostolicorum
1147 4247 1314 4302 opera
1343 4231 1710 4299 confirmant(
1719 4235 1774 4289 S.
1815 4234 1994 4289 Clem.
2026 4237 2189 4289 Rom..
2225 4241 2250 4290 1
2275 4235 2404 4290 Cor.
2433 4243 2532 4304 ⁴23
2553 4241 2610 4293 S.
2643 4241 2827 4311 lqnat.
2853 4237 2914 4289 M.

430 4317 501 4374 ad
538 4317 682 4389 Eph.
714 4326 766 4375 3.
802 4327 833 4374 4
870 4323 1018 4385 etc.).
1047 4321 1131 4374 De
1160 4319 1447 4376 haereticis
1488 4323 1822 4392 apostolicae
1857 4322 2054 4378 aetatis
2091 4321 2140 4394 (5
2166 4329 2256 4391 3‚3
2289 4339 2342 4394 p.
2373 4329 2499 4390 536)
2535 4325 2646 4380 iam
2683 4323 2914 4379 diximus:

429 4421 539 4476 quo
562 4416 890 4479 argumento
920 4405 1151 4478 probare
1177 4407 1348 4464 velint
1374 4407 1707 4479 adversarii,
1737 4410 1912 4481 prima
1942 4409 2284 4482 gnosticismi
2309 4411 2522 4466 semina
2549 4421 2792 4484 tempore
2812 4423 2916 4480 apo·

430 4493 625 4550 stolico
658 4511 771 4550 non
810 4510 927 4550 csse
958 4511 1179 4564 sparsa,
1206 4511 1371 4552 nemo
1403 4495 1622 4553 dixerit.
1661 4499 1818 4568 Quae
1847 4497 2076 4554 demum
2107 4497 2177 4554 de
2215 4497 2392 4554 viduis
2427 4499 2700 4568 dicuntur,
2733 4499 2916 4554 nnllam

434 4593 653 4648 prorsus
690 4590 879 4638 creant
916 4581 1329 4652 difficultatem,
1362 4599 1463 4640 nec
1492 4585 1833 4657 intelligitur,
1863 4585 1936 4642 ad
1975 4585 2108 4658 quid
2140 4585 2199 4641 in
2229 4585 2332 4644 hac
2361 4589 2677 4658 quaestione
2705 4585 2912 4642 afleran-
