3050 5184
457 290 576 349 202
655 306 729 349 DE
770 306 910 350 vm.
959 304 1208 352 TESTAM.
1255 303 1444 348 Llnms
1485 303 1842 348 fllsromcIS.
1890 321 1969 331 -·
2008 305 2139 350 cAP.
2184 307 2230 351 1.
2274 307 2351 352 ΒΕ
2390 275 2833 352 rsuram-fucum

459 437 820 516 fragmentis
843 443 951 500 aut
975 437 1373 500 documentis
1409 435 1749 509 coaluerit,
1782 453 1943 514 quae
1970 437 2111 516 ipsa
2147 440 2451 518 pleraque
2484 440 2614 500 sint
2652 439 2857 516 Moyse
2890 453 2981 496 re-

460 535 740 596 centiora
775 551 1172 613 quorumque
1212 533 1566 612 particulae
1607 534 1801 593 etiam
1839 534 1905 592 in
1946 534 2009 594 ll.
2054 537 2266 610 Iosue,
2299 536 2618 608 Iudicum,
2660 535 2853 594 immo
2880 533 2979 592 Sa-

461 631 630 691 muel
677 636 740 692 et
783 635 1056 710 Regum,
1093 629 1669 708 deprehendantur.
1704 630 2102 709 Quapropter
2132 636 2204 692 ut
2240 631 2647 693 Pentateuchi
2686 629 2984 692 authentia

462 728 646 805 plene
666 727 1038 799 vindicetur,
1063 726 1514 804 inquirendum
1534 730 1660 797 est,
1691 725 1846 806 quid
1875 727 1954 788 de
1984 729 2197 806 operis
2224 729 2464 789 unitate
2495 729 2579 788 sit
2606 726 2983 789 sentiendum

463 829 526 883 et
556 841 680 903 quo
711 842 856 884 cum
888 824 1024 883 iure
1056 823 1209 884 illud
1240 823 1424 884 variis
1457 822 1857 884 documentis
1887 825 2311 902 compositum
2343 825 2609 886 dicatur.

531 954 786 1010 Positivis
811 962 1000 1011 tamen
1023 957 1362 1028 argumentis
1383 953 1657 1011 unitatem
1680 955 2065 1011 demonstrare
2094 971 2235 1028 opus
2264 971 2379 1012 non
2407 964 2521 1024 est;
2555 970 2798 1027 namque
2825 970 2856 1009 a
2883 953 2989 1024 plus

461 1041 637 1098 tribus
664 1041 909 1099 millibus
939 1057 1216 1099 annorum
1247 1057 1470 1111 omnes,
1495 1051 1777 1115 quotquot
1800 1041 2049 1098 divinam
2084 1042 2481 1100 revelationem
2506 1051 2879 1115 agnoverunt,
2908 1043 2991 1098 lu-

462 1130 588 1186 daei
614 1138 672 1186 et
701 1129 1026 1200 Christiani,
1061 1145 1235 1186 unum
1256 1138 1315 1186 et
1339 1130 1683 1202 completum
1716 1145 1856 1202 opus
1882 1146 2003 1186 esse
2038 1129 2481 1188 pentateuchum
2511 1128 2741 1202 profess·
2770 1136 2923 1190 sunu
2944 1128 2991 1181 in

466 1218 805 1289 possessione
831 1218 1002 1291 igitur
1023 1231 1242 1287 summ,
1273 1225 1440 1290 atque
1472 1217 1922 1274 adversariorum
1955 1226 2040 1275 est
2062 1218 2256 1274 titulos
2276 1218 2759 1291 instrumentaque
2788 1217 2991 1278 afferre,

465 1305 664 1378 quibus
688 1306 950 1362 iniustam
973 1321 1092 1363 esse
1120 1305 1524 1378 possessionem
1549 1315 1803 1363 nostram
1825 1305 2226 1364 demonstrent.
2256 1307 2520 1362 Ceterum
2546 1321 2609 1362 ea
2634 1305 2845 1374 unitaS,
2870 1318 2995 1375 quae

465 1394 522 1449 in
549 1409 714 1465 opere
751 1394 996 1468 quodam
1033 1393 1296 1451 historico
1333 1402 1390 1450 et
1422 1394 1729 1467 legislativo
1757 1394 2080 1466 requiritur,
2114 1409 2289 1468 quum
2317 1410 2387 1450 ex
2422 1401 2755 1467 argumento
2787 1401 2847 1449 et
2870 1391 2995 1448 divi-

465 1483 618 1538 sione
657 1497 822 1554 supra
864 1481 1122 1554 expositis
1163 1491 1286 1538 tum
1332 1498 1399 1538 ex
1443 1482 1667 1555 linguae
1708 1481 1947 1554 stylique
1988 1482 2379 1540 conformitate
2420 1481 2553 1538 satis
2594 1482 2807 1552 elucet3
2846 1489 2995 1550 atque

467 1569 768 1626 adversarii
787 1571 911 1643 ipsi,
939 1570 1268 1642 quibuscum
1295 1568 1462 1626 hodie
1485 1585 1576 1626 res
1602 1577 1689 1626 est
1714 1569 1945 1643 agenda,
1973 1569 2242 1626 unitatem
2266 1569 2585 1643 quamdam,
2618 1585 2794 1642 quam
2820 1581 2997 1624 eorum

465 1657 703 1714 maiores
729 1666 1093 1730 negaverant,
1126 1658 1274 1713 ultro
1301 1657 1416 1712 iam
1441 1655 1771 1724 concedunt,
1804 1656 2079 1729 siquidem
2112 1679 2139 1710 α
2172 1657 2523 1716 reductorem
2550 1677 2577 1710 ι»
2610 1665 2865 1714 statuunt
2878 1699 2892 1726 ,
2916 1654 2997 1727 qui

467 1745 618 1802 varia
645 1745 978 1802 documenta
1005 1745 1312 1802 secundum
1333 1753 1545 1802 eertum
1567 1745 1737 1802 tinem
1760 1745 1989 1818 elegerit
2010 1754 2067 1802 et
2092 1746 2295 1802 electas
2322 1745 2624 1818 particulas
2650 1743 2995 1816 disposuerit.

545 1925 604 1983 2.
627 1923 765 1982 ·—-I.
790 1923 1072 1984 Primum
1093 1927 1156 1983 et
1176 1923 1589 2002 praecipuum
1602 1922 2105 1996 fundamentum,
2128 1923 2231 1984 cui
2250 1923 2467 1985 omnia
2480 1923 2797 1983 moderna
2822 1925 2999 2000 syste-

467 2023 637 2079 mata
665 2019 744 2079 de
781 2019 1148 2098 fragmentis
1185 2020 1288 2080 vel
1317 2018 1721 2080 documentis
1760 2019 2263 2097 pentateuchicis
2294 2019 2765 2098 distinguendis
2806 2019 3001 2078 inniti·

467 2121 590 2188 tur,
625 2119 720 2176 est
747 2131 1134 2177 mvsasonmt
1161 2131 1440 2177 nonnum
1469 2131 1807 2176 nrvmonuu
1844 2133 2007 2177 usus,
2044 2116 2201 2176 Aliis
2240 2116 2411 2177 enim
2450 2116 2518 2176 in
2555 2116 2879 2176 Geneseos
2906 2131 2999 2192 pe-

467 2211 699 2290 ricopis
729 2229 961 2273 nomen
987 2211 1263 2286 Eloht'm,
1287 2213 1351 2272 in
1381 2213 1523 2273 aliis
1551 2229 1784 2272 nomen
1814 2212 1998 2273 Iahve
2026 2211 2312 2272 adhiberi
2344 2211 2631 2272 videntes
2658 2213 2837 2272 varia
2864 2211 2999 2272 olim

469 2308 782 2368 exstitisse
825 2309 1200 2370 documenta
1244 2310 1710 2381 concluserunt,
1746 2326 1903 2388 quae
1950 2309 2314 2370 nominibus
2362 2309 2502 2369 istis
2550 2308 2827 2369 diversis
2878 2325 2941 2368 se
2974 2326 3003 2364 a

470 2404 734 2464 diversis
764 2405 1176 2484 scriptoribus
1198 2411 1444 2466 exarata
1473 2423 1614 2467 esse
1642 2409 1973 2466 testentur.
2000 2408 2202 2485 Atque
2234 2406 2504 2467 eandem
2534 2405 3002 2466 distinctionem

472 2501 537 2560 in
579 2501 842 2580 reliquis
888 2501 1300 2562 Pentateuchi
1349 2502 1527 2562 libris
1574 2502 2029 2564 admittendam
2082 2519 2221 2563 esse
2270 2503 2654 2581 collegerunt
2699 2519 2785 2563 ex
2832 2502 3004 2562 certis

469 2598 966 2669 characteribuS,
1001 2599 1110 2677 qui
1141 2598 1535 2660 documentis
1565 2599 1692 2659 illis
1721 2599 1959 2678 proprii
1992 2598 2179 2659 etiarn
2210 2599 2275 2658 in
2308 2598 2449 2658 aliis
2479 2597 2691 2677 operis
2722 2599 3005 2676 partibus

469 2693 862 2772 detegantur.

537 2834 827 2890 Neminem
853 2835 1131 2906 profecto,
1162 2837 1256 2908 qui
1293 2841 1502 2890 attente
1543 2834 1839 2908 perlegerit
1866 2835 2139 2904 Genesin,
2172 2833 2426 2907 effugiet,
2462 2835 2753 2891 nonnullis
2784 2837 2845 2891 in
2876 2835 3007 2907 peri-

467 2923 618 2994 copis
652 2937 858 2979 nomen
897 2923 1134 2979 Eloln'm
1171 2923 1364 2994 (Alex.
1395 2923 1424 2976 ὁ
1453 2923 1588 2986 θεός,
1625 2923 1796 2994 Vulq.
1836 2925 2040 2992 Deus),
2071 2923 2131 2978 in
2172 2921 2293 2978 aliis
2332 2925 2509 2978 Iahve
2536 2921 2731 2988 (Alex.
2770 2923 2801 2975 ὁ
2830 2925 3006 2993 κύριος,

473 3010 641 3082 Vulq.
682 3011 974 3079 Dominus)
1018 3011 1354 3083 praevalere.
1395 3010 1770 3066 Tertullianus
1816 3010 1927 3065 iam
1964 3007 2111 3077 (adv.
2154 3011 2419 3082 Hermog.
2454 3011 2532 3080 3),
2571 3011 2628 3067 S.
2668 3013 3013 3084 Augustinus

469 3096 558 3164 (de
593 3097 734 3154 Gen.
762 3097 834 3154 ad
857 3099 941 3155 lit.
975 3105 1081 3167 11),
1115 3101 1171 3155 S.
1201 3099 1629 3173 chrysostomus
1670 3099 1747 3165 (in
1776 3097 1917 3154 Gen.
1943 3097 2096 3153 hom.
2127 3103 2295 3167 14‚2),
2322 3111 2497 3170 quum
2519 3099 2577 3153 in
2605 3096 2845 3154 historia
2872 3115 3011 3153 crea-

465 3184 630 3240 tionis
659 3189 929 3254 (1,1-2‚3)
959 3187 1136 3242 solum
1164 3189 1268 3242 Dei
1295 3185 1573 3258 (Elohim),
1606 3184 1735 3240 inde
1765 3193 1953 3240 autem
1978 3200 2009 3240 a
2038 3191 2133 3254 2‚4
2160 3185 2394 3240 Domini
2420 3185 2521 3241 Dei
2550 3184 2744 3251 (Iahve
2772 3186 3012 3250 Elohim)

465 3287 671 3327 nomen
690 3271 946 3330 adhiberi
969 3273 1240 3344 viderent,
1259 3275 1318 3330 in
1342 3272 1507 3330 huius
1532 3271 1809 3329 varietatis
1828 3273 2101 3329 rationem
2120 3273 2538 3344 inquisiverunt.
2564 3273 2902 3328 Accuratius
2918 3289 3012 3328 au-

465 3368 578 3415 tem
603 3362 852 3433 quaestio
876 3363 1100 3419 tractari
1119 3370 1316 3433 coepta
1335 3369 1440 3432 est,
1463 3359 1687 3434 quando
1714 3375 1861 3416 saec.
1887 3366 1971 3416 18.
1996 3365 2199 3416 Astrue
2221 3361 2413 3416 nonin
2430 3361 2563 3416 solis
2586 3359 2697 3416 illis
2716 3361 3011 3434 capitibus,

433 3503 438 3507 .
466 3448 565 3503 sed
590 3447 646 3502 in
676 3448 891 3522 integra
919 3451 1122 3507 Genesi
1153 3449 1444 3506 nominum
1479 3446 1797 3505 divinorum
1834 3447 2196 3504 variationem
2232 3448 2467 3504 inveniri
2504 3463 2761 3504 asserens
2798 3458 3013 3520 praeter

467 3533 570 3591 alia
598 3533 712 3591 duo
741 3538 1032 3610 praecipua
1069 3537 1432 3606 documenta,
1466 3535 1818 3592 elohisticum
1856 3543 1912 3592 et
1942 3534 2319 3600 iahvisticum,
2354 3533 2627 3591 distinxit.
2672 3535 2787 3592 Alii
2817 3533 3011 3592 deinde

466 3623 700 3680 eandem
725 3627 1049 3682 varietatem
1077 3627 1138 3682 in
1155 3625 1352 3682 Exod.
1388 3629 1518 3680 1.-5.
1543 3623 1911 3680 observarunt
1933 3631 2101 3695 atque
2124 3623 2505 3694 promiscuum
2528 3623 2831 3680 nominum
2856 3639 3011 3680 usum

463 3718 598 3766 tunc
633 3710 859 3768 demum
895 3713 1150 3770 inchoari
1187 3718 1552 3782 monuerunt,
1584 3709 1807 3784 quando
1848 3713 1999 3766 Deus
2019 3725 2227 3766 nomen
2253 3723 2418 3765 suum
2444 3712 2616 3766 lahve
2642 3712 2831 3784 Moysi
2859 3727 3011 3768 reve·

463 3799 662 3855 laverit
689 3801 904 3867 (Ex-od.
945 3807 1038 3868 6‚2
1075 3799 1241 3873 sqq.).
1277 3801 1422 3857 Hinc
1451 3797 1705 3855 moderni
1735 3819 1760 3851 α
1792 3797 1971 3855 critici
2001 3819 2026 3850 a>
2059 3798 2404 3854 occasionem
2432 3799 2821 3869 arripuerunt,
2860 3809 2930 3854 ut
2966 3799 3011 3854 in

463 3894 582 3942 toto
611 3888 987 3945 Pentateucho
1011 3888 1122 3944 duo
1147 3889 1246 3944 illa
1269 3887 1599 3944 documenta
1626 3885 2049 3958 distinguerent.
2076 3886 2341 3954 Quamvis
2366 3886 2517 3940 enim
2544 3885 2811 3942 omnibus
2835 3886 3009 3942 saten-

462 3974 612 4030 tibus
638 3974 826 4032 divina
856 3977 1084 4032 nomina
1111 3975 1240 4032 inde
1264 3974 1335 4032 ab
1367 3975 1548 4030 Exod.
1580 3981 1632 4030 6.
1664 3974 1725 4031 in
1751 3975 2130 4030 Pentateucho
2160 3973 2357 4030 eadem
2390 3973 2636 4043 ratione,
2666 3989 2775 4044 qua
2804 3975 2873 4029 in
2902 3977 3009 4030 aliis

463 4061 644 4132 libris,
681 4066 990 4135 promiscue
1019 4063 1406 4134 adhibeantur,
1437 4062 1493 4118 in
1521 4062 1821 4119 elohisticis
1846 4071 2036 4118 tamen
2064 4060 2477 4134 iahvisticisque
2512 4061 2799 4118 Geneseos
2838 4063 3009 4142 parti<

462 4151 602 4207 culis
631 4150 912 4209 diversum
942 4151 1161 4208 dicendi
1189 4167 1390 4224 genus,
1423 4150 1670 4207 diversas
1699 4151 1985 4223 opiniones
2011 4150 2296 4224 religiosas
2314 4157 2421 4204 etc.
2456 4148 2885 4220 deprehendere
2920 4149 3008 4206 sib

463 4241 566 4296 visi
597 4250 752 4308 sunt,
793 4257 1032 4314 quorum
1069 4255 1174 4313 ope
1208 4239 1413 4311 ubique
1451 4238 1589 4294 varii
1624 4239 1709 4294 illi
1743 4239 2041 4310 scriptores
2077 4238 2262 4310 detegi
2300 4245 2544 4310 possent.
2584 4237 2733 4306 Quid
2764 4241 2905 4293 novi
2944 4239 3006 4294 ill

460 4328 808 4385 characteres
836 4329 1073 4397 valeant,
1101 4335 1294 4400 postea
1317 4326 1590 4394 dicemus;
1624 4326 1715 4381 hic
1739 4325 1809 4381 de
1828 4327 1947 4382 solo
1976 4326 2266 4382 nominum
2288 4323 2609 4381 divinorum
2632 4341 2737 4382 usu
2756 4341 3006 4396 agemus¹

461 4545 718 4596 interdum
743 4546 876 4598 coeli
903 4548 1039 4610 regio
1065 4545 1272 4596 additur
1297 4546 1478 4610 (Dent.
1513 4551 1677 4606 11,30;
1706 4547 1809 4596 Ios.
1844 4550 1951 4602 5,1:
1988 4551 2069 4604 12,
2100 4549 2127 4594 7
2152 4544 2291 4608 etc.),
2322 4547 2480 4608 atque
2502 4544 2599 4593 hac
2632 4544 2837 4594 ratione
2868 4549 3005 4594 utra·

459 4635 560 4683 que
593 4623 894 4684 significatio
923 4626 976 4674 in
997 4625 1174 4675 eodem
1203 4637 1354 4674 versu
1377 4625 1707 4688 coniungitur
1735 4625 1915 4686 (Num.
1943 4625 2123 4687 32,19).
