3050 5184
574 341 694 392 QUA
736 341 992 385 RATIONE
1036 339 1484 386 SYNOP‘rlconux
1524 339 1837 384 AFFIMTAS
1877 339 2269 385 munerun.
2554 327 2669 386 493

163 485 256 539 que
285 471 547 541 reiecisse,
586 481 649 527 ut
681 473 796 527 suis
835 471 1020 528 verbis
1057 480 1332 541 uteretur,
1361 487 1511 528 nunc
1560 471 1893 527 vocabulum
1929 480 2173 528 mutasse
2190 515 2205 541 ,
2242 471 2665 543 transposuisse,

161 573 290 612 nunc
317 557 444 614 lolia
472 559 704 615 volvisse
723 569 780 615 et
803 559 1114 628 revolvisse,
1150 568 1212 615 ut
1238 559 1309 614 ad
1347 559 1653 630 posteriora
1680 560 1941 615 transiret
1970 568 2064 615 aut
2098 559 2169 614 ad
2209 559 2393 630 priora
2428 566 2672 615 reverte-

159 652 313 700 retur.
340 647 498 702 Certe
516 646 624 702 hac
645 646 862 703 ratione
879 644 1308 718 dependentiam
1331 661 1446 702 non
1466 647 1747 718 explicant
1764 645 2021 703 catholici
2040 654 2481 720 propugnatores
2505 653 2671 720 syste-

158 733 327 801 matiS,
356 733 453 789 sed
481 735 666 789 nescio
691 749 764 790 an
794 732 935 790 illud
963 734 1256 790 admittere
1283 749 1396 790 non
1437 743 1727 806 cogantur,
1756 735 1809 790 si
1837 749 2032 790 revera
2069 733 2495 804 dependentiam
2522 734 2670 790 illam

156 819 412 891 explicare
441 821 653 877 volunt.

979 1041 1080 1090 111.
1109 1043 1333 1104 Systema
1361 1042 1639 1090 traditionis
1665 1043 1828 1090 oralis.

217 1236 271 1294 6.
303 1267 384 1280 -
407 1235 474 1296 Si
504 1235 565 1296 S.
599 1237 800 1297 Lucae
826 1236 1210 1314 Patrumque
1241 1237 1320 1298 de
1353 1237 1829 1314 Evangeliorum
1874 1237 2115 1314 origine
2154 1235 2547 1306 testimonia,
2580 1234 2672 1294 uti

153 1329 342 1402 decet,
370 1332 866 1410 perpenduntur,
891 1333 1150 1393 traditio
1181 1333 1368 1392 oralis
1396 1334 1492 1394 vel
1523 1333 1735 1411 potius
1764 1331 2107 1393 catechesis
2134 1333 2475 1409 apostolica
2498 1348 2673 1408 prae-

149 1426 350 1502 cipuus
387 1427 560 1500 fons,
604 1445 680 1488 ex
717 1445 844 1505 quo
879 1427 1201 1506 Synoptici
1249 1445 1515 1506 operum
1565 1445 1825 1488 suorum
1866 1432 2341 1506 argumentum,
2380 1427 2673 1488 ordinem

151 1522 464 1601 ipsamque
506 1525 626 1584 sub
674 1529 848 1585 certo
894 1529 1187 1603 respectu
1233 1526 1497 1585 formam
1541 1523 1901 1594 hauserint,
1944 1528 2113 1584 recte
2162 1524 2349 1584 statui
2396 1523 2667 1582 videtur.

145 1617 390 1697 Triplici
421 1621 624 1691 enim,
658 1638 786 1697 qua
815 1638 928 1699 pro
961 1623 1368 1682 ecclesiarum
1408 1621 1775 1680 diversitate
1808 1621 1901 1680 uti
1934 1620 2317 1698 cogebantur
2351 1619 2667 1697 Apostoli,

148 1715 536 1776 catecheseos
563 1717 765 1777 forma
794 1717 944 1777 satis
976 1718 1370 1795 explicantur
1387 1717 1863 1794 Evangeliorum
1893 1717 2177 1794 priorum
2197 1715 2666 1784 similitudinem,

148 1815 200 1868 et
241 1811 821 1887 dissimilitudineS,
851 1830 970 1874 nec
1015 1813 1359 1891 quidquam
1408 1813 1472 1872 in
1519 1813 1641 1873 hoc
1682 1815 2022 1890 systemate
2064 1811 2461 1889 supponitur,
2506 1809 2669 1888 quod

147 1907 596 1982 primitivarum
621 1909 1031 1969 ecclesiarum
1061 1909 1408 1969 conditioni
1439 1921 1565 1970 non
1596 1909 1781 1988 plane
1808 1913 2126 1986 congruat.

203 2021 256 2076 S.
282 2022 468 2078 Lucas
492 2021 550 2077 in
577 2037 680 2077 suo
702 2021 989 2093 prooemio
1030 2020 1100 2076 de
1127 2021 1246 2077 sola
1283 2022 1425 2078 orali
1471 2020 1771 2077 traditione
1819 2021 1989 2077 veluti
2016 2021 2165 2078 l'onte
2202 2022 2448 2077 omnium
2479 2035 2672 2075 eorum

146 2105 398 2178 loquitur,
428 2109 524 2179 qui
551 2124 741 2165 rerum
769 2110 1214 2180 evangelicarum
1247 2109 1625 2166 narrationem
1651 2109 2081 2180 conscripserim
2123 2109 2303 2180 (καθὼς
2331 2109 2669 2177 παρέδοσαν

143 2192 254 2264 &aiv
280 2197 340 2248 οἱ
388 2193 504 2250 ἀπ’
533 2196 729 2267 ἀρχῆς
757 2195 1059 2250 αὗτόπται
1091 2197 1193 2249 καὶ
1221 2197 1517 2268 ὑπηρέται
1544 2200 1651 2250 τοῦ
1682 2196 1923 2268 λόγου).
1957 2198 2149 2268 Neque
2188 2197 2358 2252 alium
2396 2195 2607 2252 sontem
2640 2211 2671 2249 a

146 2283 385 2340 Patribus
409 2284 716 2352 nominari,
761 2285 1218 2356 quotiescumque
1256 2283 1326 2339 de
1361 2284 1789 2355 Evangeliorum
1820 2285 2031 2355 origine
2068 2282 2475 2352 disseruerunt,
2506 2296 2671 2353 supra

144 2368 240 2424 iam
279 2387 480 2428 eorum
514 2371 848 2428 testimoniis
884 2371 1070 2428 allatis
1107 2371 1470 2428 ostendimus.
1517 2372 1671 2440 Quae
1701 2371 1963 2427 historica
2006 2373 2347 2437 testimonia,
2388 2385 2563 2442 quum
2601 2368 2670 2425 de

147 2456 397 2516 historica
442 2460 762 2531 quaestione
795 2469 1012 2532 agatur,
1043 2460 1248 2516 summi
1285 2475 1403 2516 esse
1443 2459 1713 2514 momenti
1745 2466 1921 2529 patet;
1962 2459 2151 2530 itaque
2177 2466 2369 2527 restat,
2408 2465 2472 2512 ut
2504 2465 2671 2530 syste-

143 2555 274 2602 mate
303 2547 418 2603 hoc
445 2546 828 2604 difficultatem
857 2548 1200 2619 propositam
1221 2546 1566 2602 sufficienter
1594 2546 1732 2601 solvi
1761 2544 2139 2602 ostendamus.
2512 2613 2519 2620 ,

202 2637 316 2690 lam
343 2649 480 2690 vero
508 2635 592 2705 a.)
621 2635 920 2705 Apostolos
949 2650 1062 2690 non
1089 2635 1220 2690 solis
1247 2632 1725 2690 exhortationibus
1754 2633 2021 2705 populum
2055 2633 2124 2689 ad
2153 2631 2325 2689 fidem
2352 2630 2665 2700 adduxisse,

142 2719 228 2776 sed
261 2722 576 2793 neophytos
612 2722 872 2777 continua
911 2721 1188 2778 catechesi
1223 2722 1278 2777 in
1306 2721 1416 2776 fide
1448 2721 1772 2789 instituisse,
1803 2719 2277 2777 demonstratione
2304 2735 2419 2776 non
2456 2717 2672 2790 indiget

145 2807 236 2872 (elr
277 2815 416 2866 Act.
471 2815 626 2877 19,9;
661 2815 823 2875 1836
871 2812 1018 2878 etc.).
1055 2809 1224 2865 Cuius
1260 2808 1615 2866 catecheseos
1661 2806 2019 2879 praecipuum
2062 2815 2460 2880 argumentum
2504 2805 2670 2862 fuisse

140 2897 508 2954 narrationem
531 2897 674 2952 vitae
703 2896 1033 2965 dominicae,
1059 2898 1214 2952 testis
1237 2905 1320 2952 est
1345 2897 1464 2968 ipse
1489 2897 1549 2952 S.
1574 2899 1781 2960 Lucas,
1810 2894 1923 2966 qui,
1952 2902 2013 2949 ut
2039 2893 2383 2965 Theophilus
2408 2895 2531 2950 illas
2557 2909 2665 2958 reS,

141 2999 266 3053 quas
290 2986 352 3041 in
393 2984 672 3040 catechesi
711 2983 983 3051 audierat,
1015 2992 1269 3041 accurate
1319 2990 1681 3056 cognosceret
1729 2984 1834 3052 (ἵνα
1872 2983 2079 3054 ἐπιγνῷς
2114 2982 2224 3052 περὶ
2250 2978 2323 3034 ὧν
2362 2981 2673 3050 ἐκατηχήθης

140 3069 298 3141 λόγων
333 3071 428 3138 τὴν
459 3071 770 3143 ἀσφάλειαν),
816 3072 1178 3145 Evangelium
1207 3087 1265 3126 se
1292 3072 1575 3143 scripsisse
1602 3085 1855 3126 asserens
1882 3071 2047 3125 simul
2076 3071 2225 3125 clare
2262 3067 2445 3139 docet,
2484 3068 2668 3124 Theo-

141 3158 346 3228 philum
370 3159 497 3215 illas
521 3176 608 3216 res
628 3159 687 3215 in
715 3160 990 3218 catechesi
1015 3161 1125 3216 iam
1149 3157 1436 3214 audivisse.
1471 3160 1663 3231 Neque
1690 3158 1875 3214 minus
1902 3157 2053 3214 clare
2080 3155 2229 3214 idem
2254 3173 2323 3212 ex
2350 3159 2407 3213 S.
2440 3157 2671 3230 Papiae

141 3247 312 3304 verbis
333 3263 502 3318 supra
529 3247 600 3304 de
626 3248 924 3320 Evangelio
969 3247 1145 3304 Marci
1173 3247 1361 3303 relatis
1390 3246 1440 3322 (5
1487 3252 1577 3314 3,3
1607 3262 1662 3318 p.
1694 3250 1821 3313 468)
1860 3254 2026 3316 atque
2055 3261 2123 3300 ex
2151 3244 2320 3300 simili
2356 3245 2671 3300 testimonio

139 3333 190 3389 S.
219 3337 458 3391 Irenaei
487 3334 658 3407 (apud
684 3338 816 3392 Eas,
843 3337 916 3392 H.
947 3337 1012 3391 E.
1043 3337 1110 3390 V.
1143 3340 1230 3402 20)
1257 3336 1454 3391 elucet.
1491 3337 1599 3390 Per
1626 3350 1685 3389 se
1707 3340 1895 3389 autem
1920 3333 2136 3388 clarum
2165 3341 2279 3400 est,
2310 3348 2423 3390 non
2453 3332 2670 3404 quales-

140 3437 368 3495 cumque
400 3438 687 3479 sermones
727 3423 1034 3479 dominicos
1061 3423 1352 3494 neophytis
1380 3423 1438 3478 in
1466 3420 1737 3477 catechesi
1770 3421 2013 3491 potuisse
2041 3421 2304 3492 proponi,
2335 3421 2434 3476 sed
2460 3419 2699 3500 facilius

139 3525 220 3566 res
239 3509 554 3567 dumtaxat.
585 3515 636 3566 A
659 3509 1060 3570 difficilioribus
1081 3511 1250 3582 igitur
1278 3508 1739 3581 disputationibus
1754 3550 1769 3578 ‚
1802 3524 1941 3579 quas
1960 3507 2231 3564 Dominus
2250 3508 2601 3580 lerosolymis
2618 3515 2674 3562 et

137 3597 188 3651 in
213 3597 422 3656 Iudaea
451 3615 582 3655 cum
617 3599 928 3655 Pharisaeis
957 3598 1322 3667 sustinuerat,
1351 3594 1662 3653 referendis
1694 3595 1891 3667 procul
1915 3594 2087 3651 dubio
2112 3594 2499 3651 abstinuerunt
2522 3599 2670 3666 Apo-

139 3687 261 3742 stoli
309 3687 670 3759 facinoraque
700 3687 795 3742 illa
827 3695 1258 3758 proposuerunt,
1292 3700 1432 3756 quae
1473 3683 1749 3739 Dominus
1794 3684 1855 3740 in
1891 3683 2139 3740 Galilaea
2184 3698 2375 3749 coram
2416 3680 2674 3753 agricolis

141 3775 608 3847 piscatoribusque
654 3784 997 3848 exposuerat.
1050 3775 1195 3829 Hinc
1232 3782 1358 3845 apte
1400 3773 1729 3844 explicatur,
1784 3787 1885 3828 cur
1922 3772 2235 3844 Synoptiei
2278 3771 2673 3824 ministerium

137 3863 496 3932 yalilaicum
526 3864 792 3919 maxime
823 3869 1092 3919 narrent.

207 3953 278 4022 b.)
303 3953 476 4008 Porro
505 3951 810 4008 catechesis
847 3950 1055 4022 ubique
1085 3948 1279 4006 eadem
1317 3963 1436 4004 esse
1461 3963 1580 4004 non
1607 3947 1815 4018 potuit,
1847 3946 1955 4002 alia
1995 3953 2114 4002 erat
2156 3944 2539 4018 lerosolymiS,
2580 3941 2675 3998 ubi

139 4037 237 4092 soli
258 4038 452 4094 Iudaei
479 4041 730 4095 conversi
758 4037 1089 4095 instituendi
1112 4046 1290 4106 erant,
1319 4035 1426 4092 alia
1454 4039 1669 4092 Romae
1697 4050 1888 4092 coram
1921 4032 2052 4089 solis
2078 4031 2370 4104 neophytis
2412 4029 2671 4090 ethnicis,

140 4125 244 4182 alia
269 4128 617 4197 Antiochiae,
648 4128 806 4183 cuius
835 4126 1066 4183 ecclesia
1095 4142 1162 4182 ex
1188 4124 1406 4182 ludaeis
1429 4132 1485 4180 et
1505 4123 1740 4179 ethnicis
1762 4122 2047 4178 coaluerat
2068 4120 2219 4186 (Gal.
2246 4119 2427 4187 2,12);
2461 4115 2678 4172 Iudaeis

141 4214 324 4270 Iesum
345 4230 464 4272 esse
495 4215 756 4271 Messiam
786 4215 1138 4286 promissum,
1171 4211 1674 4280 demonstrabatur,
1706 4208 1941 4266 ethnicis
1970 4205 2182 4262 ostendi
2203 4203 2392 4262 debuit
2421 4203 2677 4260 divinitas

143 4301 286 4372 Iesu,
319 4303 558 4360 ecclesiis
585 4303 772 4358 mixtis
799 4301 1179 4358 universalitas
1207 4300 1398 4356 salutis
1426 4299 1496 4354 ab
1525 4315 1591 4356 eo
1621 4298 1821 4354 allatae
1848 4293 2178 4351 inculcanda
2202 4303 2348 4363 erat,
2384 4309 2481 4350 sua
2508 4292 2677 4365 igitur

143 4399 338 4460 sponte
358 4400 583 4448 exortae
607 4398 737 4447 sunt
769 4397 880 4446 cres
908 4389 1266 4446 catecheseos
1293 4387 1553 4460 formae,
1580 4401 1735 4460 quae
1772 4382 1960 4440 tribus
1990 4382 2303 4455 prioribus
2328 4380 2677 4452 Evanqeliis

143 4486 479 4536 consonant.

212 4569 288 4634 c.)
317 4568 456 4624 Ante
479 4581 640 4624 suam
667 4566 1066 4638 dispersionem
1093 4574 1282 4622 autem
1320 4563 1570 4636 Apostoli
1598 4561 1783 4617 multis
1812 4559 1971 4616 annis
1998 4557 2192 4616 intime
2220 4557 2499 4614 coniuncti
2522 4559 2677 4613 Iero-

143 4653 368 4726 solymis
394 4657 662 4728 populum
685 4653 1022 4725 docuerant,
1043 4653 1190 4711 unde
1217 4653 1420 4709 merito
1443 4649 1783 4718 coniicimus,
1811 4649 1982 4704 tacito
2002 4647 2245 4721 quodam
2266 4661 2537 4704 consensu
2567 4659 2673 4712 res»,
