3050 5184
434 316 553 375 386
594 330 672 375 DE
718 332 848 375 vE‘r.
888 332 1144 375 TESTAH.
1178 334 1373 377 Limus
1412 332 1812 377 Pnopnss'rlels.
1845 351 1922 361 —
1952 335 2076 379 CAP-
2119 336 2216 378 111.
2251 332 2328 377 ΒΕ
2371 333 2658 379 manuue:
2697 332 2880 378 unfus.

438 460 721 518 derantur.
752 464 1051 519 Manasses
1080 468 1432 531 (696.-641.),
1464 462 1734 519 Ezechiae
1765 461 2118 535 impiissimus
2143 464 2310 532 filius,
2339 465 2508 537 longo
2537 464 2692 532 regni
2717 464 2796 519 sui
2809 469 2922 517 tem·

440 554 577 619 pore·
600 549 970 606 idololatriam
998 567 1030 606 a
1060 559 1215 621 patre
1238 552 1355 606 eius
1383 566 1694 620 repressam
1727 550 1800 606 ad
1837 566 2038 607 novam
2076 552 2246 607 vitam
2279 554 2639 608 suscitaverat
2675 550 2922 607 abomina-

438 636 723 708 tionesque
769 637 1114 695 chananaeas
1148 652 1343 693 omnes
1386 640 1640 709 exemplo
1687 654 1788 695 suo
1838 638 1896 694 in
1949 640 2153 710 populo
2197 648 2551 711 promoverat
2591 638 2692 705 (cir
2737 646 2770 694 4
2815 640 2920 703 neq.

440 729 565 790 21‚2
594 740 751 796 sqq.;
782 732 817 779 2
844 730 985 781 Par.
1020 732 1153 793 33,3
1180 730 1350 798 sqq.).
1379 727 1613 797 Propter
1638 742 1779 798 quae
1807 725 2012 799 flagitia
2041 727 2100 781 in
2127 742 2330 782 manus
2353 726 2704 799 Assyriorum
2725 722 2924 779 traditus

439 810 557 881 ipse
585 811 809 882 quidem
846 813 1241 884 poenitentiam
1265 822 1479 885 egerat,
1507 813 1698 883 populi
1719 822 1906 869 tamen
1933 812 2004 868 ab
2027 810 2342 869 idololatria
2369 813 2662 869 revocandi
2693 812 2926 883 impotens

442 897 465 950 s
464 907 635 953 uerat.
663 899 865 955 Filium
894 901 1041 955 enim
1068 908 1127 956 et
1154 916 1527 957 successorem
1553 901 1672 955 eius
1695 906 1890 956 Amon
1911 900 2244 971 (641.-639.)
2275 900 2526 957 videmus
2560 922 2585 952 α
2610 900 2814 955 cunctis
2837 896 2925 953 ido·

442 985 535 1051 lis,
562 1002 704 1057 quae
747 989 1027 1043 Manasses
1054 985 1353 1044 fabricatus
1388 997 1526 1055 erat,
1568 988 1858 1044 immolare
1896 997 1951 1043 et
1990 990 2196 1043 servire
2229 996 2287 1043 et
2325 988 2505 1044 multo
2543 988 2749 1044 maiora
2783 985 2926 1041 delin-

441 1086 613 1143 quere
656 1094 683 1123 υ
720 1076 773 1141 (2
800 1077 938 1129 Par.
968 1080 1129 1143 33,22
1170 1074 1301 1146 sq.).
1336 1074 1443 1144 Qui
1470 1074 1648 1130 tristis
1689 1082 1746 1130 et
1787 1090 2076 1146 perversus
2117 1090 2306 1131 rerum
2353 1083 2530 1131 status
2575 1075 2740 1131 etiam
2777 1072 2930 1143 primis

444 1160 637 1214 Iosiae
666 1161 988 1230 (saa-608.)
1032 1162 1190 1217 annis
1220 1162 1558 1232 perduravit.
1597 1163 1739 1217 Octo
1771 1162 1918 1218 enim
1961 1161 2248 1218 dumtaxat
2277 1177 2453 1219 annos
2498 1170 2662 1218 natus
2701 1161 2829 1232 patri
2852 1173 2932 1213 suo

440 1247 703 1303 successit
722 1262 903 1320 neque
928 1248 1229 1320 quidquam
1253 1265 1285 1304 a
1312 1264 1501 1320 puero,
1536 1249 1632 1321 qui
1658 1250 1718 1305 in
1745 1249 2062 1305 idololatria
2093 1250 2367 1305 enutritus
2391 1259 2542 1317 erat,
2571 1250 2804 1321 potuisse
2831 1262 2930 1302 mu-

439 1334 549 1389 tari
576 1334 804 1390 evidens
830 1343 941 1404 est3
972 1335 1069 1391 sed
1097 1352 1150 1392 a.
1182 1344 1234 1392 8.
1280 1337 1436 1409 regni
1464 1338 1552 1392 sui
1583 1337 1765 1408 coepit
1812 1352 2078 1409 quaerere
2125 1339 2307 1393 Deum
2345 1338 2518 1408 patris
2561 1339 2648 1393 sui
2691 1333 2858 1391 David
2891 1340 2934 1387 et

442 1429 681 1491 quatuor
716 1422 875 1478 annis
916 1432 1041 1494 post
1066 1423 1357 1480 mundavit
1398 1422 1598 1479 Iudam
1645 1432 1703 1479 et
1737 1425 2044 1480 Ierusalem
2071 1423 2141 1479 ab
2181 1424 2412 1481 excelsis
2454 1434 2512 1479 et
2533 1423 2700 1481 idolis
2727 1428 2776 1489 (2
2813 1426 2932 1477 Par.

443 1514 611 1575 34,3).
652 1510 916 1566 Ieremias
941 1510 1126 1583 igitur,
1158 1512 1257 1581 qui
1292 1526 1437 1567 anno
1478 1512 1804 1583 insequente
1843 1516 1950 1577 (13.
1999 1511 2192 1581 Iosiae)
2235 1510 2308 1566 ad
2346 1511 2736 1582 propheticum
2769 1520 2936 1565 munus

444 1604 668 1651 vocatus
689 1604 795 1663 est,
822 1604 943 1652 toto
968 1596 1372 1653 adolescentiae
1394 1611 1526 1654 suae
1552 1607 1805 1670 tempore
1833 1598 2159 1655 effrenatam
2187 1598 2359 1653 totius
2385 1598 2571 1669 populi
2599 1596 2936 1655 idololatriam

442 1697 661 1753 semper
698 1699 829 1754 prae
864 1686 1039 1740 oculis
1082 1684 1379 1752 habuerat3
1428 1684 1594 1741 facile
1635 1700 1768 1757 ergo
1805 1686 2148 1741 iuventutem
2182 1684 2674 1757 infirmitatemque
2715 1696 2938 1740 excusare

446 1769 642 1838 potuit,
674 1778 735 1825 ut
759 1770 1119 1827 difficillimae
1144 1772 1417 1829 vocationi
1446 1788 1567 1828 sese
1591 1770 1940 1828 subtraheret
1969 1774 2104 1837 (Ier.
2133 1772 2266 1840 1‚6).

522 1921 583 1978 2.
613 1950 693 1963 —
719 1918 929 1978 Divini
968 1924 1177 1979 autem
1216 1920 1432 1981 auxilii
1458 1921 1877 1997 promissione
1907 1920 2290 1981 confortatus
2329 1920 2530 1981 alacer
2556 1922 2690 1981 Deo
2733 1916 2938 1978 vocanti

444 2022 583 2065 sese
606 2004 878 2065 subiecit
894 2052 909 2077 ‚
934 2010 1119 2084 atque
1144 2008 1220 2067 ab
1244 2025 1318 2067 eo
1341 2011 1628 2086 tempore
1657 2024 1856 2084 usque
1885 2007 1964 2067 ad
1989 2007 2480 2068 destructionem
2509 2008 2688 2067 urbis
2719 2008 2760 2066 i.
2783 2024 2834 2065 e.
2857 2020 2942 2081 per
3036 2026 3037 2031 ¹

443 2102 852 2179 quadraginta
878 2119 1073 2161 annos
1101 2103 1218 2162 fuit
1240 2126 1269 2156 «
1294 2104 1513 2163 civitas
1541 2104 1786 2163 munita
1813 2108 1877 2164 et
1895 2105 2188 2164 columna
2209 2102 2410 2163 ferrea
2437 2107 2500 2163 et
2519 2120 2740 2164 murus
2763 2114 2942 2161 aereus

441 2198 557 2257 toti
593 2202 792 2257 terrae
824 2219 856 2251 >2
888 2197 1101 2277 (MS).
1137 2198 1463 2268 Quomodo
1500 2216 1762 2260 munere
1811 2216 1928 2259 suo
1972 2200 2220 2259 functus
2262 2199 2343 2259 sit
2381 2198 2647 2259 verbum
2689 2197 2798 2259 Dei
2840 2196 2944 2254 sive

444 2292 694 2371 scriptis
719 2291 899 2352 libris
921 2300 985 2354 et
1010 2294 1294 2371 epistolis
1326 2294 1489 2373 (29,1
1518 2312 1693 2371 sqq.;
1725 2296 1868 2360 365.)
1898 2311 2038 2372 sqq.
2066 2296 2175 2367 323
2209 2296 2355 2355 Bar.
2383 2296 2444 2369 6)
2471 2295 2606 2355 sive
2631 2293 2945 2355 actionibus

444 2388 805 2466 symbolicis
828 2388 987 2466 (18,1
1014 2406 1152 2468 sqq.
1176 2409 1190 2462 ;
1220 2393 1351 2465 19‚1
1390 2408 1527 2469 sqq.
1547 2410 1563 2464 3
1593 2389 1761 2467 273)
1788 2391 1920 2450 sive
1942 2390 2080 2451 viva
2098 2408 2252 2451 voce
2275 2392 2338 2451 in
2364 2390 2604 2467 templo
2625 2392 2774 2451 etin
2793 2389 2948 2449 domo

444 2485 616 2561 regia
650 2485 714 2543 in
744 2486 943 2562 portis
972 2490 1036 2545 et
1064 2486 1291 2563 plateis
1321 2487 1496 2547 urbis
1524 2492 1714 2564 atque
1745 2487 1810 2545 in
1841 2488 1984 2564 ipso
2019 2504 2270 2547 carcere
2297 2486 2710 2557 annuntians,
2745 2486 2948 2559 integra

443 2580 711 2640 historia
742 2580 1107 2641 ultimorum
1138 2600 1358 2659 regum
1390 2582 1542 2641 luda
1575 2583 1782 2643 docet.

512 2695 766 2749 Manasse
807 2692 1247 2749 abominationes
1288 2704 1473 2750 tantae
1504 2692 1741 2759 fuerant,
1773 2703 1837 2750 ut
1880 2710 2091 2765 poenae
2119 2680 2292 2750 averti
2331 2710 2443 2750 non
2483 2696 2729 2766 amplius
2755 2696 2947 2766 possent
3032 2740 3034 2760 ;

442 2780 584 2852 (15‚1
614 2784 791 2851 sqq.);
824 2796 925 2850 pro
948 2796 1048 2836 sua
1072 2788 1257 2837 tamen
1284 2780 1662 2837 misericordia
1693 2784 1868 2850 Deus,
1909 2789 1971 2836 ut
2009 2797 2176 2853 quam
2214 2781 2485 2854 plurimos
2517 2782 2791 2849 salvaret,
2815 2786 2944 2834 antea

442 2867 644 2939 populo
672 2882 773 2921 suo
800 2867 951 2938 pium
972 2882 1159 2939 regem
1187 2868 1391 2924 Iosiam
1419 2878 1476 2923 et
1501 2884 1771 2941 magnum
1801 2868 2130 2940 prophetam
2153 2870 2447 2925 Ieremiam
2483 2869 2788 2925 suscitavit.
2817 2865 2948 2921 Prior
3033 2892 3035 2925 ξ

440 2955 694 3010 restituto
722 2963 781 3009 et
808 2964 1064 3024 promoto
1104 2956 1255 3011 cultu
1295 2955 1540 3027 legitimo
1578 2964 1960 3027 renovatoque
2004 2953 2228 3012 foedere
2262 2957 2614 3012 occasionem
2657 2950 2902 3028 peccandi
2921 2966 2946 3001 a

441 3043 631 3113 populi
649 3050 951 3112 conspectu
980 3040 1223 3110 abstulit,
1252 3041 1393 3099 alter
1422 3042 1760 3100 ferventibus
1787 3044 1903 3098 suis
1927 3044 2288 3099 concionibus
2306 3043 2764 3101 reformationem
2791 3038 2946 3113 populi

440 3128 683 3184 studiose
714 3128 871 3195 sovit3
910 3130 1104 3197 prioris
1132 3144 1220 3185 res
1246 3130 1524 3200 praeclare
1555 3138 1738 3202 gestas
1761 3139 1993 3186 narrant
2017 3132 2160 3187 sacri
2187 3131 2484 3201 scriptores
2508 3134 2563 3196 (4
2587 3136 2726 3203 Req.
2757 3135 2840 3185 22.
2865 3132 2944 3181 28:

438 3220 473 3271 2
500 3220 641 3271 Pur.
674 3221 761 3272 34.
806 3221 947 3283 35.);
986 3216 1267 3287 quomodo
1314 3218 1580 3273 Ieremias
1609 3232 1799 3289 regem
1825 3215 2119 3287 adiuverit,
2162 3217 2365 3274 docent
2399 3218 2590 3289 priora
2639 3218 2818 3289 capita
2851 3212 2946 3269 libn'

442 3302 558 3358 eius
584 3302 819 3373 (1.-20.),
849 3318 993 3375 quae
1009 3302 1082 3359 ad
1110 3305 1289 3359 Iosiae
1312 3313 1553 3360 aetatem
1569 3306 1868 3376 pertinent,
1899 3303 2101 3361 docent
2124 3320 2348 3377 quoque
2367 3307 2805 3375 persecutiones,
2837 3314 2948 3375 quas
3031 3312 3033 3339 ²

444 3389 543 3445 illo
569 3388 681 3445 iam
698 3397 947 3461 tempore
972 3390 1196 3461 pertulit
1224 3392 1397 3459 (nm
1436 3407 1591 3463 sqq.;
1625 3396 1792 3459 12,6).
1821 3396 2082 3448 Attamen
2107 3400 2226 3449 tam
2252 3393 2395 3448 altas
2419 3391 2644 3450 radices
2665 3390 2944 3450 idololatria

450 3484 647 3547 sgerat‚
677 3483 739 3531 ut
759 3492 861 3532 nec
882 3478 1031 3550 regis
1050 3494 1157 3535 nec
1174 3478 1477 3549 prophetae
1494 3480 1825 3535 auctoritate
1843 3480 1914 3535 sit
1931 3478 2232 3536 destructa.
2258 3479 2530 3547 Quocirca
2551 3482 2744 3537 statim
2763 3476 2948 3551 publice

438 3564 679 3620 exerceri
708 3572 901 3636 coepta
930 3574 1041 3633 est,
1076 3563 1299 3637 quando
1326 3566 1499 3622 iosias
1535 3568 1597 3621 iu
1629 3565 1834 3623 infelici
1859 3583 1961 3622 suo
1988 3566 2139 3623 bello
2175 3575 2370 3622 contra
2397 3568 2704 3639 Aegyptios
2731 3566 2948 3623 devictus

439 3659 494 3705 et
520 3650 730 3706 occisus
758 3659 843 3707 est
870 3652 927 3723 (4
948 3658 1083 3724 Περ.
1112 3658 1279 3721 23‚29
1306 3668 1425 3724 sq.;
1452 3659 1487 3708 2
1530 3658 1675 3709 Par.
1709 3660 1873 3721 35:20
1909 3654 2079 3726 sqq.).
2113 3654 2328 3710 Etenim
2374 3653 2654 3711 secundus
2681 3655 2798 3710 eius
2827 3650 2946 3707 lilius
3029 3658 3031 3683 ⁴

438 3738 722 3804 ΙοαοΙιαε,
752 3753 917 3810 quem
942 3740 1177 3810 populus
1200 3739 1302 3795 sibi
1326 3756 1517 3813 regem
1539 3741 1823 3797 constituit
1841 3738 1940 3797 sed
1969 3741 2220 3813 Aegyptii
2243 3750 2367 3810 post
2391 3749 2508 3797 tres
2527 3757 2751 3798 menses
2769 3740 2944 3797 throno

439 3825 762 3895 spoliarunt,
792 3842 905 3882 non
932 3826 1117 3883 minus
1140 3842 1309 3898 quam
1332 3828 1450 3883 eius
1476 3828 1878 3900 primogenitus
1906 3830 2161 3894 Ioakim,
2194 3844 2362 3900 quem
2389 3828 2612 3885 Pharao
2638 3844 2820 3901 regem
2847 3836 2946 3878 esse

441 3911 630 3982 voluit,
666 3932 692 3965 α
722 3914 931 3969 malum
961 3913 1210 3985 iecerunt
1230 3929 1419 3970 coram
1436 3914 1676 3969 Domino
1705 3936 1755 3970 υ.
1788 3914 2001 3971 Ioakim
2023 3920 2348 3981 (eoa-597.)
2375 3918 2580 3986 populo
2605 3916 2826 3971 odiosus
2847 3916 2942 3967 erat
3027 3980 3029 3987 Ι

434 4006 493 4053 et
518 3999 667 4068 De03
702 4019 729 4051 α
756 4002 901 4057 oculi
928 4001 1075 4057 euim
1098 4001 1219 4056 eius
1244 4011 1404 4057 erant
1428 4000 1501 4057 ad
1530 4002 1816 4057 avaritiam
1847 4011 1902 4057 et
1923 4002 1993 4058 ad
2021 4003 2348 4075 sanguinem
2379 4002 2756 4059 innocentium
2789 3998 2942 4054 effun-

435 4084 681 4143 dendum
714 4106 738 4140 ι
776 4090 995 4160 (22,13),
1042 4103 1221 4161 neque
1248 4105 1279 4143 a
1308 4089 1598 4161 prophetis
1624 4088 1936 4146 occidendis
1980 4088 2268 4147 abhorruit
2305 4094 2538 4158 (26,23);
2579 4090 2699 4145 sola
2737 4096 2942 4157 magna-

434 4180 556 4229 tum
596 4175 935 4245 protectione
977 4176 1239 4233 Ieremias
1280 4176 1579 4233 violentam
1617 4185 1857 4238 mortem
1899 4176 2094 4250 effugit
2138 4178 2280 4249 (26st
2315 4181 2482 4248 sqq.).
2515 4175 2772 4233 Inter-itui
2803 4172 2946 4243 igitur

436 4268 717 4317 maturum
732 4272 851 4318 erat
880 4278 1134 4335 regnum,
1160 4278 1341 4334 neque
1370 4264 1536 4336 longe
1565 4264 1741 4320 abfuit
1769 4266 2198 4320 instrumentum
2232 4280 2264 4321 a
2295 4264 2412 4319 Deo
2439 4270 2718 4334 paratum.
2751 4258 2944 4315 Etenim
3026 4286 3027 4289 =

436 4361 491 4401 a.
519 4351 574 4403 4.
615 4350 761 4421 regis
802 4350 1018 4405 Ioakim
1056 4350 1128 4421 (a.
1176 4355 1328 4417 605.)
1366 4350 1915 4420 Nabuchodonosor,
1957 4367 2053 4407 rex
2099 4350 2424 4424 Babylonia,
2469 4348 2756 4423 Aegyptiis
2797 4358 2946 4417 prope
3026 4352 3027 4357 ’

436 4432 753 4493 Chai-camis
772 4436 1001 4493 devictis
1024 4438 1188 4509 (46,2)
1220 4438 1415 4509 rapido
1439 4454 1607 4495 cursu
1629 4441 1846 4512 Syriam
1867 4446 1924 4496 et
1943 4438 2316 4495 Palaestinam
2339 4438 2654 4507 occupavit,
2689 4431 2944 4500 lerosoly-

438 4520 541 4575 mis
559 4525 883 4595 expugnatis
908 4539 1097 4596 regem
1126 4524 1341 4581 Ioakim
1366 4525 1720 4583 tributarium
1739 4525 1888 4594 fecit,
1919 4528 2145 4582 iuvenes
2162 4526 2369 4581 multos
2392 4524 2631 4588 nobiles,
2651 4524 2802 4579 inter
2825 4532 2950 4591 quos

436 4607 603 4662 etiam
625 4610 819 4667 Daniel
850 4618 989 4677 erat,
1018 4626 1147 4667 cum
1174 4612 1360 4667 multis
1387 4612 1660 4669 thesauris
1689 4614 1748 4671 in
1771 4611 2129 4684 Babyloniam
2157 4610 2406 4669 abduxit.
2439 4612 2559 4668 Hoc
2585 4619 2704 4668 erat
2741 4606 2946 4665 initium
