3050 5184
417 269 529 328 488
570 285 645 328 DE
688 285 822 328 N0v1
867 285 1031 332 TEST.
1063 286 1256 330 Lmnls
1295 287 1651 332 msTomcls.
1688 307 1763 317 --
1792 289 1923 333 CAP.
1968 291 2012 333 1.
2058 289 2133 335 ΒΕ
2174 288 2529 334 EVANGBLHS
2570 287 2917 333 sYxopncls.
3017 309 3019 312 >

483 415 916 491 Quan‘rarsns
941 422 1358 506 (19,28-2⁴t,53),
1391 419 1467 475 de
1483 422 1773 492 passione
1796 425 1851 476 et
1878 419 2313 494 qlorifioatioue
2336 425 2497 484 lesu,
2530 420 2747 475 iterum
2772 418 2925 474 docet

408 518 546 573 gum
570 519 690 558 esse
715 506 992 560 Messian»
1018 513 1073 562 ec
1099 507 1364 561 omnium
1387 509 1778 564 Salvator-em.

461 603 465 607 ·
489 597 535 644 1.
569 592 924 662 praeparatio
953 591 1026 648 ad
1053 593 1364 664 passionem
1389 598 1815 664 (19,28-22,38).
1846 595 2149 650 Dominum
2172 595 2453 650 civitatem
2480 593 2823 650 sollemniter
2846 593 2925 647 in-

659 694 908 750 gressum
939 678 1226 736 Pharisaei
1253 680 1435 736 verbis
1463 697 1664 752 capere
1697 682 1903 739 frustra
1938 690 2231 750 conantur,
2258 684 2412 738 lesus
2438 689 2627 737 autem
2655 679 2929 750 discipulis

591 787 594 792 ·
657 767 952 833 interitum,
966 768 1198 824 civitatis
1235 776 1291 822 et
1315 768 1577 825 iudicium
1606 769 1877 841 praedicit
1908 772 2330 840 (19,28·21,36).
2362 772 2510 825 Dum
2549 768 2789 840 populus
2814 781 2929 822 eum

657 851 968 918 admiratur
996 862 1052 910 et
1077 855 1360 911 Pharisaei
1387 865 1613 926 pactum
1642 871 1771 912 cum
1800 857 1917 912 eius
1940 857 2211 913 traditore
2233 857 2454 924 ineunt,
2480 859 2636 911 Iesus
2662 854 2719 910 in
2748 869 2926 924 percn-

659 955 788 997 nem
817 941 1083 1011 passionis
1109 943 1436 998 memoriam
1465 943 1871 1000 Eucharistiam
1898 945 2137 999 instituit
2160 948 2581 1012 (21,37-22,38).

483 1033 536 1081 2.
568 1028 757 1082 Passio
786 1029 1010 1083 Domini
1047 1029 1448 1100 itanarratur,
1469 1040 1534 1085 ut
1562 1031 1760 1103 integri
1798 1031 1988 1103 populi
2016 1033 2177 1102 culpa
2216 1029 2470 1102 patefiat,
2496 1027 2729 1085 Domini
2758 1035 2929 1082 autem

659 1115 971 1171 innocentia
995 1126 1051 1171 ct
1077 1116 1098 1170 i
1181 1117 1296 1172 nita
1323 1117 1707 1174 misericordia
1732 1134 1863 1191 erga
1882 1127 2203 1190 peccatores
2221 1118 2507 1173 illucescat
2526 1120 2926 1184 (22,39-23,56.

486 1206 536 1256 3.
569 1200 944 1272 Glorificatio
975 1203 1208 1260 Chresti
1247 1209 1542 1273 (am-53).
1580 1205 1933 1278 Evangelista
1971 1217 2263 1278 postquam
2300 1205 2469 1260 variis
2505 1202 2930 1276 apparitionibus

661 1291 1124 1346 resurrectionem
1175 1291 1403 1348 Domini
1449 1291 1704 1363 probavit
1748 1299 1889 1362 (24‚1
1906 1298 2057 1363 43),
2108 1309 2235 1348 eum
2282 1291 2565 1364 Apostolis
2620 1290 2928 1345 missionem

661 1378 958 1435 contulisse
994 1379 1192 1444 refert,
1225 1387 1288 1434 ut
1312 1380 1642 1451 incipientes
1669 1397 1701 1437 a
1732 1382 2031 1437 Ierusalem
2060 1379 2457 1452 poenitentiam
2484 1377 2747 1450 gentibus
2776 1377 2931 1432 omni·

659 1465 765 1520 hus
793 1465 1204 1537 praedicarent,
1239 1475 1406 1540 atque
1431 1467 1585 1524 brevi
1616 1467 1886 1524 relatione
1920 1467 2255 1524 ascensionis
2290 1466 2651 1539 Evangelium
2684 1465 2931 1520 terminat

664 1555 990 1625 (um-53).

709 1755 976 1814 Quamno
997 1757 1058 1804 V.
1079 1783 1143 1792 —
1163 1756 1270 1815 Quo
1295 1758 1406 1806 loco
1423 1762 1475 1806 et
1497 1763 1717 1818 tempore
1738 1760 1941 1806 tertium
1964 1759 2289 1818 Evangelium
2316 1758 2384 1806 sit
2404 1758 2659 1818 scriptum.

499 1933 593 1988 12.
627 1964 704 1973 —
729 1930 790 1990 S.
829 1933 1060 1992 Lucam
1097 1935 1502 2011 Evangelium
1542 1938 1686 1995 ante
1724 1937 1919 1995 Actus
1954 1934 2279 2012 scripsisse
2318 1939 2559 1994 certum
2598 1934 2727 2005 est;
2762 1932 2935 1990 Actus

330 2109 340 2118 .
419 2031 628 2086 autem
659 2044 876 2101 versus
914 2029 1104 2104 finem
1143 2030 1374 2106 prioris
1413 2031 1793 2109 captivitatis
1835 2048 2131 2091 romanae
2169 2025 2241 2091 S.'
2262 2029 2474 2103 Pauli,
2510 2029 2553 2088 i.
2586 2045 2643 2089 e.
2678 2029 2935 2088 exeunte

417 2139 471 2181 a.
505 2125 602 2182 63.
637 2124 736 2184 vel
766 2124 1024 2185 ineunte
1055 2144 1112 2185 a.
1144 2127 1269 2198 64„
1305 2130 1539 2188 Romae
1568 2129 1892 2188 terminati
1922 2145 2061 2188 esse
2104 2127 2237 2187 iure
2278 2125 2599 2198 dicuntur;
2630 2127 2806 2186 recte
2837 2121 2935 2199 igi-

417 2223 519 2279 tur
548 2220 641 2279 illi
672 2221 904 2280 sentire
936 2222 1252 2294 videntur,
1286 2224 1392 2300 qui
1425 2225 1616 2284 etiam
1647 2225 2047 2301 Evangelium
2076 2241 2130 2284 c.
2162 2239 2220 2282 a.
2253 2223 2352 2282 63.
2386 2224 2619 2282 Romae
2647 2219 2933 2280 termina-

419 2318 556 2374 tum
588 2331 725 2374 esse
754 2322 1060 2378 asserunt.

485 2426 761 2495 Quoniam
790 2429 926 2484 certi
953 2429 1093 2485 nihil
1121 2431 1420 2502 antiquitas
1447 2430 1747 2488 christiana
1774 2431 1935 2488 nobis
1953 2432 2023 2488 de
2046 2431 2171 2492 loco
2194 2440 2252 2487 et
2274 2441 2528 2501 tempore
2546 2430 2783 2502 originis
2802 2427 2933 2483 tertii

419 2515 698 2586 Evangelii
725 2507 922 2586 tradit,
959 2519 1341 2588 quaestionem
1379 2519 1709 2574 coniecturis
1741 2526 1957 2574 tantum
1984 2519 2200 2575 solvere
2233 2531 2544 2590 possumus
2578 2517 2699 2572 Iam
2726 2532 2865 2570 vero
2888 2514 2933 2568 in

416 2607 658 2658 Actuum
686 2605 974 2674 prooemio
1005 2610 1138 2672 (1‚1)
1167 2606 1223 2660 S.
1249 2607 1430 2661 Lucas
1457 2604 1529 2661 de
1560 2605 1857 2662 terminato
1886 2606 2181 2678 Evangelio
2204 2605 2479 2676 loquitur3
2509 2621 2577 2660 ex
2607 2619 2807 2659 eorum
2832 2603 2933 2672 epi-

414 2690 542 2764 logo
568 2696 772 2760 (28,30.
802 2697 888 2759 31)
908 2700 1096 2748 autem
1123 2693 1236 2748 iam
1256 2693 1481 2765 collegit
1497 2694 1553 2749 S.
1578 2695 1972 2763 Hieronymus
1994 2693 2085 2761 (de
2100 2693 2218 2749 Vir.
2249 2693 2332 2748 ill.
2354 2697 2433 2758 7.)
2453 2707 2549 2746 eos
2568 2706 2761 2747 versus
2782 2691 2933 2746 finem

413 2779 648 2844 biennii,
682 2779 826 2851 quod
856 2783 912 2836 S.
943 2781 1148 2836 Paulus
1176 2783 1390 2836 Romae
1418 2782 1668 2852 captivus
1696 2782 1937 2852 peregit,
1965 2796 2086 2836 esse
2113 2781 2459 2836 terminatos
2495 2799 2521 2830 α
2550 2779 2933 2849 Apostolorum

417 2867 675 2936 historia,
718 2867 930 2940 inquit,
971 2883 1146 2938 usque
1183 2867 1256 2922 ad
1296 2867 1583 2924 biennium
1624 2871 1839 2924 Romae
1880 2868 2279 2924 commorantis
2317 2867 2475 2922 Pauli
2517 2866 2799 2936 pervenit,
2828 2866 2864 2919 i.
2890 2881 2931 2917 e.

415 2969 590 3026 usque
619 2952 690 3011 ad
715 2961 769 3010 4.
801 2955 1022 3022 (rectius
1046 2975 1060 3009 :
1094 2969 1270 3026 usque
1297 2954 1369 3010 ad
1400 2960 1510 3023 10.)
1542 2956 1775 3012 Neronis
1798 2971 2035 3024 annum3
2060 2971 2127 3010 ex
2152 2971 2262 3026 quo
2290 2953 2647 3026 intelligitur,
2672 2955 2730 3008 in
2752 2953 2935 3008 eadem

415 3043 553 3098 urbe
588 3041 792 3098 librum
824 3058 943 3097 esse
971 3042 1342 3113 compositum
1369 3064 1419 3098 ».
1447 3045 1602 3112 Quae
1631 3045 1685 3099 S.
1714 3043 1971 3098 Doctoris
2008 3041 2291 3098 conclusio
2317 3042 2606 3114 illegitima
2636 3049 2811 3107 esset,
2844 3039 2935 3095 nisi

416 3145 544 3185 cum
579 3129 704 3184 loco
735 3129 902 3185 ctiam
928 3137 1147 3202 tempus
1185 3129 1410 3201 originis
1444 3131 1693 3186 indicare
1726 3130 2009 3186 voluisset.
2042 3131 2143 3186 Uti
2182 3137 2371 3186 autem
2411 3127 2556 3184 infra
2596 3129 2937 3184 ostendemus

417 3222 469 3284 (ξ
501 3222 608 3284 14),
637 3216 920 3273 biennium
948 3218 1090 3273 illud
1117 3233 1150 3274 a
1179 3234 1349 3274 verno
1379 3227 1633 3288 tempore
1659 3234 1708 3273 a.
1738 3223 1827 3273 62.
1857 3233 2033 3290 usque
2061 3217 2133 3274 ad
2160 3218 2370 3288 primos
2398 3231 2619 3274 menses
2648 3233 2697 3271 a.
2728 3222 2817 3270 64.
2849 3215 2937 3270 de·

416 3305 616 3372 currit3
641 3320 811 3375 quare
840 3305 908 3360 de
927 3314 1180 3376 tempore
1204 3317 1259 3362 et
1284 3307 1406 3362 loco
1435 3306 1665 3378 originis
1689 3309 1931 3361 Actuum
1956 3305 2091 3361 satis
2118 3313 2355 3361 constat.
2387 3307 2565 3360 Porro
2596 3303 2937 3375 Evangelium

415 3408 528 3449 non
558 3391 655 3447 diu
683 3402 842 3448 antea
885 3409 1004 3449 esse
1041 3395 1401 3450 terminatum
1437 3411 1504 3450 ex
1534 3410 1601 3449 eo
1642 3393 1754 3450 iam
1800 3401 2045 3465 apparet,
2078 3391 2230 3464 quod
2256 3394 2311 3448 S.
2352 3393 2535 3448 Lucas
2580 3395 2755 3447 Actus
2802 3389 2939 3444 velut

415 3479 718 3538 secundam
745 3489 958 3552 partem
987 3481 1271 3554 Evangelii
1299 3483 1384 3536 sui
1413 3481 1742 3538 consideret.
1771 3483 2063 3537 Praeterea
2090 3479 2453 3552 Evangelium
2471 3479 2648 3534 etiam
2668 3484 2939 3534 auctorem

416 3571 528 3626 iam
558 3566 650 3622 diu
685 3583 812 3623 cum
841 3569 1014 3625 Paulo
1043 3569 1491 3625 coniunctissime
1516 3570 1715 3624 vixisse
1744 3569 1994 3641 aliosque
2022 3567 2381 3624 immediatos
2408 3575 2580 3622 testes
2608 3565 2751 3621 vitae
2773 3563 2939 3620 domi-

415 3658 570 3712 nicae
609 3655 805 3712 vidisse
841 3659 1121 3728 supponit.
1163 3659 1306 3728 Ergo
1349 3668 1561 3729 septem
1598 3658 1713 3713 illis
1748 3656 1910 3712 annis
1937 3654 2105 3711 scribi
2136 3672 2251 3711 non
2280 3655 2485 3726 potuit,
2520 3667 2663 3726 quos
2692 3655 2865 3708 Lucas
2888 3651 2937 3704 in

415 3744 742 3801 Macedonia
781 3747 1022 3817 peregit,
1063 3747 1160 3800 illo
1194 3746 1340 3800 enim
1361 3754 1615 3816 tempore
1644 3745 1835 3816 paucis
1862 3751 2079 3799 tantum
2102 3741 2385 3798 mensibus
2412 3757 2543 3796 cum
2568 3742 2741 3796 Paulo
2768 3738 2939 3794 suerat

415 3849 518 3890 nec
549 3849 884 3906 quemquam
914 3833 1254 3905 reliquorum
1273 3832 1673 3904 discipulorum
1703 3841 1923 3902 praeter
1948 3829 2263 3887 Barnabam
2288 3836 2643 3902 cognoverat.
2665 3825 2767 3884 Sed
2790 3833 2938 3896 post-

419 3937 587 3993 quam
612 3936 781 3976 verno
809 3929 1062 3993 tempore
1089 3937 1141 3976 a.
1169 3926 1259 3976 59.
1287 3935 1414 3975 cum
1441 3919 1613 3976 Paulo
1642 3919 2015 3975 Palaestinam
2045 3919 2361 3974 visitaverat
2388 3932 2517 3974 cum
2544 3931 2721 3987 eoque
2746 3913 2937 3970 Caesa·

418 4025 547 4066 reae
571 4017 626 4065 et
654 4011 864 4064 Romae
895 4010 991 4064 diu
1022 4009 1250 4076 vixerat,
1278 4007 1485 4064 librum
1511 4007 1791 4076 scripsisse
1818 4007 2023 4063 rectius
2050 4006 2274 4062 dicitur.
