3050 5184
401 329 518 386 442
557 342 632 386 nr:
663 342 794 386 vax-r.
829 341 1078 386 rasum.
1111 339 1303 385 ments
1336 339 1729 386 rnorunrimS.
1754 359 1833 368 —
1858 340 1986 385 cap.
2021 341 2100 384 vx.
2134 341 2211 384 nn
2238 340 2551 386 rnornarrs
2574 341 2894 386 tinomaus.

471 481 522 530 3.
551 474 655 530 Die
676 479 765 529 24.
797 488 877 528 m.
901 479 956 529 9.
993 471 1262 537 ostendit,
1291 471 1573 543 quomodo
1600 475 1753 528 Deus
1776 473 2045 544 populum
2073 473 2145 529 ob
2174 472 2481 545 neglectam
2508 471 2697 544 templi
2723 471 2895 526 aedili-

641 562 916 618 cationem
935 561 1127 632 punire
1147 559 1401 618 debuerit
1424 564 1715 630 (2,11-18),
1742 559 1841 616 sed
1865 575 2013 616 nunc
2037 559 2107 616 ob
2132 567 2500 616 reassumtum
2522 575 2661 631 opus
2679 560 2731 614 ei
2752 558 2902 614 bene-

644 647 891 705 dicturus
917 650 990 704 sit
1011 652 1179 715 (2,19.
1211 653 1319 714 20).
2388 715 2393 722 ι

467 743 518 792 4.
555 736 762 792 Eodem
790 736 879 792 die
915 734 1262 804 zorobabeli‚
1295 735 1392 791 uni
1429 751 1496 791 ex
1525 735 1755 792 Davidis
1796 736 2057 808 posteriS,
2096 751 2355 809 magnam
2384 735 2616 809 gloriam
2660 734 2903 807 praedicit

643 824 940 896 (zm-24).

473 978 532 1036 3.
565 1011 644 1019 —
675 975 917 1036 Libello
937 1021 952 1050 ,
986 975 1266 1054 quamvis
1295 975 1419 1036 duo
1455 979 1821 1054 argumenta
1857 993 2111 1056 prorsus
2151 975 2396 1036 diversa
2424 973 2677 1055 (templi
2714 973 2907 1034 aedili-

396 1075 716 1133 cationem
753 1075 818 1133 et
845 1072 1246 1133 zorobabelis
1277 1073 1553 1132 futuram
1580 1071 1870 1151 gloriam)
1902 1076 2166 1133 tractare
2194 1071 2500 1144 videatur,
2532 1071 2807 1149 perfecta
2828 1073 2907 1128 ta-

395 1187 542 1228 men
574 1170 784 1230 unitas
824 1187 951 1230 non
1000 1169 1208 1240 deest,
1239 1172 1549 1246 quatenus
1588 1168 1667 1229 ad
1706 1170 1916 1247 priora
1954 1169 2251 1229 vaticinia
2288 1167 2637 1246 respiciens
2685 1166 2910 1245 plenam

395 1265 778 1326 theocratiae
815 1266 1339 1327 restaurationem
1367 1264 1702 1343 promittit.
1738 1265 2031 1326 Ceterum
2058 1266 2124 1324 in
2154 1268 2411 1324 externa
2448 1280 2563 1323 sua
2604 1263 2803 1322 forma
2835 1259 2911 1320 ni·

395 1360 485 1421 hil
515 1361 818 1440 praeclari
846 1361 1056 1422 habet.

469 1465 723 1522 Foederis
751 1465 864 1535 sui,
893 1466 1042 1539 quod
1066 1467 1218 1523 Deus
1239 1483 1370 1523 cum
1387 1467 1466 1522 eis
1490 1466 1776 1539 pepigerat
1789 1508 1804 1534 ,
1834 1467 2120 1524 Israelitae
2148 1465 2261 1522 duo
2296 1464 2655 1538 possidebant
2676 1461 2905 1536 symbola

397 1563 452 1608 et
481 1553 736 1626 pignora,
764 1554 1070 1626 templum,
1100 1553 1154 1609 in
1184 1567 1294 1626 quo
1319 1555 1470 1609 Deus
1493 1552 1719 1624 speciali
1747 1551 1915 1609 modo
1947 1554 2099 1610 velut
2120 1569 2413 1624 supremus
2440 1552 2633 1624 populi
2660 1550 2909 1607 Dominus

397 1640 696 1708 residebat,
729 1649 785 1696 et
806 1641 1048 1696 domum
1078 1641 1452 1709 davidicam,
1479 1641 1570 1696 cui
1602 1639 1840 1696 thronus
1869 1648 2128 1696 aeternus
2158 1641 2465 1712 promissus
2491 1648 2636 1694 erat.
2668 1643 2746 1695 At
2778 1637 2911 1692 brevi
3015 1689 3016 1696 ,

397 1737 524 1783 ante
555 1726 832 1784 excidium
865 1728 1020 1784 urbis
1047 1727 1307 1784 Ezechiel
1335 1728 1641 1783 Dominum
1674 1737 2021 1795 spectaverat
2046 1744 2078 1783 e
2104 1728 2315 1799 templo
2348 1726 2735 1800 egredientem
2758 1735 2809 1779 et
2829 1739 2911 1778 ur·
3015 1761 3016 1798 ³

397 1815 524 1871 bem
551 1816 954 1887 relinquentem
978 1815 1204 1884 (Ezech.
1243 1819 1346 1884 11),
1383 1825 1551 1887 atque
1582 1815 1849 1870 Ieremias
1887 1814 2241 1885 lechoniam,
2268 1815 2529 1871 ultimum
2562 1813 2910 1869 salomonicae
3015 1839 3016 1858 ι

397 1903 580 1975 stirpis
609 1903 894 1960 surculum
917 1918 948 1958 a
972 1905 1094 1958 Deo
1123 1902 1286 1973 plane
1312 1903 1464 1958 reiici
1491 1902 1745 1958 audierat
1770 1906 1901 1970 (Icr.
1931 1908 2097 1971 21,24
2120 1905 2288 1974 sqq.).
2316 1900 2615 1972 Quomodo
2645 1903 2793 1956 Deus
2818 1897 2911 1954 duo
3015 1909 3016 1950 ὲ

399 1989 535 2046 haec
561 1991 794 2062 pignora
830 1991 1036 2062 populo
1075 2000 1200 2060 post
1237 1990 1493 2046 exsilium
1521 1990 1853 2058 restituerit,
1882 1991 2045 2046 docet
2072 1994 2357 2063 Aggaeus3
2389 1989 2601 2045 etenim
2630 1987 2701 2044 ad
2732 2002 2911 2043 novum

396 2079 693 2149 templum,
727 2077 876 2150 quod
903 2085 1157 2148 tempore
1184 2079 1508 2134 messianico
1546 2077 1793 2134 Verbum
1820 2094 1951 2134 caro
1990 2077 2198 2134 factum
2232 2077 2405 2150 gloria
2443 2091 2544 2131 sua
2574 2075 2649 2131 sit
2686 2075 2911 2146 impletu·
3015 2069 3016 2078 ’

399 2181 549 2234 rum,
581 2164 986 2220 aedificandum
1015 2165 1361 2234 exhortatur,
1395 2174 1448 2220 et
1475 2165 1637 2220 illum
1663 2181 1732 2220 ex
1758 2164 1988 2220 Davidis
2016 2165 2249 2236 posteris
2277 2163 2553 2236 designat,
2588 2163 2686 2236 qui
2716 2177 2813 2234 pro
2840 2163 2911 2216 le·

397 2253 598 2309 chonia
627 2253 830 2308 reiecto
858 2253 1279 2308 continuaturus
1307 2253 1376 2307 sit
1406 2253 1800 2323 promissiones
1826 2251 2016 2307 domui
2044 2251 2331 2308 davidicae
2362 2251 2558 2307 factas,

477 2406 536 2462 4.
567 2437 646 2448 -
675 2405 762 2463 De
793 2401 995 2462 libelli
1024 2401 1333 2462 authentia
1350 2405 1417 2462 et
1441 2405 1794 2482 inteqritate
1816 2403 1983 2462 inter
2011 2419 2231 2463 omnes
2253 2405 2531 2475 constat;
2558 2401 2707 2462 eius
2726 2401 2913 2461 divina

396 2503 722 2560 auctoritas
759 2499 823 2558 in
854 2499 1078 2559 Vetere
1111 2503 1174 2559 et
1203 2501 1374 2560 Novo
1406 2499 1573 2558 Test.
1610 2498 1972 2558 testimonia
2002 2503 2175 2559 certa
2203 2498 2413 2559 habet.

469 2603 688 2659 Esdras
711 2601 782 2658 ad
806 2610 1057 2658 nostrum
1085 2601 1290 2659 librum
1317 2601 1567 2658 alludens
1594 2601 1728 2658 dicit
1754 2619 1780 2654 ι
1809 2606 2096 2675 Aggaeum
2126 2603 2484 2674 prophetam
2522 2610 2581 2656 et
2608 2601 2913 2658 Zachariam

395 2692 466 2749 ad
493 2692 728 2748 Iudaeos
763 2691 820 2747 in
857 2689 994 2746 Iuda
1027 2699 1082 2746 et
1119 2691 1420 2746 Ierusalem
1448 2690 1514 2744 in
1545 2693 1785 2746 nomine
1824 2690 1933 2744 Dei
1970 2688 2163 2746 Israel
2187 2689 2584 2761 prophetasse
2609 2709 2639 2740 n
2677 2689 2726 2762 (1
2760 2687 2909 2743 Esdr.

393 2787 481 2848 5,1
513 2779 596 2835 cl'r
623 2778 803 2850 6,14);
830 2778 1124 2834 Siracidcs
1151 2778 1392 2834 celebrat
1421 2777 1823 2834 zorobabelem
1850 2776 2033 2833 verbis
2072 2778 2250 2832 nostri
2288 2775 2596 2847 prophetae
2626 2793 2761 2832 usus
2788 2783 2913 2830 tam·

396 2883 563 2939 quam
591 2866 881 2922 annulum
909 2868 977 2922 in
1003 2882 1188 2922 manu
1215 2866 1461 2921 dextera
1493 2866 1692 2931 (Eccli.
1726 2871 1891 2930 49,st
1916 2864 2001 2920 cfr
2024 2869 2169 2936 A99.
2201 2869 2373 2932 234),
2395 2873 2449 2920 et
2473 2869 2530 2917 S.
2562 2863 2789 2920 Paul-us
2816 2877 2913 2916 ver·

394 2954 479 3010 bis
503 2953 804 3027 prophetae
843 2953 1129 3024 explicatis
1166 2952 1614 3009 adhortationem
1652 2968 1811 3008 suam
1846 2950 1917 3007 ad
1962 2951 2247 3008 Hebraeos
2284 2951 2581 3007 confirmat
2618 2952 2811 3022 (Hebr.
2840 2955 2911 3004 12.

394 3045 462 3096 26
489 3057 598 3114 sq.;
630 3047 777 3110 Aqq.
803 3045 940 3108 2,7.).

1042 3242 1084 3331 ἓ
1112 3249 1218 3310 31.
1252 3281 1340 3291 -
1375 3245 1470 3309 Dc
1495 3239 1863 3331 Prophetia
1892 3241 2283 3308 Zachariae.

475 3457 532 3514 1.
563 3488 643 3498 —
669 3454 928 3514 Duobus
976 3454 1298 3514 mensibus
1345 3457 1489 3532 post
1532 3453 1850 3532 Aggaeum
1896 3454 2203 3532 propheta
2248 3452 2520 3513 surrexit
2565 3453 2907 3526 Zacharias,

393 3550 558 3611 filius
573 3549 914 3610 Barachiae
933 3551 1049 3610 filii
1072 3549 1250 3610 Addo
1264 3595 1278 3620 ,
1306 3571 1336 3604 «
1362 3567 1438 3610 ex
1458 3566 1639 3610 sacro
1654 3549 2017 3628 sanguinei.
2044 3567 2100 3610 e.
2130 3567 2207 3609 ex
2225 3549 2395 3609 tribu
2414 3550 2567 3609 Levi
2588 3573 2619 3604 »
2646 3549 2733 3628 (S.
2762 3547 2913 3626 Cyr.)

391 3646 802 3725 probabiliter
829 3649 1112 3720 exortus;
1145 3645 1442 3707 ultimum
1469 3663 1704 3706 annum
1722 3693 1737 3720 ,
1772 3663 1966 3723 quem
1994 3645 2105 3706 uni
2130 3662 2207 3705 ex
2234 3645 2633 3706 orationibus
2662 3645 2791 3706 suis
2818 3643 2913 3704 ad-

393 3743 670 3822 scripsit,
707 3748 803 3803 est
830 3760 1030 3804 annus
1060 3746 1120 3802 4.
1153 3743 1322 3802 Darii
1355 3740 1530 3821 (m).
1564 3745 1652 3803 De
1682 3742 1925 3819 reliqua
1952 3743 2087 3803 eius
2125 3741 2257 3801 vita
2284 3744 2391 3801 aut
2428 3741 2508 3802 de
2552 3747 2760 3803 morte
2796 3741 2913 3801 eius

393 3858 470 3900 ne
499 3839 854 3918 probabilia
877 3839 1136 3917 quidem
1166 3839 1350 3899 statui
1378 3842 1664 3916 possunt.

463 3946 616 3999 Inter
651 3941 1001 3998 sacerdotum
1042 3942 1343 4013 principeS‚
1373 3942 1468 4013 qui
1497 3957 1547 3996 a.
1584 3949 1634 3997 1.
1674 3941 1803 4013 Cyri
1830 3955 1960 3996 cum
1996 3940 2337 3997 zorobabele
2375 3956 2444 3996 ex
2484 3940 2767 3998 Chaldaea
2802 3945 2916 3995 sunt

392 4031 614 4098 reversi,
645 4031 964 4086 nominatur
992 4029 1170 4084 Addo
1199 4027 1445 4100 quidam,
1478 4029 1637 4084 cuius
1660 4029 1807 4084 filius
1836 4027 1925 4082 vel
1951 4044 2125 4101 nepos
2154 4027 2491 4084 Zacharias
2509 4029 2527 4063 ¹
2555 4029 2749 4100 paucis
2770 4025 2914 4082 annis

392 4126 580 4189 postea
615 4125 866 4189 tempore
902 4119 1100 4172 summi
1134 4115 1436 4173 sacerdotis
1474 4115 1687 4171 Ioakim
1722 4115 1865 4170 inter
1910 4116 2184 4188 principes
2222 4116 2577 4172 sacerdotum
2614 4121 2914 4172 recensetur

393 4210 446 4272 (2
473 4203 646 4261 Esdr.
681 4211 823 4269 12,1.
856 4211 911 4260 4.
946 4211 1030 4261 12.
1066 4211 1173 4272 16).
1205 4205 1482 4272 Quoniam
1521 4205 1747 4260 nomina
1782 4203 1951 4276 igitur
1985 4220 2098 4259 non
2134 4203 2347 4272 mium,
2378 4219 2549 4276 quam
2590 4215 2768 4272 aetas,
2792 4217 2911 4256 con·
3015 4267 3016 4272 η

392 4301 612 4364 gruunt,
645 4293 762 4349 veri
801 4293 1082 4349 simillima
1123 4301 1209 4348 est
1247 4292 1565 4349 coniectura
1582 4335 1597 4362 ,
1641 4291 1961 4347 Zachariam
1992 4291 2349 4362 prophetam,
2376 4292 2483 4348 etsi
2528 4289 2909 4350 sacerdotalem
3015 4303 3016 4356 4

453 4475 520 4537 (1)
549 4477 742 4526 Nomen
773 4476 1087 4526 Zachariae
1119 4470 1324 4538 (ΠΊὋΤ,
1357 4475 1612 4539 Ζαχαρίας)
1641 4475 1691 4525 S.
1723 4475 2061 4536 Hieronymus
2092 4479 2231 4524 recte
2258 4473 2323 4524 ad
2348 4440 2461 4524 rad.
2502 4479 2600 4528 Ἶῧτ
2630 4473 2829 4528 retulit:
2858 4468 2910 4517 *b

391 4591 450 4627 eo
471 4579 751 4640 explicatur
783 4599 794 4630 :
829 4593 1026 4629 mcnwr
1054 4581 1266 4630 Domini
1287 4581 1405 4638 sui,-
1433 4593 1464 4628 a
1491 4579 1751 4629 modernis
1778 4579 1967 4629 rectius
1999 4598 2011 4629 :
2039 4581 2089 4628 is
2115 4580 2273 4630 cuius
2302 4593 2503 4630 memor
2531 4583 2609 4632 est
2645 4579 2902 4632 Dominus.

391 4658 484 4705 aut
505 4657 656 4705 etiam
681 4660 727 4706 is
753 4660 848 4721 qui
870 4671 1072 4707 rvaeemor
1094 4662 1172 4707 esc
1209 4660 1421 4709 Domini
1449 4661 1541 4707 aut
1568 4659 1833 4719 ylariosus
1858 4662 1935 4708 est
1956 4661 2220 4707 ,Dominus
2249 4663 2349 4711 etc.
