3050 5184
315 295 431 352 492
474 309 551 353 nn
575 309 716 355 NOVI
743 311 907 354 rss‘r.
931 311 1123 356 marus
1152 307 1513 353 ius-romeis.
1538 321 1618 336 —
1646 307 1775 350 mir.
1810 308 1874 350 11.
1908 307 1983 352 nu
2010 306 2460 352 sYuorricoauu
2488 302 2851 348 anm-rioms.

313 439 553 496 Demum
577 439 722 512 finge
749 442 850 498 tibi
877 441 1252 514 Evangelistas
1278 440 1573 510 inspiratos
1600 453 1791 494 coram
1820 447 2058 509 quatuor
2086 439 2175 493 vel
2203 438 2445 509 quinque
2474 435 2861 492 voluminibus

314 525 587 598 sedentes,
613 545 759 584 nunc
809 546 1011 596 unum,
1043 545 1192 585 nunc
1229 528 1494 594 alterum,
1517 525 1797 582 interdum
1826 526 2053 580 tertium
2087 526 2176 580 vel
2205 533 2463 597 quartum
2492 523 2863 594 inspicientes

315 622 370 668 et
394 630 460 669 ex
486 631 552 670 eo
571 632 672 672 sua
695 617 988 689 Evangelia
1013 617 1394 690 coagulantes3
1419 623 1514 669 aut
1542 613 1707 669 etiam
1727 613 1907 685 cogita
1927 613 2305 686 Evangelistas
2326 613 2481 666 varia
2506 609 2825 682 fragmenta
2842 651 2859 674 ,

315 717 458 771 quae
490 703 836 774 invenerunt,
869 705 945 760 ita
973 704 1291 775 copulantes
1319 712 1377 758 et
1411 710 1769 767 consuentes,
1814 711 1877 756 ut
1906 700 2071 756 hodie
2100 699 2284 756 adhuc
2320 715 2515 754 eorum
2556 708 2795 754 suturae
2828 713 2865 753 a

319 807 345 838 α
374 791 578 846 criticis
607 813 633 844 n
667 792 1060 864 interpretibus
1087 791 1441 862 detegantur!

391 943 449 1000 5.
484 975 561 986 ——·
599 943 798 1001 Variis
838 960 1090 1020 quoque
1131 941 1348 1000 formis
1386 939 1759 1019 proponitur
1798 945 2057 1019 systema
2102 943 2342 998 mutuae
2390 937 2861 1016 dependentiae‚

313 1040 376 1094 at
402 1053 622 1096 omnes
645 1039 934 1115 gravibus
963 1039 1246 1099 laborant
1274 1035 1784 1104 difficultatibuS‚
1811 1040 1879 1095 ut
1906 1052 1985 1094 ne
2014 1035 2123 1094 illa
2149 1033 2408 1112 quidem
2432 1035 2655 1105 forma,
2682 1051 2867 1110 quae

313 1133 532 1192 multis
569 1134 893 1195 catholicis
937 1135 1394 1213 interpretibus
1441 1132 1704 1202 arridet,
1740 1131 1991 1192 defendi
2036 1148 2220 1210 posse
2266 1131 2575 1192 videatur.
2607 1130 2866 1192 Omnes

315 1228 486 1288 enim
517 1246 660 1290 cum
686 1231 844 1304 illis,
877 1249 1034 1310 quae
1058 1232 1270 1292 Patres
1299 1229 1725 1308 antiquissimi
1754 1228 1832 1288 de
1864 1229 2342 1307 Evangeliorum
2373 1227 2863 1306 synopticorum

315 1324 558 1401 origine
582 1327 1008 1401 tradiderunt,
1041 1329 1194 1389 satis
1225 1330 1440 1406 aperte
1469 1330 1779 1404 pugnant,
1804 1342 2012 1402 neque
2043 1329 2255 1385 tamen
2284 1325 2381 1397 id,
2416 1325 2495 1384 ad
2525 1323 2696 1402 quod
2736 1343 2861 1384 ex—

314 1421 673 1498 plicandum
701 1430 1132 1497 assumuntur,
1158 1425 1494 1501 explicant;
1520 1422 1717 1484 immo
1744 1423 1932 1482 etiam
1958 1422 2080 1482 hoc
2108 1426 2411 1498 systema,
2434 1422 2653 1480 saltem
2683 1422 2861 1483 sicut

309 1516 390 1576 ab
419 1517 601 1578 initio
630 1522 1024 1599 propositum
1053 1525 1180 1594 est,
1215 1520 1506 1597 dignitati
1538 1519 2067 1598 Evangelistarum
2095 1535 2221 1577 non
2252 1518 2545 1578 consulit.

381 1632 704 1702 systematis
736 1634 896 1688 huius
923 1643 1006 1689 tot
1033 1634 1345 1706 propositae
1373 1642 1501 1688 sunt
1527 1633 1759 1701 formae,
1793 1639 1928 1702 quot
1954 1631 2258 1703 excogitari
2284 1639 2543 1701 possunt;
2574 1631 2670 1686 alii
2692 1633 2855 1690 enim

311 1718 678 1789 Matthaeum,
713 1721 804 1775 alii
831 1723 1103 1791 Marcum,
1135 1720 1228 1776 alii
1258 1723 1467 1776 Lucam
1496 1719 1737 1790 primum
1782 1718 2063 1790 scripsisse
2092 1726 2360 1786 statuunt,
2404 1733 2509 1774 nec
2545 1716 2749 1774 deinde
2790 1719 2851 1777 in

307 1803 544 1860 aliorum
575 1806 812 1863 duorum
841 1808 1034 1864 ordine
1058 1809 1408 1864 consentiunt
1439 1829 1452 1863 :
1483 1815 1765 1876 praeterea
1796 1805 2049 1862 moderni
2072 1805 2443 1861 rationalistae
2466 1821 2595 1861 cum
2614 1805 2721 1862 hoc
2752 1824 2849 1881 sy-

311 1901 542 1948 stemate
563 1895 900 1968 coniungunt
923 1897 1159 1952 alterum
1187 1895 1255 1952 de
1280 1894 1713 1967 protevangeliO,
1745 1901 1908 1966 atque
1932 1893 2085 1964 λόγια
2106 1893 2396 1958 Matthaei,
2418 1895 2849 1952 Protomarcum

311 1981 636 2051 quemdam,
665 1981 974 2054 fragmenta
1004 1999 1146 2056 quae
1185 1983 1242 2039 in
1267 1985 1450 2040 Lucae
1479 1983 1765 2054 prooemio
1790 1989 2222 2038 commemorata
2247 1978 2453 2048 vident,
2485 1982 2547 2036 in
2575 1984 2847 2040 auxilium

311 2077 524 2123 vocant.
558 2071 712 2125 Inter
751 2071 1051 2126 catholicos
1089 2071 1238 2127 haud
1279 2087 1476 2143 parum
1503 2077 1803 2142 propagata
1841 2078 1924 2125 est
1950 2070 2045 2125 illa
2072 2069 2270 2137 forma,
2318 2085 2487 2140 quam
2524 2072 2781 2126 nonnulli
2812 2089 2842 2126 a

305 2157 364 2210 S.
391 2157 697 2227 Augustino
729 2159 838 2214 iam
867 2159 1253 2215 adumbratam
1282 2174 1400 2214 esse
1425 2157 1699 2213 immerito
1729 2165 1981 2225 censent3
2016 2159 2268 2213 Marcum
2296 2157 2504 2212 scilicet
2526 2173 2689 2214 usum
2717 2175 2842 2214 ωδε

307 2243 574 2298 Matthaei
595 2244 739 2300 libro
769 2255 824 2301 et
856 2248 1064 2303 Lucam
1106 2245 1420 2302 adhibuisse
1451 2245 1561 2301 duo
1599 2247 1784 2317 priora
1820 2246 2143 2318 Evangelia3
2175 2245 2345 2316 aliqui
2383 2242 2585 2302 deinde
2612 2245 2835 2302 addunt

307 2331 559 2386 Marcum
587 2331 899 2389 adhibuisse
918 2335 1254 2390 aramaicum
1279 2334 1626 2390 Matthaeum
1649 2342 1706 2388 et
1723 2349 1985 2405 graecum
2004 2331 2269 2387 Matthaei
2290 2331 2651 2403 interpretem
2674 2349 2841 2390 usum

287 2424 425 2472 'esse
455 2421 659 2486 Marco,
689 2430 782 2476 aut
806 2422 974 2477 etiam
998 2424 1210 2478 Lucam
1239 2431 1490 2478 statuunt
1517 2429 1739 2492 praeter
1778 2421 1961 2489 priora
1990 2421 2289 2492 Evangelia
2330 2420 2581 2477 hausisse
2608 2438 2676 2477 ex
2714 2423 2844 2478 aliis

307 2503 548 2562 sontibus
571 2509 785 2578 scriptis
812 2518 919 2564 etc.
949 2509 1116 2565 Pauci
1139 2509 1394 2566 catholici
1421 2507 1765 2564 Matthaeum
1790 2507 2016 2579 quidem
2046 2509 2285 2577 primum
2314 2517 2583 2578 statuunt,
2616 2510 2713 2566 sed
2744 2527 2841 2566 se·

305 2593 547 2650 cundum
579 2596 784 2651 Lucam
812 2605 867 2652 et
891 2613 922 2652 a
953 2595 1168 2654 duobus
1195 2599 1312 2652 istis
1339 2596 1654 2666 dependere
1668 2597 1938 2651 Marcum.
1964 2599 2115 2651 Inter
2139 2595 2477 2651 acatholicos
2500 2597 2658 2652 multi
2682 2599 2841 2654 Mar-

304 2695 430 2736 cum
456 2683 693 2753 primum
725 2683 961 2751 faciunt,
991 2685 1060 2742 ab
1102 2702 1169 2741 eo
1207 2684 1520 2756 dependere
1558 2687 1693 2750 (Ps.)
1736 2682 2083 2739 Matthaeum
2120 2684 2457 2739 aramaicum
2496 2693 2553 2739 et
2592 2687 2841 2752 Lucam,

304 2785 562 2842 graecum
591 2773 854 2828 Matthaei
888 2775 1244 2844 interpretem
1274 2780 1492 2843 praeter
1521 2771 1857 2827 aramaicum
1896 2780 2109 2827 textum
2146 2772 2314 2826 etiam
2342 2770 2661 2828 adhibuisse
2692 2777 2843 2829 Mar·

302 2872 428 2913 cum
458 2867 512 2914 et
541 2859 764 2915 Lucam.
797 2860 905 2918 Sed
930 2876 1126 2916 omnes
1147 2861 1357 2917 formas
1385 2875 1686 2931 earumque
1710 2859 2044 2932 multiplices
2064 2859 2357 2914 varietates
2377 2873 2707 2916 enumerare
2734 2877 2843 2916 nec

301 2956 458 3001 vacat
484 2961 586 3002 nec
617 2947 783 3003 iuvat.

369 3035 572 3088 Contra
600 3050 791 3090 omnes
828 3035 1037 3091 formas
1069 3037 1155 3106 a.)
1187 3035 1547 3103 adnotamuS,
1582 3036 1798 3090 nullum
1828 3037 2078 3102 Patrem,
2114 3049 2183 3090 ne
2220 3035 2337 3106 ipso
2366 3033 2596 3105 quidem
2622 3035 2681 3090 S.
2714 3039 2842 3090 Au-

301 3122 516 3192 gustino
559 3131 808 3193 excepto,
857 3123 1010 3178 cuius
1053 3124 1429 3179 testimonium
1477 3122 1569 3190 (de
1606 3123 1766 3178 Cous,
1816 3123 2024 3192 Evaug.
2072 3122 2115 3176 1.
2158 3123 2208 3191 2)
2253 3121 2531 3177 immerito
2580 3123 2837 3183 atrei-mr,

301 3207 600 3280 quidquam
639 3207 709 3264 de
750 3219 943 3266 mutua
983 3209 1346 3282 dependentia
1385 3211 1859 3282 Evangelistarum
1896 3207 2218 3275 tradidisse;
2256 3209 2427 3265 immo
2466 3209 2841 3282 antiquissimi

300 3311 492 3350 omnes
529 3297 899 3369 consentiunt,
931 3301 1182 3354 Marcum
1211 3298 1491 3370 scripsisse
1523 3297 1991 3369 praedicationem
2024 3299 2203 3366 Petri,
2228 3299 2440 3354 Lucam
2469 3299 2839 3368 praedicatio·

296 3399 422 3439 nem
465 3384 640 3439 Pauli.
679 3389 874 3457 Itaque
906 3404 1018 3442 non
1055 3395 1274 3442 tantum
1309 3386 1671 3442 fundamento
1712 3385 1971 3441 historico
2011 3393 2188 3452 caret,
2222 3383 2318 3440 sed
2357 3387 2527 3441 etiam
2558 3387 2843 3442 historicis

295 3472 627 3528 testimoniis
666 3483 936 3547 repugnat
973 3475 1080 3531 hoe
1110 3483 1364 3548 systema.
1394 3495 1474 3514 —·
1493 3475 1570 3546 b.)
1606 3475 1780 3529 Porro
1810 3474 1857 3528 si
1889 3489 2033 3529 unus
2060 3474 2408 3546 Evangelista
2436 3474 2578 3530 libro
2609 3476 2841 3532 alterius

297 3573 429 3614 usus
456 3575 576 3615 esse
613 3563 894 3630 statuitur,
933 3564 1136 3632 optime
1178 3562 1404 3634 quidem
1435 3577 1629 3619 corum
1667 3559 1967 3617 similitudo
1996 3561 2341 3634 intelligitur,
2370 3560 2469 3617 sed
2498 3579 2696 3619 eorum
2720 3563 2840 3620 dis-

295 3648 609 3719 crepantiae
635 3665 746 3704 non
777 3651 1148 3721 explicantur,
1181 3652 1370 3722 utique
1399 3649 1675 3706 secundus
1704 3649 1973 3705 nonnulla
1998 3665 2097 3721 pro
2122 3649 2233 3704 tine
2262 3665 2361 3704 suo
2391 3648 2601 3706 addere
2632 3653 2835 3722 potuit,

297 3734 400 3791 alia
461 3737 736 3807 omittere,
768 3739 875 3794 alia
916 3737 1133 3794 diverso
1163 3736 1356 3794 ordine
1395 3753 1736 3809 proponere3
1770 3745 1827 3793 at
1853 3737 1947 3793 ubi
1984 3739 2158 3793 semel
2195 3736 2639 3809 praedecessoris
2668 3741 2837 3796 verba

301 3824 664 3881 transcribere
694 3827 893 3896 coepit,
925 3841 1026 3880 cur
1061 3827 1459 3882 sententiarum
1496 3825 1904 3897 verborumque
1942 3824 2193 3881 ordinem
2232 3825 2413 3882 subito
2437 3829 2715 3884 mutavit?
2740 3843 2841 3884 cur

299 3926 605 3984 synonyma
637 3928 735 3984 pro
767 3912 1204 3984 praedecessoris
1247 3913 1424 3970 verbis
1463 3913 1753 3970 adhibuit?
1796 3929 1897 3969 cur
1939 3927 2023 3982 ea,
2073 3929 2217 3984 quae
2256 3913 2407 3968 clare
2446 3913 2597 3970 dicta
2646 3927 2834 3982 erant,

301 3999 586 4056 obscurius
610 4000 884 4058 reddidit?
904 4017 1003 4056 cur
1024 4003 1084 4056 in
1101 4001 1286 4073 rebus,
1313 4003 1370 4056 in
1395 4001 1594 4073 quibus
1618 4002 1793 4057 maior
1820 4017 2119 4057 consensus
2142 4009 2510 4072 exspectatur,
2541 4002 2839 4060 diaeenfire

299 4088 508 4144 voluit?
535 4090 687 4144 Haec
713 4097 768 4144 et
790 4091 896 4144 alia
922 4091 1115 4157 multa,
1148 4106 1290 4161 quae
1319 4091 1581 4162 explicari
1608 4089 1834 4158 debent,
1858 4090 2171 4161 systematis
2195 4089 2359 4144 huius
2382 4091 2629 4147 asseclae
2659 4093 2833 4162 expli·

298 4191 425 4231 care
449 4192 566 4232 non
592 4186 840 4248 possunt.
873 4179 1018 4234 Hinc
1051 4178 1200 4248 apud
1228 4193 1324 4234 eos
1351 4178 1594 4234 maxima
1631 4178 1726 4233 illa
1763 4176 2071 4234 formarum
2108 4175 2423 4246 diversitaS,
2460 4186 2528 4233 ut
2564 4180 2657 4235 vix
2694 4181 2837 4236 duos

299 4265 574 4334 invenias,
603 4265 697 4337 qui
727 4281 952 4337 prorsus
973 4264 1168 4323 eadem
1197 4266 1412 4322 ratione
1447 4274 1685 4339 systema
1710 4265 1817 4321 hoc
1838 4273 2049 4320 tenent.
2078 4295 2149 4307 -
2177 4268 2249 4332 c.)
2276 4265 2571 4337 Inspiratio
2602 4267 2829 4323 minime

299 4350 524 4420 quidem
555 4351 782 4424 impedit
817 4355 1112 4426 quominus
1149 4354 1382 4426 scriptor
1408 4355 1708 4424 inspiratus
1742 4351 1989 4410 fontibus
2024 4353 2241 4425 scriptis
2278 4361 2497 4422 utatur,
2538 4354 2640 4410 sed
2676 4355 2823 4411 aliud

295 4446 381 4493 est
412 4438 612 4494 librum
647 4455 748 4510 pro
783 4441 933 4496 fonte
967 4440 1258 4510 adhihere,
1293 4440 1446 4498 aliud
1476 4442 1635 4498 illum
1664 4457 1729 4498 ea
1757 4441 1972 4497 ratione
2008 4440 2289 4507 adhibere,
2334 4457 2475 4513 quae
2513 4443 2819 4500 necessario

291 4523 638 4581 admittenda
656 4539 758 4594 est,
781 4536 844 4583 ut
859 4529 1163 4585 similitudo
1185 4539 1244 4584 et
1269 4528 1657 4585 dissimilitudo
1684 4530 1851 4585 simul
1870 4527 2231 4600 explicentur.
2252 4531 2437 4585 Lucas
2456 4545 2544 4586 ex.
2567 4547 2650 4603 gr.
2674 4545 2815 4586 nunc

295 4627 325 4665 a
357 4611 666 4680 Matthaeo,
698 4629 848 4670 nunc
875 4630 904 4669 a
935 4617 1122 4671 Marco
1151 4616 1335 4688 aliqua
1363 4616 1531 4672 verba
1571 4617 1901 4672 desumsisse
1926 4627 2071 4673 esset
2098 4616 2394 4684 dicendus,
2425 4635 2577 4675 nunc
2602 4626 2809 4674 utrum-
