3050 5184
454 254 573 312 272
653 268 727 312 DE
768 271 907 315 VET.
954 272 1211 315 TESTAN.
1255 272 1450 316 umus
1490 272 1841 316 msrolucls.
1874 288 1953 299 —
1983 270 2112 315 CAP.
2157 272 2296 317 vm.
2345 274 2420 316 DE
2460 272 2632 317 unito
2673 270 2885 315 'rosum

456 398 665 467 buisse;
696 416 899 473 magna
919 402 1066 457 enim
1096 410 1180 457 est
1205 402 1351 457 inter
1381 400 1558 475 Vuly.
1586 411 1643 458 et
1669 405 1744 458 It.
1776 402 2036 458 affinitas,
2064 405 2119 459 S.
2149 403 2409 459 Doctoris
2433 402 2611 459 versio
2637 401 2766 458 inde
2787 416 2814 455 a
2835 416 2952 455 saec.
3034 434 3035 479 3

455 492 509 542 0.
532 488 616 542 vel
636 493 671 542 7
678 531 689 542 .
712 488 830 543 sola
847 488 1140 544 adhibetur
1161 490 1222 544 in
1236 489 1470 546 ecclesia
1494 490 1685 546 latina.
1713 521 1785 529 —
1803 492 1910 546 Gr.
1937 496 2030 557 A„
2057 491 2275 561 quaein
2301 490 2576 562 plerisque
2591 489 2800 561 graecis
2819 486 2954 543 codd.

459 574 729 630 invenitur
765 584 823 630 et
855 576 918 631 in
942 592 1139 649 graeca
1172 576 1401 632 ecclesia
1429 593 1461 632 a
1490 576 1680 633 multis
1713 578 1944 633 saeculis
1973 576 2289 641 adhibetur,
2323 576 2636 649 primigenii
2674 575 2799 631 libri
2829 591 2956 630 com·

459 662 715 731 pendium
743 678 914 734 quam
934 665 1221 719 translatio
1250 665 1454 719 rectius
1482 663 1822 735 appellatum
1855 664 2048 721 eadem
2077 664 2146 721 ab
2175 665 2454 720 Armeniis
2475 678 2636 719 versa
2655 670 2806 719 estet
2825 661 2958 717 adhi-

456 748 637 816 betur,
666 759 833 820 atque
862 750 1121 807 hebraica
1150 766 1372 823 quoque
1402 751 1580 807 versio
1606 750 1726 815 illa,
1757 766 1900 823 quae
1928 752 2109 807 Hebr.
2142 752 2323 824 Faqii
2353 750 2682 823 appellatur,
2715 766 2781 806 ex
2813 764 2870 803 ea
2896 757 2962 803 est

454 835 721 892 adornata
751 837 829 892 uti
856 838 1027 895 etiam
1054 840 1206 909 prior
1243 838 1363 893 eius
1404 854 1532 910 pars
1569 839 1827 909 (1‚1-7‚8)
1875 838 2086 911 syriace
2132 854 2292 895 versa
2319 854 2352 895 a
2381 838 2530 911 Syris
2558 847 2866 909 usurpatur.
2905 864 2963 875 -·-

454 925 631 979 Multo
663 924 834 981 fusior
860 934 917 979 et
942 926 1249 981 accuratior
1277 934 1362 982 est
1388 929 1489 983 Gr.
1519 930 1616 991 B„
1647 926 1864 998 quaein
1885 925 2011 982 cod.
2042 927 2293 983 sinaitico
2315 935 2403 982 est
2423 934 2776 993 conservata3
2801 924 2865 980 ab
2883 922 2963 977 illa

454 1010 729 1083 dependet
745 1012 915 1068 Itala
934 1021 991 1068 et
1008 1011 1079 1067 ad
1102 1013 1257 1069 illam
1288 1028 1462 1085 prope
1489 1011 1704 1070 accedit
1729 1016 1903 1071 altera
1933 1012 2191 1071 hebraica
2221 1014 2396 1071 versio
2413 1056 2428 1083 ‚
2461 1028 2601 1085 quae
2621 1014 2800 1067 Hebr.
2821 1014 2963 1067 Miiu-

452 1101 601 1154 sceri
625 1101 959 1156 nominatur.
990 1130 1062 1143 -
1086 1103 1191 1157 Gr.
1226 1102 1325 1165 0.,
1362 1100 1516 1157 cuius
1543 1100 1741 1157 ultima
1769 1110 2140 1173 tantum-pars
2173 1102 2230 1158 in
2259 1101 2541 1158 nonnullis
2577 1099 2744 1156 codd.
2785 1098 2968 1172 graecis
3034 1144 3035 1175 ,

455 1193 512 1241 ct
541 1188 751 1259 syriace
778 1187 1043 1243 translata
1071 1188 1131 1244 in
1166 1188 1359 1244 Bibliis
1394 1189 1619 1261 syriacis
1655 1198 1977 1245 conservata
2011 1198 2122 1256 est,
2157 1190 2339 1246 media
2368 1188 2528 1261 quasi
2551 1197 2636 1244 est
2661 1188 2810 1243 inter
2835 1192 2901 1241 Α.
2924 1194 2968 1239 et
3034 1202 3035 1255 i

456 1278 558 1341 B.;
580 1274 761 1344 priore
784 1275 933 1331 enim
958 1283 1042 1331 est
1066 1276 1256 1343 fusior,
1284 1276 1460 1333 altera
1486 1276 1744 1339 ieiunior.
1771 1276 2018 1333 Graecus
2037 1281 2110 1333 A.
2139 1276 2260 1333 aliis
2282 1275 2529 1332 creditur
2551 1290 2668 1331 esse
2693 1274 2968 1346 antiquior,

454 1360 553 1417 sed
580 1361 709 1432 quia
731 1378 842 1417 non
870 1362 1005 1418 satis
1030 1372 1319 1419 accuratus
1346 1380 1465 1419 esse
1504 1363 1813 1433 videbatur,
1841 1379 1873 1419 a
1905 1362 2124 1419 duobus
2157 1364 2279 1420 aliis
2307 1361 2706 1435 interpretibus
2731 1366 2801 1417 B.
2834 1370 2885 1416 et
2913 1363 2969 1416 C.

454 1464 521 1504 ex
546 1448 873 1521 primigenio
902 1458 1057 1506 textu
1082 1460 1278 1507 auctus
1305 1460 1362 1506 et
1389 1460 1670 1507 correctus
1697 1459 1798 1507 est.

532 1600 591 1658 2.
615 1632 696 1642 —
718 1599 1189 1661 pulcherrimus
1214 1600 1467 1661 libellus
1488 1600 1613 1661 fata
1633 1605 1887 1662 enarrat
1913 1601 2144 1661 Tobiae
2159 1647 2176 1674 ‚
2199 1600 2291 1678 pii
2311 1600 2629 1661 Israelitae
2655 1600 2718 1659 in
2739 1598 2976 1677 captivi·
3034 1600 3035 1659 3

453 1700 581 1755 tate
629 1696 941 1772 assyriaca
983 1696 1303 1773 degenti5‚
1338 1697 1580 1773 filiique
1629 1697 1766 1758 eius
1813 1696 2228 1774 homonymi²
2258 1700 2322 1755 et
2365 1713 2564 1757 nurus
2601 1696 2822 1770 Sarae,
2847 1695 2971 1772 qui,
3034 1696 3035 1763 ξ

454 1792 751 1868 quoniam
779 1792 845 1851 in
875 1792 1338 1853 calamitatibus
1369 1794 1498 1852 suis
1529 1796 1658 1853 Deo
1693 1793 2122 1863 confidebant,
2155 1793 2402 1871 magnis
2446 1792 2524 1852 ab
2564 1809 2640 1852 eo
2665 1791 2976 1852 beneficiis
3034 1832 3035 1859 ÷

454 1888 759 1948 cumulari
785 1893 1175 1949 meruerunt.

522 2002 568 2056 1.
608 2001 825 2057 Tobiae
852 2002 1101 2056 senioris
1127 2008 1183 2057 et
1205 2005 1398 2059 Sarae
1419 2002 1621 2074 pietas
1649 2008 1705 2057 et
1731 2000 1958 2073 fiducia
1987 2002 2316 2074 sinqularis
2347 2002 2650 2073 (1,1-3,25).

525 2096 572 2145 1.
606 2087 810 2144 Tobiae
839 2088 1073 2144 senioris
1101 2090 1211 2146 vita
1249 2090 1335 2159 pia
1364 2090 1634 2161 (1‚1·3‚6).
1667 2121 1739 2129 —
1765 2089 1997 2158 TobiaS,
2028 2090 2112 2145 uti
2142 2096 2270 2145 ante
2317 2089 2692 2161 captivitatem
2721 2092 2974 2158 (la-10),
3034 2090 3035 2093 ’

698 2176 773 2230 ita
801 2176 859 2231 in
887 2176 1202 2247 captivitate
1230 2176 1391 2249 Legis
1419 2176 1598 2232 fidelis
1625 2176 1969 2243 observator,
2005 2176 2385 2233 misericordia
2417 2192 2517 2233 sua
2546 2190 2676 2247 erga
2705 2175 2978 2247 concapti-
3034 2182 3035 2211 ³

700 2279 797 2319 vos
833 2267 1101 2331 (ml-17)
1130 2272 1187 2319 et
1209 2264 1452 2320 maxime
1479 2280 1609 2337 erga
1637 2272 1888 2320 mortuos
1912 2264 2170 2320 excelluit
2197 2268 2488 2334 (1‚18-25).
2522 2262 2738 2334 Quibus
2768 2264 2824 2319 in
2851 2264 2980 2319 cari·
3034 2274 3035 2305 1

698 2352 827 2406 tatis
854 2350 1051 2407 officiis
1089 2366 1283 2407 caecus
1310 2349 1489 2407 factus
1516 2356 1753 2421 <zi-18)
1783 2350 1969 2407 uxoris
1998 2351 2306 2423 opprobriis
2335 2366 2368 2407 a
2395 2350 2501 2407 Dei
2527 2352 2754 2407 servitio
2789 2349 2980 2407 retrahi

700 2454 759 2493 se
786 2455 901 2494 non
930 2439 1055 2494 sivit
1078 2436 1345 2510 (2,19-23)
1376 2437 1474 2495 sed
1502 2438 1732 2495 ardente
1761 2440 2006 2495 oratione
2033 2438 2107 2494 ad
2132 2454 2262 2494 eum
2289 2438 2539 2511 confugit
2564 2440 2781 2508 (3,1-6).

519 2532 573 2581 2.
605 2528 773 2583 Sarae
801 2541 1097 2582 aerumnae
1125 2534 1181 2581 et
1208 2540 1399 2598 preces
1427 2530 1684 2593 (aa-23).
1710 2556 1782 2567 —
1809 2525 2014 2582 Eadem
2040 2526 2150 2595 die,
2177 2540 2286 2597 qua
2313 2525 2515 2582 Tobias
2537 2525 2609 2582 ab
2635 2541 2837 2595 uxore,
2861 2528 2982 2581 Sara
3034 2542 3035 2545 ¹

698 2613 1005 2685 opprobriis
1034 2613 1229 2669 affecta
1257 2622 1340 2670 est
1371 2613 1442 2670 ab
1470 2613 1684 2669 ancillis
1709 2622 1948 2669 mortem
1971 2622 2184 2685 septem
2211 2613 2538 2669 maritorum
2565 2613 2619 2669 ei
2647 2613 2984 2685 exprobran-

696 2700 845 2757 tibus
872 2706 1136 2772 (an-10),
1174 2710 1233 2757 at
1252 2702 1373 2773 ipsa
1401 2716 1624 2774 quoque
1653 2700 1722 2756 ad
1755 2700 1934 2756 solum
1963 2704 2144 2757 Deum
2173 2702 2420 2774 confugit
2447 2705 2744 2769 (sal-23).

518 2789 593 2843 11.
623 2790 943 2844 Auxilium
970 2790 1205 2863 utrique
1225 2805 1335 2861 per
1360 2789 1637 2860 anqelum
1665 2788 1936 2860 Raplcaet
1961 2788 2224 2844 allatum
2253 2792 2606 2856 (4,1-12,22).

520 2883 570 2931 1.
603 2876 855 2948 Raphael
884 2878 1093 2933 socium
1121 2876 1338 2933 itineris
1364 2876 1572 2932 Tobiae
1598 2875 1802 2932 iuniori
1829 2890 1950 2931 sese
1978 2876 2142 2931 offert
2169 2878 2486 2943 (sm-538).
2516 2905 2590 2917 —
2617 2876 2800 2933 Filius
2827 2893 2984 2948 pecu-
3034 2902 3035 2929 ;

692 2964 817 3021 nias
843 2964 1053 3021 Gabelo
1082 2964 1183 3020 sub
1212 2963 1584 3036 chirographo
1613 2962 1770 3019 datas
1797 2972 2224 3034 recuperaturus
2253 2968 2507 3031 (4,1-23)‚
2541 2963 2762 3021 socium
2785 2964 2988 3021 itineris
3034 2968 3035 2985 ¹

692 3052 863 3107 sumit
888 3052 1140 3123 Raphael
1164 3051 1423 3124 angelum
1452 3050 1695 3107 humana
1723 3050 1902 3122 specie
1927 3049 2184 3106 indutum
2215 3052 2461 3122 (sm-28).
3034 3092 3035 3095 η

516 3144 570 3194 2.
600 3138 873 3210 Raphael‚
903 3140 1111 3195 Tobiae
1138 3139 1339 3207 socius,
1372 3140 1569 3195 Saram
1591 3140 1645 3194 ei
1665 3154 1896 3193 uxorem
1915 3138 2175 3208 impetrat
2199 3142 2504 3207 (6,ι-9,12).
2529 3168 2602 3179 -
2625 3140 2898 3195 Iuvenem
2924 3138 2986 3195 ab

692 3226 991 3282 invadente
1030 3227 1174 3297 pisce
1210 3225 1501 3281 liberatum
1539 3235 1731 3281 monet
1763 3225 2042 3295 Raphael,
2073 3233 2137 3281 ut
2165 3226 2281 3280 eius
2313 3241 2410 3282 eor
2442 3234 2499 3281 et
2524 3226 2678 3281 iecur
2701 3237 2989 3283 conservet

692 3314 763 3370 ad
790 3315 1191 3371 medicamenta
1220 3313 1397 3383 utilia,
1430 3328 1668 3384 eumque
1695 3313 2040 3381 exhortatur,
2068 3321 2129 3368 ut
2149 3312 2480 3385 (Ecbatanis)
2510 3312 2706 3369 Saram
2729 3316 2842 3372 sibi
2866 3332 2986 3369 uxo-
3034 3328 3035 3393 ζ

692 3418 811 3457 rem
838 3410 988 3473 petat
1016 3406 1269 3470 (6,1-22).
1302 3398 1513 3469 Quibus
1540 3400 1768 3456 monitis
1799 3400 2094 3457 obsecutus
2114 3400 2316 3455 Tobias
2347 3403 2542 3458 Saram
2566 3416 2806 3459 uxorem
2835 3420 2868 3459 a
2899 3419 2988 3473 pa·
3034 3422 3035 3425 ¹

692 3490 941 3546 rentibus
981 3491 1242 3561 impetrat
1280 3493 1539 3558 (⁷‚1-20)‚
1584 3503 1714 3543 cum
1748 3504 1922 3559 eaque
1959 3486 2146 3560 fugato
2185 3486 2456 3545 daemon-e
2487 3490 2713 3559 nuptias
2749 3490 2988 3547 celebrat
3034 3526 3035 3529 η

693 3583 765 3645 (8,
775 3583 958 3646 1-24),
985 3576 1119 3633 dum
1143 3576 1396 3647 Raphael
1424 3576 1686 3647 pecunias
1711 3584 2002 3648 recuperat
2027 3579 2285 3643 (im-12).
3034 3584 3035 3645 ζ

516 3672 565 3720 3.
602 3666 849 3737 Rapliael
888 3664 1067 3721 filium
1097 3666 1165 3721 ad
1190 3672 1445 3735 parentes
1480 3663 1749 3719 reducens
1775 3678 1940 3719 caeco
1973 3662 2094 3719 seni
2124 3662 2299 3719 visum
2333 3663 2572 3719 restituit
2603 3668 2715 3734 (10,
2725 3672 2780 3721 1-
2789 3672 2877 3734 12,
2885 3672 2986 3731 31

689 3783 761 3793 —
800 3754 939 3809 Cum
984 3769 1155 3809 uxore
1195 3761 1476 3809 revertens
1516 3750 1718 3807 Tobias
1757 3750 1938 3807 iunior
1973 3749 2044 3807 ab
2084 3750 2282 3823 angelo
2320 3749 2550 3806 edoctus
2586 3753 2784 3809 oculos
2825 3754 2993 3823 patris
3034 3762 3035 3839 1

696 3840 821 3895 felle
858 3840 1025 3911 piscis
1050 3849 1209 3897 sanat
1245 3843 1633 3907 (10‚1-11,28).
1673 3841 1758 3894 De
1791 3839 2067 3910 praemio,
2099 3792 2250 3909 quood
2287 3839 2474 3893 comiti
2510 3838 2801 3912 incognito
2839 3840 2988 3901 dent,
3034 3840 3035 3923 ξ

690 3927 1131 3984 consultantibus
1155 3927 1403 3998 Raphael
1432 3941 1492 3981 se
1520 3927 1782 3999 angelum
1815 3940 1934 3981 esse
1962 3925 2172 3982 revelat
2200 3932 2365 3997 atque
2391 3924 2631 3995 disparet
2659 3930 2769 3995 (12,
2782 3934 2958 3995 1-22).
3034 3928 3035 3937 ³

504 4120 571 4184 (2)
595 4121 651 4169 ln
684 4119 834 4182 Vuly.
861 4123 913 4169 et
940 4119 993 4169 in
1014 4120 1179 4170 Hebr.
1196 4120 1325 4181 Ἔαρ.
1349 4121 1495 4181 'pater
1517 4119 1570 4166 et
1593 4116 1729 4167 filius
1752 4120 2005 4167 vocantur
2033 4118 2222 4168 Tobios
2251 4109 2478 4195 (ἯΖἿὮ,
2514 4120 2782 4172 bonusest
2805 4124 2990 4171 coneo·-

444 4226 563 4288 nus)
576 4246 594 4285 ;
614 4224 667 4274 in
686 4223 799 4275 aliis
821 4224 1046 4275 textibus
1066 4227 1246 4288 patris
1265 4237 1449 4273 nomen
1474 4223 1638 4273 variat
1663 4241 1675 4273 :
1712 4214 1848 4295 *2312
1883 4221 2098 4285 (bonum
2116 4234 2296 4272 meum
2316 4235 2386 4271 sc.
2407 4226 2484 4273 est
2503 4224 2774 4288 Dominus)
2798 4226 2990 4275 Chald.

440 4326 491 4371 et
516 4322 677 4373 Hebr.
704 4325 935 4381 Miiust.;
960 4324 1121 4373 Τωσίτ
1145 4321 1227 4371 vel
1253 4320 1436 4371 Τωὸείτ
1466 4318 1679 4383 (Graec.
1715 4322 1767 4370 et
1795 4320 1941 4384 Syr.)
1975 4323 2128 4384 atque
2169 4318 2324 4369 robis
2356 4319 2438 4369 vel
2477 4318 2632 4371 Tobit
2663 4320 2834 4385 (Ital.)
2867 4336 2990 4387 sup-

441 4413 639 4473 ponunt
662 4408 879 4459 formam
906 4400 1095 4480 nvait:
1123 4408 1355 4473 (bonitas
1380 4422 1452 4458 sc.
1484 4407 1727 4473 Domini).
1759 4408 1918 4459 sensu
1947 4406 2101 4471 igitur
2133 4406 2323 4457 formae
2351 4420 2528 4458 omnes
2552 4408 2689 4459 inter
2717 4421 2776 4459 se
2801 4424 2988 4460 conve-

442 4504 615 4565 uiuat,
648 4509 701 4554 et
730 4518 1063 4569 quaecunque
1098 4504 1398 4570 primigenia
1433 4503 1739 4566 admittitur,
1770 4507 1912 4569 pater
1950 4504 2054 4555 lilio
2091 4516 2285 4555 nomen
2311 4516 2472 4555 suum
2507 4504 2818 4569 imposuisse
2851 4508 2994 4557 recte

440 4582 683 4631 asseritur
708 4582 851 4645 (Tob.
883 4588 976 4643 1‚9.
1014 4584 1203 4647 Vnda).
