3050 5184
682 318 756 362 nn
798 317 956 359 unni
996 315 1270 360 mun-:ms
1307 314 1670 362 Aneunnnro
1711 319 1783 362 m·
1828 320 2057 366 innota.
2515 304 2629 360 417

169 471 190 500 ι
212 453 392 506 Tanta
408 490 425 517 ‚
452 449 633 520 inquit
657 451 712 506 S.
739 449 1112 520 Hieronymus
1142 448 1218 512 (in
1243 449 1388 502 Dan.
1416 448 1643 517 pmcn),
1666 448 1945 507 dictorum
1982 451 2123 507 fides
2143 461 2253 518 est,
2276 459 2339 506 ut
2360 449 2631 521 propheta

107 537 392 592 incredulis
427 536 745 594 hominibus
773 551 887 591 non
919 534 1175 590 videatur
1213 534 1397 590 futura
1437 536 1801 605 praedixisse,
1831 539 1928 594 sed
1961 538 2545 611 narrassepraeterita
2576 557 2625 592 n.

103 625 240 693 Quae
269 625 458 681 clarae
493 624 894 696 praedictiones
922 639 1066 678 saec.
1103 629 1154 677 3.
1197 637 1250 693 p.
1289 621 1423 677 Chr.
1456 623 1567 678 iam
1595 635 1991 695 permoverunt
2018 627 2411 700 Porphyrium,
2447 625 2629 697 philo·

105 713 328 782 sophum
357 713 835 784 neoplatonicum,
863 719 925 766 ut
951 711 1198 766 Danielis
1226 709 1584 780 Prophetiam
1612 715 1854 779 auctori,
1881 715 1975 785 qui
1997 715 2337 786 temporibus
2364 713 2626 770 Antiochi

105 800 396 870 Epiplianis
421 802 481 856 in
517 800 832 856 Palaestina
869 799 1024 867 vixit,
1065 798 1406 854 attribueret.
1450 801 1605 869 Quae
1642 801 1915 857 sententia
1948 818 1979 856 a
2012 805 2070 858 S.
2110 801 2417 870 Methodio,
2452 803 2625 857 Euse-

104 887 197 954 bio,
225 888 612 960 Appollinario
635 885 831 956 Laod.‚
861 885 1233 954 Theodoreto‚
1265 887 1320 943 S.
1353 887 1696 960 Hieronymo
1726 888 1963 944 refutata
1992 891 2191 946 iterum
2221 889 2428 962 placuit
2454 889 2625 945 ratio-

103 977 328 1038 nalistis,
378 977 472 1048 qui
502 976 562 1031 in
607 974 910 1031 reiiciendo
949 982 1138 1029 nostro
1185 973 1328 1029 libro
1363 975 1653 1030 unanimes
1688 985 1833 1044 sunt,
1878 985 2043 1049 atque
2083 978 2249 1034 variis
2290 976 2531 1034 externis
2570 985 2626 1031 et

103 1064 316 1119 internis
360 1064 684 1120 ratiunculis
719 1061 1102 1118 demonstrare
1149 1070 1440 1129 conantur,
1483 1071 1610 1118 ante
1638 1063 1882 1120 medium
1920 1079 2066 1120 saec.
2110 1071 2164 1120 2.
2208 1080 2260 1120 a.
2310 1063 2441 1120 Chr.
2489 1077 2627 1134 opus

103 1159 342 1206 nostrum
371 1151 536 1207 scribi
563 1167 674 1206 non
711 1150 972 1222 potuisse.
1005 1151 1085 1206 Ut
1112 1148 1307 1205 ordine
1339 1149 1731 1221 procedamus,
1770 1153 2011 1222 primum
2048 1151 2465 1223 protocanonici
2499 1148 2628 1206 libri

101 1239 437 1294 authentiam
475 1239 846 1305 stabiliemus;
883 1255 991 1310 qua
1029 1237 1268 1294 stabilita
1301 1238 1450 1293 velut
1476 1237 1725 1293 divinum
1754 1239 2169 1311 agnoscendum
2210 1255 2340 1295 eum
2377 1253 2497 1294 esse
2528 1253 2628 1293 sua

101 1335 278 1394 sponte
303 1336 564 1398 apparet;
589 1326 787 1383 deinde
816 1325 884 1382 de
914 1325 1124 1398 origine
1152 1335 1205 1381 et
1234 1326 1563 1382 auctoritate
1590 1327 1975 1397 pericoparum
1999 1326 2627 1384 deuterocanonicarum

100 1415 422 1470 disserentes
453 1415 832 1482 ostendemuS,
867 1429 960 1469 eas
986 1415 1262 1490 immerito
1288 1413 1358 1469 ab
1386 1413 1709 1470 acatholicis
1732 1424 1887 1470 extra
1915 1430 2187 1472 canonem
2212 1416 2359 1486 poni.

165 1567 218 1623 2.
245 1599 330 1608 —
354 1565 636 1625 Primum
662 1565 1018 1626 authentiae
1043 1570 1481 1642 argumentum
1513 1565 1773 1644 praehet
1807 1567 2081 1626 Danielis
2110 1566 2187 1625 de
2219 1583 2283 1626 se
2312 1566 2452 1642 ipso
2476 1581 2625 1624 auc-

103 1665 216 1720 tore
241 1663 715 1732 testimonium,
747 1663 916 1740 quod
952 1666 1079 1722 tota
1115 1661 1324 1738 operis
1359 1661 1571 1721 indole
1602 1663 2032 1736 confirmatur,
2074 1663 2202 1722 sive
2234 1661 2367 1722 eius
2408 1661 2622 1738 lingua

100 1757 212 1815 sivo
241 1757 680 1818 narrationum
707 1758 1146 1834 visionumque
1177 1757 1496 1818 character
1527 1757 2023 1819 considerantur.

161 1880 350 1935 Unum
377 1895 497 1935 esse
525 1879 652 1936 libri
677 1878 1086 1952 protocanonici
1115 1887 1398 1934 auctorem
1421 1921 1434 1946 ‚
1467 1878 1537 1934 ab
1568 1879 1822 1935 omnibus
1853 1877 1967 1935 sere
1994 1879 2393 1950 interpretibus
2420 1895 2619 1935 conce·-

97 1963 260 2034 ditur3
287 1968 456 2022 unius
493 1968 658 2038 igitur
699 1967 988 2038 pericopae
1026 1966 1239 2038 origine
1267 1966 1539 2022 danielica
1577 1967 1953 2022 demonstrata
2002 1967 2169 2024 simul
2211 1967 2379 2024 etiam
2422 1967 2617 2038 integri

95 2056 262 2124 operis
296 2054 586 2110 authentia
623 2055 1054 2112 demonstratur.
1081 2055 1200 2110 Iam
1234 2070 1364 2110 vero
1395 2070 1507 2110 non
1550 2054 1711 2110 unius
1738 2063 1960 2110 tantum
1987 2055 2212 2111 visionis
2250 2063 2535 2112 auctorem
2564 2065 2619 2109 et

95 2143 412 2212 scriptorem
441 2144 635 2198 Daniel
661 2158 720 2198 se
757 2142 922 2198 fuisse
949 2141 1152 2198 diserte
1178 2149 1430 2197 testatur.
1463 2141 1608 2210 Quid
1644 2142 1846 2198 clarius
1874 2141 1982 2197 dici
2011 2144 2211 2213 potuit,
2240 2159 2407 2215 quam
2436 2147 2549 2212 7‚1.
2580 2148 2615 2196 2

97 2249 120 2276 α
147 2231 430 2286 Daniel...
470 2231 760 2288 somnium
787 2231 1097 2304 scripsit...
1129 2239 1295 2300 atque
1331 2230 1598 2300 incipiens
1634 2231 1878 2286 narravit
1906 2247 1919 2285 ε
1951 2235 2066 2303 Eyo
2096 2232 2210 2286 vidi
2236 2253 2261 2282 ι)
2296 2236 2441 2288 etc.?
2468 2229 2617 2299 Quid

93 2317 302 2386 ciarum,
333 2335 502 2390 quam
527 2319 574 2374 si
599 2319 654 2374 in
679 2318 917 2375 secunda
941 2327 996 2374 et
1023 2327 1219 2392 quarta
1243 2317 1474 2386 Daniel,
1503 2319 1608 2391 qui
1630 2319 1869 2374 viderat
1898 2323 2029 2388 (8‚1.
2056 2325 2117 2387 ²3
2144 2325 2313 2389 10‚2)‚
2345 2319 2613 2375 visionem

91 2406 324 2476 siynare
356 2405 576 2462 iubetur
605 2413 781 2475 (8363
816 2409 996 2476 12‚4)?

157 2496 326 2550 Porro
375 2493 578 2567 duplex
625 2495 838 2566 lingua,
877 2509 984 2565 qua
1019 2495 1253 2565 scriptus
1297 2505 1381 2550 est
1425 2494 1583 2562 liber,
1623 2503 1905 2550 auctorem
1948 2510 2013 2550 ea
2052 2503 2233 2550 aetate
2266 2496 2467 2550 vixisse
2511 2494 2613 2550 de-

91 2591 386 2648 monstrat,
429 2598 536 2653 qua
577 2591 808 2654 utraque
850 2583 909 2638 in
947 2582 1224 2638 communi
1270 2599 1372 2638 usu
1413 2581 1538 2650 fuit3
1576 2583 1728 2654 atqui
1764 2591 1891 2638 ante
1928 2582 2179 2638 exsilium
2218 2583 2337 2638 sola
2378 2582 2611 2638 adhibe-

91 2667 244 2724 batur
285 2669 570 2738 hebraica,
613 2671 739 2726 licet
775 2669 1112 2726 doctioribus
1152 2670 1422 2724 aram-dica
1467 2685 1584 2724 non
1612 2677 1754 2724 esset
1798 2670 2106 2742 incognita;
2138 2678 2387 2740 tempore
2434 2670 2610 2725 exsilii

91 2758 364 2814 aramaica
401 2758 548 2813 inter
574 2757 812 2814 Iudaeos
842 2759 916 2814 ita
951 2759 1131 2828 coepit
1157 2759 1504 2829 praevalere,
1537 2765 1599 2812 ut
1624 2757 1925 2813 Nehemiae
1962 2766 2142 2814 aetate
2180 2757 2292 2812 iam
2318 2757 2482 2812 multi
2510 2757 2609 2814 he-

91 2842 326 2900 braicam
353 2846 520 2916 plane
543 2845 865 2918 ignorarent
887 2851 940 2912 (2
971 2845 1146 2900 Esdr.
1185 2849 1396 2914 13,24);
1427 2844 1781 2900 machabaico
1820 2853 2005 2910 autem
2046 2852 2299 2916 tempore
2335 2845 2609 2901 aramaica

91 2929 226 2988 sacta
255 2941 376 2988 erat
415 2934 724 2990 communis
757 2943 812 2989 et
844 2933 1110 3004 vulgariS‚
1145 2941 1362 3004 praeter
1389 2948 1558 3004 quam
1588 2947 1781 3004 graeca
1814 2931 2065 2988 adhiberi
2103 2940 2301 3002 coepta
2327 2942 2441 3002 est,
2476 2931 2611 2988 dum

89 3019 342 3078 hebraica
369 3021 503 3076 solis
529 3011 772 3077 rabbinis
798 3020 1152 3077 inserviebat.
1181 3023 1532 3092 Quapropter
1558 3020 1699 3076 liber
1724 3028 1929 3090 noster,
1964 3021 2059 3092 qui
2087 3019 2387 3076 fatentibus
2413 3019 2611 3076 adver-

87 3109 240 3164 sariis
269 3110 496 3182 populo
533 3107 872 3166 consolando
903 3117 963 3184 ‘et
1000 3109 1345 3164 exhortando
1375 3109 1681 3164 destinatus
1709 3116 1859 3176 erat,
1883 3109 2002 3164 solo
2042 3107 2221 3164 exsilii
2247 3117 2497 3180 tempore
2526 3111 2613 3164 vel

87 3193 238 3250 brevi
264 3205 390 3268 post
417 3196 668 3252 exsilium
694 3195 948 3254 hebraice
972 3205 1027 3252 et
1053 3197 1322 3252 aramaice
1352 3196 1515 3252 scribi
1542 3198 1739 3266 potuit.

153 3284 368 3340 Deinde
392 3285 774 3341 narrationum
797 3284 1174 3356 visionumque
1202 3285 1340 3339 ratio
1367 3293 1653 3340 auctorem
1680 3291 1937 3339 ornatum
1966 3283 2133 3339 fuisse
2161 3283 2403 3340 ostendit
2430 3284 2611 3340 scien·-

83 3370 154 3425 tia
186 3387 314 3426 vere
351 3372 550 3428 eximia
587 3388 777 3428 rerum
805 3371 1278 3444 babylonicarum,
1311 3388 1481 3444 quae,
1515 3372 1623 3427 nisi
1658 3387 1785 3427 eum
1823 3378 2073 3442 tempore
2110 3371 2265 3443 regni
2300 3370 2611 3444 babylonici

85 3470 252 3529 atque
273 3461 332 3515 in
352 3462 473 3530 ipsa
501 3461 628 3517 aula
651 3477 840 3533 regum
858 3447 1062 3516 'vixisse
1089 3459 1364 3529 dicamuS‚
1394 3476 1508 3515 non
1538 3460 1859 3530 explicatur.
1890 3462 2207 3531 Antequam
2233 3459 2613 3530 inscriptiones

82 3547 451 3604 cuneiiormes
486 3548 737 3604 detectae
773 3557 829 3604 et
861 3548 1160 3620 explicatae
1191 3549 1440 3616 fuerunt,
1476 3546 1583 3602 hac
1619 3547 1688 3602 de
1726 3562 1787 3602 re
1826 3545 2067 3602 dubitari
2098 3547 2304 3616 potuit,
2337 3555 2395 3602 at
2428 3549 2612 3604 omnia

81 3645 338 3692 accurate
364 3651 484 3694 esse
513 3637 682 3692 relata
706 3635 873 3692 hodie
901 3645 1134 3692 constat.
1165 3637 1380 3692 Nomen
1406 3635 1729 3691 Baltassaris
1757 3633 2176 3704 (Belschazzar),
2208 3634 2350 3706 regis
2372 3634 2609 3708 Babylo-

85 3721 236 3788 niae,
262 3739 290 3779 a
318 3726 436 3780 solo
465 3723 610 3780 libro
642 3725 838 3780 Daniel
868 3733 1255 3780 conservatum
1281 3731 1642 3780 monumento
1675 3723 1967 3794 superstite
2002 3720 2169 3777 hodie
2197 3730 2281 3777 est
2312 3723 2609 3777 confirma-

86 3817 234 3872 ιιιηις
265 3819 382 3879 post
409 3810 876 3881 expugnationem
904 3810 1236 3882 Babyloniae
1277 3811 1479 3882 Cyrum
1510 3825 1746 3882 regnum
1774 3807 1910 3865 illud
1947 3824 2061 3864 non
2088 3805 2403 3864 immediate
2430 3800 2607 3858 admi-

85 3895 368 3960 nistrasse,
408 3896 562 3967 quod
603 3899 752 3952 solus
788 3897 1096 3954 testabatur
1140 3897 1278 3954 liber
1320 3897 1552 3964 Daniel,
1601 3896 1767 3953 hodie
1812 3896 2202 3967 inscriptiones
2247 3891 2603 3953 confirmant;

89 3979 182 4034 illa
201 4022 217 4044 ‚
247 3995 380 4052 quae
409 3980 480 4036 de
514 3979 1074 4036 Nabuchodonosoris
1111 3977 1310 4050 palatio
1345 3977 1663 4046 traduntur,
1708 3977 1921 4032 veritati
1956 3991 2201 4032 consona
2238 3991 2383 4045 esse,
2414 3978 2615 4032 iterum

87 4078 446 4126 monumenta
473 4067 676 4124 docent
711 4077 814 4124 etc.
857 4076 963 4124 etc.
1004 4071 1123 4122 Iam
1173 4083 1299 4121 vero
1335 4063 1482 4122 unde
1526 4064 1765 4121 Iudaeus
1802 4063 2030 4139 quidam
2060 4062 2249 4120 medio
2287 4079 2432 4120 saec.
2460 4069 2518 4119 2.
2557 4063 2613 4119 in

87 4155 394 4214 Palaestina
423 4156 630 4230 degens
659 4165 774 4212 tam
807 4163 1122 4212 accuratam
1149 4170 1336 4211 rerum
1363 4153 1817 4226 babylonicarum
1843 4153 2131 4209 scientiam
2159 4150 2381 4207 hausit?

157 4245 414 4312 Accedit,
439 4243 588 4316 quod
617 4245 961 4300 narrationes
989 4251 1045 4298 et
1074 4241 1310 4298 visiones
1337 4249 1588 4312 tempore
1612 4241 1856 4296 Danielis
1885 4239 2090 4310 populo
2119 4255 2185 4294 ex
2210 4238 2398 4294 exsilio
2427 4254 2612 4294 rever-

85 4331 234 4388 tenti
259 4339 426 4403 quam‘
451 4333 692 4388 maxime
728 4339 888 4387 erant
924 4331 1238 4403 adaptatae,
1273 4345 1444 4402 quum
1477 4330 1526 4384 ei
1564 4327 2002 4400 magnitudinem
2031 4328 2146 4382 veri
2169 4326 2291 4394 Dei,
2326 4342 2491 4397 quem
2524 4342 2612 4383 co-

85 4420 208 4474 lere
233 4419 480 4491 debebat,
509 4429 627 4477 tam
655 4421 805 4477 clare
831 4417 1247 4474 manifestarent
1272 4417 1549 4488 simulque
1577 4415 1956 4483 ostenderent,
1988 4429 2095 4486 qua
2124 4414 2337 4470 ratione
2363 4413 2608 4485 priorum

85 4507 482 4580 prophetarum
523 4507 912 4582 promissiones
946 4515 1128 4563 essent
1154 4504 1545 4578 intelligendae
1570 4508 1621 4572 (§
1654 4511 1737 4558 17.
1768 4509 1838 4570 3).
1867 4506 1941 4556 At
1968 4502 2194 4557 illarum
2226 4500 2613 4574 fingendarum

82 4597 310 4652 saeculo
333 4603 381 4653 2.
409 4599 559 4654 nulla
588 4595 782 4654 aderat
807 4597 970 4652 ratio.
1005 4596 1212 4667 Utique
1248 4593 1625 4650 rationalistae
1652 4600 1875 4664 putant,
1913 4611 1938 4642 ιι
1964 4591 2120 4662 pium
2152 4588 2527 4648 fraudatorem
2556 4611 2607 4659 n,
2650 4605 2659 4616 ·

845 4693 1096 4743 coasnm
1130 4694 1404 4742 Coxrnsn.
1437 4691 1663 4738 Isrnon.
1698 4715 1757 4725 —
1787 4691 1860 4737 27.
