3050 5184
398 259 517 320 640
1466 269 1840 314 APPENDICES.

569 398 669 453 tris
693 398 801 471 legi
828 404 891 455 In
920 400 1147 456 eeclesia
1177 399 1375 456 uolunt
1385 400 1451 456 ²².
1481 402 1770 456 Pastorem
1797 413 1930 456 vero

570 487 851 556 nuper-rim
880 495 935 542 et
960 485 1317 560 [nuperrime]
1344 487 1688 557 temporibus
1715 487 1917 542 nostris
1947 487 2012 541 In
2039 485 2176 542 urbe

466 577 532 626 75
571 586 727 628 roma
748 572 943 630 herma
972 573 1325 645 conscripsit,
1352 575 1576 630 sedente
1601 575 1696 644 [in]
1727 573 1919 630 cathe-

571 668 656 715 tra
686 661 989 729 [cathedra]
1022 660 1177 717 urbis
1203 677 1393 718 romae
1416 662 1678 718 eeclesiae
1701 662 1802 716 Pio
1825 653 1954 731 ἷρῖ,
1985 659 2160 716 frater
2182 661 2460 732 [episeopo
2475 703 2490 730 ‚
2521 658 2716 726 fratre]

572 747 713 816 eius;
742 756 798 802 et
822 747 945 803 ideo
968 749 1077 820 legi
1102 765 1229 804 eum
1258 748 1482 820 quidem
1510 751 1772 818 Oportet,
1803 764 1862 804 se
1891 763 1994 818 pu-

573 833 777 904 plicare
798 834 1120 907 [publicare]
1150 850 1276 890 vero
1304 835 1359 890 in
1384 835 1582 892 eclesia
1611 835 1816 906 populo
1843 837 2035 905 Neque
2061 834 2207 889 inter

574 921 813 990 profetas
842 921 1275 996 [prophetarum]
1300 923 1638 992 completum
1664 937 1897 978 numero
1919 921 2258 992 [numerum]
2283 935 2466 994 neque
2489 922 2646 975 lnter

468 1013 537 1062 80
574 1009 851 1078 apostolos
880 1010 943 1063 In
969 1000 1087 1064 fine
1102 1017 1419 1079 temporum
1445 1017 1646 1078 potest.

574 1096 798 1152 Assinoi
824 1105 1011 1151 autem
1038 1112 1135 1150 seu
1166 1095 1459 1162 valentini,
1490 1096 1580 1150 vel
1606 1095 1872 1150 miltiadis

575 1182 709 1238 nihil
743 1187 807 1238 In
832 1191 1014 1238 totum
1052 1184 1357 1252 recipemus
1386 1181 1742 1253 [recipimusJ.
1769 1183 1878 1251 Qui
1905 1182 2074 1238 etiam
2099 1197 2250 1238 novu

575 1272 917 1341 psalmorum
940 1271 1139 1326 librum
1170 1270 1439 1327 marcioni
1462 1271 1806 1340 conscripse-

577 1367 706 1413 runt
729 1374 837 1414 una
858 1373 987 1413 cum
1012 1357 1243 1413 basilide
1269 1357 1551 1412 assianum
1577 1355 1818 1430 catafry-

470 1450 538 1500 85
576 1461 703 1500 cum
728 1446 1145 1502 constitutorem
1158 1445 1219 1499 ²².

404 1649 554 1698 nymo
588 1637 672 1700 (de
702 1637 803 1687 Vir.
847 1635 919 1686 ill.
958 1641 1005 1686 9.
1049 1637 1145 1700 18.)
1173 1636 1295 1686 olim
1329 1650 1359 1686 a
1395 1635 1652 1700 aliquibus
1687 1636 1976 1686 dubitatum
2013 1641 2118 1696 est,
2157 1639 2329 1686 utrum
2369 1642 2416 1684 2.
2453 1639 2504 1685 et
2541 1637 2591 1684 3.
2635 1634 2832 1683 loannis
2859 1631 2912 1679 ab

405 1715 642 1779 Apostolo
670 1716 884 1778 scriptae
908 1717 1035 1774 sint,
1066 1729 1131 1764 an
1160 1715 1224 1765 ab
1256 1714 1414 1764 altero
1446 1719 1638 1766 Ioanne
1660 1714 1976 1779 presbytero,
2004 1719 2184 1766 auctor
2211 1718 2382 1764 noster
2409 1713 2618 1763 videtur
2645 1713 2842 1766 docere,
2869 1711 2910 1757 in

406 1794 487 1842 his
506 1793 703 1844 duabus
726 1793 932 1843 Ioannis
954 1793 1179 1856 epistolis
1201 1793 1333 1844 idem
1354 1793 1622 1854 accidisse,
1647 1793 1787 1858 quod
1807 1794 1860 1843 in
1885 1792 2014 1844 libro
2036 1793 2318 1858 Sapientiae
2336 1793 2488 1844 multi
2506 1790 2684 1842 locum
2705 1789 2912 1841 habuisse

406 1876 615 1936 putant,
646 1873 739 1937 qui
774 1872 1038 1932 nimirum,
1076 1873 1311 1937 quamvis
1349 1872 1445 1924 snb
1476 1873 1676 1922 nomine
1709 1872 1994 1923 Salomonis
2026 1874 2095 1922 sit
2127 1871 2384 1936 vulgatus,
2415 1876 2593 1922 tamen
2629 1884 2730 1920 non
2759 1867 2820 1917 ab
2840 1881 2904 1914 eo.

407 1951 497 2000 sed
525 1951 589 2000 ab
610 1951 723 2000 aliis
752 1949 846 2000 sub
873 1951 981 2001 eius
1008 1951 1211 2001 nomine
1238 1953 1309 2013 (in
1338 1953 1451 2001 eius
1473 1951 1736 2013 bonorem)
1769 1951 1836 2001 sit
1867 1950 2197 2014 compositus.

468 2029 567 2094 (2¹)
590 2029 809 2080 Maxima
836 2030 931 2079 hoc
957 2030 1012 2079 in
1048 2029 1161 2080 loco
1187 2033 1267 2080 est
1289 2029 1589 2089 difficultas,
1627 2044 1745 2078 num
1778 2032 1957 2080 auctor
1989 2030 2320 2093 Apocalypses
2355 2029 2563 2080 loannis
2597 2032 2653 2077 et
2679 2025 2811 2076 Petri
2837 2036 2912 2071 ceu

406 2109 677 2159 canonicas
704 2109 817 2159 aliis
850 2108 1246 2172 Apocalypsibus
1272 2108 1575 2174 apocryphis
1603 2113 1824 2173 opponat
1852 2108 1964 2172 (has
1997 2109 2126 2159 duas
2161 2113 2390 2168 tantum,
2417 2122 2522 2158 non
2549 2105 2727 2172 plnres
2759 2101 2911 2164 recipi-

406 2187 557 2251 mus)‚
584 2201 649 2237 an
682 2204 707 2234 α
737 2190 935 2236 tantum
966 2206 990 2230 υ
1035 2187 1101 2236 sit
1131 2200 1341 2237 erronea
1381 2188 1550 2236 versio
1589 2187 1753 2250 graeci
1794 2203 1818 2233 «
1862 2187 2008 2251 μόνην
2050 2207 2075 2232 ιο
2115 2188 2186 2251 (et
2211 2188 2352 2238 Petri
2381 2200 2535 2237 unam
2567 2199 2641 2236 sc.
2678 2181 2912 2247 epistolam

409 2265 710 2330 recipimus).
745 2267 985 2316 Clemens
1012 2267 1161 2316 Alex.
1193 2265 1336 2328 (Eus.
1370 2268 1431 2314 Η.
1472 2267 1531 2315 Ε.
1571 2265 1658 2316 Ἦ.
1691 2267 1786 2330 14.)
1815 2266 1970 2316 etiam
2003 2267 2140 2317 Petri
2183 2265 2514 2330 ApocalypsIn
2549 2263 2818 2330 genuinam
2841 2261 2914 2310 hs·

409 2346 577 2397 buisse
597 2346 837 2402 refertur,
861 2358 991 2409 quae
1010 2344 1075 2394 ab
1098 2344 1211 2394 aliis
1238 2357 1445 2408 quoque
1470 2344 1694 2408 antiquis
1721 2345 2053 2409 scriptoribus
2076 2358 2178 2395 non
2199 2345 2546 2409 respuebatur.
2579 2345 2702 2394 Ideo
2725 2343 2914 2406 priorem

408 2423 791 2489 explicationem
806 2463 817 2483 ,
844 2437 975 2486 quae
998 2427 1195 2474 textum
1218 2423 1544 2472 immutatum
1573 2423 1841 2486 relinquit.
1863 2425 2255 2488 praeferendum
2277 2437 2542 2475 censemus
2557 2461 2570 2483 ,
2597 2423 2752 2474 simul
2769 2425 2912 2471 autem

408 2516 696 2562 monemus,
728 2501 913 2552 librum
938 2502 1078 2551 hunc
1106 2515 1205 2552 non
1234 2504 1491 2566 tamquam
1520 2506 1718 2552 certum
1741 2503 1924 2567 recipi,
1951 2517 2113 2568 quum
2140 2502 2298 2567 aliqui
2327 2505 2374 2554 ei
2395 2501 2748 2553 muti-adicere
2767 2500 2912 2550 dican·

410 2587 512 2632 tur.
544 2580 644 2631 Alii
670 2584 789 2632 ante
818 2579 1119 2630 vocabulum
1151 2601 1176 2623 «ι
1199 2585 1249 2631 ec
1278 2583 1430 2631 Petri
1460 2601 1483 2625 υ
1514 2585 1762 2644 punctum
1785 2595 1973 2648 ponere
2001 2583 2179 2634 volunt
2213 2600 2226 2634 ε
2259 2601 2286 2627 κ
2315 2585 2383 2632 Et
2411 2582 2546 2633 Petri
2577 2586 2778 2632 tantum
2807 2579 2910 2627 reei-

411 2663 577 2726 pimus
608 2679 632 2704 υ
660 2674 730 2710 sc.
760 2663 1003 2722 quantum
1032 2659 1256 2716 Ioannis,
1282 2657 1410 2708 duas
1435 2660 1677 2723 epistolas
1701 2664 1751 2710 et
1777 2675 1930 2710 unam
1957 2661 2316 2726 Apocalypsim
2342 2661 2432 2712 sed
2459 2660 2585 2710 huie
2615 2656 2914 2724 explicationi

410 2743 677 2791 contextus
702 2739 1019 2788 contradicit.

471 2818 569 2882 (22)
598 2821 737 2876 Quae
759 2816 849 2867 lin.
874 2821 1035 2866 81-85
1054 2815 1306 2878 leguntur,
1332 2815 1517 2866 multas
1547 2817 1737 2868 habent
1760 2817 2111 2879 difficultate8‚
2135 2819 2224 2870 sed
2247 2833 2407 2884 quum
2431 2819 2557 2870 haee
2593 2833 2698 2869 non
2725 2815 2914 2878 amplius

411 2899 476 2950 de
504 2897 647 2947 libris
674 2895 932 2946 canonicis
955 2898 1133 2959 agant,
1164 2909 1247 2946 eas
1274 2895 1531 2959 explicare
1561 2895 1858 2946 omittimus.
