3050 5184
365 316 720 361 castaneas
761 316 1012 362 vareias
1056 316 1428 362 resumi-:Nn
1467 317 1887 362 PARAPHRASES
1928 300 2351 382 (walamnum).
2542 304 2619 363 99

153 446 234 501 hm
251 455 300 503 et
317 448 648 505 methodium
675 448 920 505 Graecos
947 448 1160 521 origine
1197 448 1366 505 fuisse
1393 458 1559 523 atque
1603 466 1674 505 ne
1718 450 1866 521 ipsos
1894 448 2121 522 quidem
2158 450 2388 507 Latinos
2424 464 2621 507 eorum

151 544 344 605 tempore
383 536 574 592 Italam
615 536 851 607 amplius
887 534 1228 593 adhibuisse.
1273 538 1537 593 Ceterum
1572 537 1755 603 versio
1780 552 1924 595 saec.
1960 544 1993 593 9
2024 536 2314 594 dumtaxat
2347 536 2615 595 adornata

147 622 292 677 critico
307 625 421 679 usui
442 624 532 679 vix
551 624 778 681 inservit
807 640 983 697 eoque
1010 624 1220 695 minuS,
1249 626 1378 698 quia
1408 624 1681 682 editiones
1706 625 1853 697 typis
1884 626 2185 699 impressae
2224 624 2428 693 (Editio
2463 625 2618 693 prin-

143 724 236 781 ceps
263 710 453 781 prodiit
487 714 695 786 Pragae
745 716 924 781 1570.)
967 712 1224 769 licentius
1261 722 1508 769 mutatae
1546 712 1823 769 dicuntur.
1876 744 1947 754 —-
1985 714 2247 770 Arabici
2274 712 2616 785 Prophetae,

144 798 316 869 Psalmi,
335 800 457 855 libri
484 800 835 867 salomonici,
869 801 965 873 qui
992 800 1051 857 in
1077 801 1402 873 Polyglottis
1422 802 1597 857 Paris,
1629 810 1685 857 et
1712 800 1949 857 Londin.
1984 810 2221 869 exstant,
2252 817 2398 857 saec.
2432 808 2516 857 10.
2550 817 2615 857 ex

140 900 291 954 graeco
307 896 452 943 textu
479 898 609 944 sunt
634 890 838 959 εισι-τὶς
867 888 1064 945 eodem
1091 904 1237 945 saec.
1262 889 1467 961 prodiit
1488 889 1822 946 Psalterium
1850 890 2165 947 arabicum
2184 890 2612 956 Maronitarum,

140 972 239 1027 alias
254 974 505 1032 eiusmodi
525 977 804 1033 versiones
831 992 1119 1033 recensere
1148 992 1350 1049 operae
1377 978 1619 1049 pretium
1638 992 1753 1033 non
1774 985 1879 1046 est,
1904 978 2033 1049 quia
2063 976 2292 1033 minima
2320 986 2403 1033 est
2422 992 2615 1033 eorum

139 1063 397 1119 auctoritas,

1116 1391 1414 1460 CAPUT
1458 1393 1582 1459 IV.

271 1615 354 1665 DE
393 1614 896 1669 VERSIONIBUS
937 1616 1483 1669 ORIENTALIBUS
1523 1616 1955 1668 IMMEDIATIS
1996 1616 2422 1677 UTRIUSQUE

1107 1704 1587 1757 TESTAMENTI.

289 1930 321 2012 ξ,
353 1936 456 1997 13.
490 1968 584 1979 -
611 1933 707 1995 De
745 1928 1112 1997 chaldaicis
1161 1931 1404 1997 Veteris
1445 1931 1851 1998 Testamenti
1870 1928 2408 2020 paraphrasz'bus

1079 2035 1601 2127 (Tharqumz'm).
1829 2048 1833 2054 ‘

184 2254 226 2311 1.
252 2287 323 2297 —-
347 2256 532 2317 Haud
575 2255 686 2317 diu
729 2260 873 2335 post
913 2257 1144 2317 Esdrae
1200 2259 1470 2317 aetatem
1525 2256 1693 2335 apud
1749 2255 2015 2319 Iudaeos
2074 2256 2601 2335 palaestinenseS,

133 2361 278 2421 quum
311 2350 370 2411 in
407 2352 542 2413 vita
577 2352 947 2431 quotidiana
981 2353 1262 2431 linguam
1292 2354 1671 2413 aramaicam
1698 2352 2135 2432 (chaldaicam)
2166 2352 2601 2432 adoptassent‚

132 2458 229 2503 mos
250 2448 530 2523 invaluit,
562 2452 637 2511 ut
663 2449 956 2510 hebraica
984 2450 1446 2528 scripturarum
1477 2450 1668 2510 lectio
1698 2450 1933 2529 populo
1974 2449 2291 2511 chaldaice
2334 2450 2603 2528 explica-

132 2544 271 2603 retur.
310 2544 394 2605 lta
439 2550 695 2607 exortae
738 2550 882 2607 sunt
919 2546 1228 2607 librorum
1272 2563 1590 2607 sacrorum
1636 2546 2186 2625 interpretationes
2242 2547 2342 2606 vel
2395 2547 2607 2625 potius

133 2642 492 2715 expositiones
543 2645 610 2703 et
633 2642 1028 2722 paraphrases
1064 2642 1416 2703 chaldaicae
1450 2641 1927 2723 (Tharqumim),
1961 2660 2121 2721 quae
2160 2642 2456 2721 primitus
2496 2657 2603 2703 ore

132 2734 318 2797 tantum
344 2739 615 2801 traditae
642 2744 862 2818 postea
891 2739 1078 2800 etiam
1108 2740 1308 2801 literis
1330 2744 1473 2815 sunt
1503 2740 1851 2800 mandatae.

179 2857 328 2916 ludaei
355 2878 418 2917 ex
443 2862 642 2919 exsilio
665 2860 896 2917 reduces
918 2862 1209 2933 pristinam
1237 2861 1480 2935 linguam
1513 2863 1807 2919 voluerant
1830 2860 2055 2933 quidem
2083 2860 2321 2918 retinere
2349 2862 2402 2932 (2
2428 2862 2601 2919 Esdr.

134 2948 282 3015 1334),
316 2950 410 3005 ned
455 2964 632 3022 quum
678 2949 836 3020 pauci
879 2957 1061 3005 essent
1101 2964 1334 3005 numero
1375 2948 1658 3023 mediique
1697 2950 1845 3006 inter
1886 2956 2075 3021 gentes
2116 2949 2309 3005 vicinis
2360 2948 2602 3005 dialectis

130 3030 365 3093 chaldaicis
397 3046 621 3095 utentes
660 3036 951 3109 degerent,
982 3045 1108 3109 post
1144 3052 1344 3108 paucas
1380 3039 1488 3093 iam
1519 3038 1902 3111 generationes
1943 3052 2069 3093 eam
2104 3038 2463 3109 reliquerant.
2494 3039 2601 3093 Pa-

131 3120 228 3177 triae
247 3132 416 3183 autem
441 3127 667 3199 linguae
695 3124 881 3181 oblitis
915 3124 1059 3181 sacri
1085 3123 1214 3181 libri
1241 3123 1488 3181 hebraici
1526 3122 1815 3182 chaldaice
1853 3132 2010 3181 erant
2036 3123 2378 3195 explicandi,
2410 3124 2597 3196 itaque

131 3216 168 3269 in
183 3218 374 3293 singulis
399 3223 692 3297 synagogis
719 3222 1054 3279 constitutus
1079 3231 1164 3279 est
1193 3222 1466 3294 interpres
1495 3213 1798 3315 (3²2³th
1832 3221 1929 3294 qui
1947 3237 2030 3292 ea,
2054 3236 2195 3295 quae
2224 3237 2257 3277 a
2278 3221 2487 3278 lectore
2508 3222 2601 3279 he-

131 3318 268 3383 braice
289 3326 629 3400 legebantur,
659 3342 692 3385 e
717 3328 945 3400 vestigio
973 3325 1260 3383 chaldaice
1287 3326 1767 3397 interpretaretur,
1791 3326 1870 3383 ita
1896 3336 1960 3383 ut
1986 3328 2047 3383 in
2072 3343 2409 3401 unoquoque
2440 3343 2597 3385 versu

131 3410 258 3475 lector
286 3426 334 3470 et
368 3416 643 3489 interpres
669 3416 1095 3473 alternarentur.
1125 3414 1470 3471 Procedente
1498 3424 1685 3471 autem
1714 3423 1963 3486 tempore
1990 3415 2320 3486 interpretes
2347 3416 2600 3473 libertate

131 3496 452 3563 sihlooncessa
480 3504 639 3560 abuti
679 3503 904 3575 suisque
930 3500 1388 3575 explicationibus
1431 3501 1644 3559 fabulas
1684 3503 2063 3559 intermiscere
2094 3515 2425 3575 coeperunt;
2460 3520 2599 3577 qua-

133 3597 302 3659 propter
317 3590 629 3648 chaldaicae
651 3591 781 3647 illae
798 3590 1276 3663 interpretationes
1299 3592 1536 3661 scriptae
1564 3599 1709 3660 sunt,
1738 3598 1801 3645 ut
1818 3598 1943 3662 post
1968 3590 2287 3647 hebraicam
2310 3592 2599 3649 lectionem

131 3674 444 3739 recitarentur.
468 3676 839 3749 Quandonam
875 3676 1152 3734 scribendi
1189 3678 1284 3733 ille
1312 3694 1444 3735 usus
1475 3679 1547 3733 sit
1582 3686 1838 3744 exortus,
1866 3678 2221 3749 ignoramus3
2252 3688 2467 3735 certum
2495 3690 2595 3745 est,

133 3760 286 3832 nullam
308 3782 370 3821 ex
396 3766 695 3823 chaldaicis
722 3764 1150 3838 paraphrasibus
1167 3764 1551 3837 superstitibus
1579 3764 1817 3821 adventu
1845 3766 2068 3822 Domini
2092 3768 2162 3823 N.
2187 3782 2306 3823 esse
2324 3768 2597 3839 antiquio-

133 3859 228 3903 rem.
253 3852 396 3919 Nulla
425 3870 648 3927 quoque
673 3868 866 3911 omnes
903 3852 1074 3909 libros
1103 3853 1506 3923 complectitur,
1540 3854 1728 3909 cuncti
1752 3862 1940 3909 tamen
1968 3853 2098 3913 libri
2132 3856 2273 3911 sacri
2302 3855 2592 3925 (exceptis,

135 3932 303 3995 lhniele
328 3950 380 4009 et
417 3942 624 4009 Esdra,
666 3940 760 4013 qui
808 3940 1006 4012 partim
1031 3940 1314 3996 chaldaice
1360 3950 1490 3997 sunt
1535 3940 1763 4011 scripti),
1795 3957 1922 3997 suas
1965 3940 2172 3999 habent
2207 3942 2591 4015 paraphraseS,

135 4032 230 4086 ‘luas
250 4029 536 4093 secundum
563 4037 678 4085 tres
702 4027 900 4085 iudaici
928 4028 1156 4085 canonis
1179 4028 1382 4085 classes
1411 4028 1840 4085 recensebimus.

827 4248 876 4301 1.
907 4248 1354 4313 paraphrases
1387 4248 1837 4301 Pentateuohl.

191 4434 238 4493 2·
255 4470 324 4484 -
345 4443 619 4506 Primum
647 4445 815 4507 inter
842 4460 1060 4505 omnes
1089 4444 1302 4505 locum
1330 4447 1506 4504 tenet
1529 4444 1709 4521 Legis
1743 4444 2157 4522 paraphrasiS,
2192 4460 2351 4520 quae
2382 4442 2592 4504 Omm-

139 4538 473 4600 msmomine
500 4541 680 4603 citari
709 4542 888 4603 solet.
919 4539 1340 4602 Probabiliter
1365 4541 1489 4600 iam
1519 4539 1667 4600 inde
1698 4560 1733 4600 a
1762 4557 1918 4601 saec.
1957 4543 2011 4600 1.
2047 4540 2290 4618 privato
2322 4540 2463 4601 usui
2492 4540 2591 4601 in-

139 4629 362 4707 servivit,
390 4636 755 4700 hodiernam
796 4642 1004 4701 autern
1047 4655 1223 4700 suam
1269 4638 1537 4699 formam
1586 4637 1966 4716 Babyloniae
2014 4641 2277 4700 exeunte
2326 4653 2487 4699 saec.
2530 4639 2591 4697 4.
