3050 5184
391 279 507 338 392
591 294 665 336 nn
708 295 842 338 ver.
890 295 1141 340 resurr.
1177 296 1361 340 usms
1389 295 1793 342 rnornerrcm.
1826 314 1905 326 —
1934 296 2061 342 cae.
2096 296 2193 340 111.
2225 295 2301 338 nn
2326 293 2617 338 mannua
2658 291 2863 334 meme.

637 431 1014 494 (2¹‚1—24‚1o)‚
1046 435 1336 498 postquam
1373 443 1476 484 nec
1515 428 1688 500 prima
1728 427 1964 484 civitatis
2002 426 2289 497 occupatio
2328 430 2395 490 (a.
2436 429 2491 480 5.
2538 423 2775 492 loakim)
2814 437 2907 478 nec

643 515 1034 585 transportatio
1063 516 1206 587 regis
1245 514 1536 571 lechoniae
1574 517 1841 586 populum
1882 515 1953 572 ad
1994 513 2413 570 conversionem
2448 511 2811 567 adduxerant.
2844 541 2905 549 —

641 601 852 656 Ultimo
887 601 1054 672 igitur
1089 602 1244 674 regui
1291 611 1542 673 tempore
1586 604 1945 675 interroganti
1992 601 2249 659 Sedeciae
2288 599 2590 670 respondet
2620 597 2901 670 propheta.

639 690 819 745 Deum
847 687 1182 745 traditurum
1209 705 1326 745 esse
1353 691 1622 761 populum
1651 692 1709 746 in
1736 706 1935 747 manus
1952 689 2355 746 Chaldaeorum
2374 687 2668 756 (21‚1-14).
2698 689 2781 742 De
2806 685 2905 739 sin-

639 775 786 848 gulis
821 775 1020 832 deinde
1055 776 1267 832 ultimis
1303 775 1818 847 praedecessoribus
1864 776 2123 834 sedeciae
2165 791 2333 850 agens
2368 780 2643 844 (22,1-30)
2680 773 2907 844 indignis

639 862 748 919 illis
777 864 1004 934 opponit
1027 865 1248 920 iustum
1275 881 1504 934 permen
1532 867 1744 936 David,
1782 881 1881 937 per
1908 864 2058 938 quod
2092 865 2241 922 salus
2268 866 2340 920 sit
2378 862 2683 920 adventura
2713 862 2907 932 populo

643 951 898 1022 (23,1—8).
924 955 1098 1008 Porro
1118 968 1150 1008 a
1170 951 1662 1024 pseudoprophetis
1684 969 1987 1025 eorumque
2006 954 2228 1009 asseclis
2248 951 2556 1009 cavendum
2582 966 2703 1008 esse
2729 957 2907 1004 monet

641 1042 911 1109 (23,9-40)
943 1049 1110 1112 atque
1139 1040 1400 1096 terminat
1427 1042 1725 1097 sectionem
1755 1042 1960 1097 visione
1999 1039 2397 1113 symbolicade
2434 1040 2593 1096 malis
2630 1039 2749 1094 ficis
2786 1053 2905 1108 pro·

643 1127 889 1183 iiciendis
922 1129 1210 1197 (24.1-10).

465 1215 622 1271 PAns
668 1229 947 1272 sacuam
989 1220 1259 1283 (25,1·13;
1308 1222 1659 1285 46,1-51,64;
1702 1223 1981 1286 25,15-38)
2020 1219 2200 1272 Deum
2247 1219 2495 1284 iustum,
2540 1217 2631 1271 uti
2670 1229 2903 1286 regnum

401 1301 568 1364 luda,
597 1301 688 1358 ita
713 1302 978 1376 reliquas
1001 1311 1196 1376 qentes
1219 1307 1573 1378 puniturum
1600 1321 1719 1360 esse
1748 1307 1928 1362 docet.

467 1395 514 1445 l.
554 1410 578 1440 α
610 1393 772 1446 Anno
798 1397 852 1447 4.
881 1391 1115 1460 Ioakim,
1150 1393 1242 1464 qui
1271 1400 1353 1448 est
1379 1407 1432 1448 a.
1482 1399 1531 1448 1.
1565 1391 2073 1450 Nabuchodonosor
2122 1413 2147 1444 n
2191 1391 2367 1448 edidit
2393 1390 2663 1462 propheta
2698 1389 2906 1444 vatici-

639 1479 802 1533 nium
847 1479 922 1534 de
949 1479 1174 1536 iudicio
1216 1496 1320 1552 per
1357 1480 1696 1536 Chaldaeos
1738 1485 1943 1537 contra
1980 1481 2139 1536 Iuda
2164 1485 2219 1536 et
2255 1479 2459 1535 omnia
2501 1495 2679 1548 reyna
2714 1477 2905 1532 vicina

636 1567 977 1632 exercendo,
1005 1567 1154 1639 quod
1178 1569 1328 1622 velut
1349 1573 1716 1640 prooemium
1747 1567 1877 1626 huic
1902 1569 2048 1641 parti
2077 1567 2375 1639 praemittit
2404 1571 2700 1634 (2⁵,1·13).

461 1657 514 1706 2.
545 1655 866 1710 Vaticinia
891 1661 1097 1710 contra
1125 1661 1322 1728 qentes
1345 1658 1711 1723 (46‚1-51‚64)
1730 1661 1773 1712 ⁴.

636 1744 684 1795 A
712 1741 942 1798 duobus
965 1744 1259 1800 vaticiniis
1305 1749 1514 1799 contra
1546 1748 1875 1816 Aeqyptum
1911 1741 2105 1813 incipit
2142 1743 2426 1814 (wa-28),
2468 1757 2705 1814 quorum
2741 1742 2907 1812 prius

637 1843 689 1883 a.
722 1837 776 1886 4.
809 1829 1022 1886 Ioakim
1050 1831 1260 1886 editum
1289 1831 1557 1901 praedicit
1593 1833 1993 1904 Aegyptiorum
2020 1830 2235 1886 cladem
2274 1829 2345 1886 ad
2372 1830 2709 1900 Euphratem
2744 1833 2907 1894 (46.1-

641 1921 747 1985 12),
776 1918 1036 1974 alterum
1074 1920 1535 1991 expugnationem
1565 1921 1799 1992 Aegypti
1826 1935 1924 1990 per
1960 1918 2470 1974 Nabuchodonosor
2501 1917 2907 1988 felicioremque

639 2013 844 2060 sortem
868 2005 1024 2078 regni
1044 2006 1181 2062 Iuda
1209 2011 1534 2076 (was-28).
1556 2037 1628 2046 ——
1646 2009 1964 2078 Sequuntur
1984 2005 2149 2062 breve
2175 2007 2533 2062 vaticinium
2556 2009 2757 2060 contra
2778 2005 2908 2060 Plu·-

640 2092 944 2162 listliaeos,
997 2093 1089 2165 qui
1137 2094 1296 2165 plane
1349 2093 1704 2150 destruentur
1751 2098 2006 2163 (fla-7),
2064 2094 2419 2150 vaticinium
2465 2098 2678 2148 contra
2732 2092 2906 2148 Moab

639 2180 932 2252 (aisa-47),
960 2197 1102 2254 quae
1131 2190 1354 2252 propter
1377 2181 1749 2238 idololatriam
1772 2191 1827 2238 et
1861 2197 2055 2237 vanam
2097 2179 2359 2237 fiduciam
2400 2181 2669 2252 (48,1-25)
2724 2189 2775 2234 et
2818 2195 2905 2234 su-

640 2267 868 2338 perbum
896 2269 1091 2339 agendi
1120 2268 1346 2326 modum
1377 2271 1691 2341 gravissime
1722 2269 1979 2342 punietur
2002 2270 2329 2339 (48‚26·46),
2359 2269 2455 2325 sed
2484 2270 2572 2326 cui
2592 2283 2716 2340 spes
2743 2268 2905 2323 relin-

641 2357 825 2425 quitur
844 2359 1078 2426 (48,4⁷);
1111 2357 1457 2412 vaticinium
1483 2363 1688 2412 contra
1716 2360 2095 2412 Ammonitas
2120 2357 2269 2429 quod
2293 2373 2485 2412 eorum
2516 2357 2905 2426 dispersionem

641 2442 931 2514 praedicit,
963 2444 1059 2500 sed
1097 2443 1334 2499 reditum
1363 2446 1633 2516 promittit
1660 2443 1919 2514 (49,1-6);
1952 2446 2307 2501 vaticinium
2341 2450 2553 2500 contra
2580 2443 2767 2500 Edom
2800 2447 2901 2510 (49.

643 2533 820 2602 7-22),
851 2547 992 2604 quae
1019 2533 1280 2602 sapientia
1306 2549 1402 2588 sua
1440 2531 1653 2588 salvare
1688 2547 1805 2588 sese
1842 2548 1955 2588 non
1987 2534 2188 2603 poterit
2226 2533 2519 2604 (awa-13),
2552 2531 2649 2588 sed
2687 2541 2897 2602 propter

639 2619 952 2690 superbiam
975 2621 1174 2675 meruit
1201 2619 1632 2676 destructionem
1658 2622 1985 2692 (49,14-22).
2014 2652 2085 2660 —-
2111 2621 2239 2676 'fria
2260 2619 2583 2676 brevissima
2609 2621 2901 2676 vaticinia

637 2714 843 2762 contra
871 2709 1226 2763 Damascum
1253 2708 1567 2780 (49‚2a-27),
1593 2709 1823 2764 Arabes
1844 2709 2169 2778 (49,28-33)‚
2194 2709 2406 2765 Aetam
2434 2707 2739 2779 (49,34-36)
2762 2723 2903 2778 prae-

639 2794 843 2850 cedunt
867 2795 1190 2868 gravissimo
1233 2796 1525 2851 vaticinio
1571 2802 1777 2852 contra
1806 2797 2169 2867 Babylonem
2200 2803 2537 2870 terramque
2578 2795 2903 2851 Chaldaeo-

635 2899 767 2938 rum
807 2885 1188 2953 (50‚1-51‚64).
1238 2883 1483 2954 Babylon
1530 2883 1845 2938 destruetur
1882 2884 2107 2955 eiusque
2144 2885 2355 2940 incolae
2398 2881 2739 2950 occidentur,
2786 2884 2900 2955 quia

639 2970 900 3026 lsraelem
919 2979 1272 3037 vexaverunt,
1301 2972 1567 3040 templum
1589 2971 1926 3038 deleverunt,
1950 2978 2143 3026 contra
2166 2971 2468 3027 Dominum
2490 2971 2900 3026 insurrexerunt

639 3057 925 3128 (50,1-40).
966 3059 1309 3131 Completum
1351 3057 1648 3130 Babylonis
1686 3058 1965 3114 interitum
2004 3056 2245 3113 decrevit
2284 3061 2434 3114 Deus
2476 3057 2899 3128 (50‚41-51,·26):

637 3145 840 3201 decreti
870 3154 1054 3201 autem
1083 3144 1246 3200 huius
1271 3147 1546 3200 exsecutio
1576 3145 1901 3201 describitur
1925 3145 2261 3216 (51,27-58);
2288 3154 2455 3217 atque
2478 3146 2719 3202 vaticinii
2744 3146 2902 3201 certi-

637 3232 770 3289 tudo
795 3233 1160 3288 confirmatur
1183 3233 1398 3288 actione
1423 3233 1719 3303 symbolica
1754 3235 2062 3302 (51.59-64).

463 3327 513 3376 3.
544 3321 724 3376 Partis
755 3321 916 3376 huius
945 3321 1239 3392 epiloqum
1270 3321 1554 3376 constituit
1584 3321 1933 3376 vaticinium
1962 3328 2169 3376 contra
2202 3321 2355 3378 Iuda
2385 3337 2691 3394 omnesque
2716 3327 2903 3393 qentex

633 3410 809 3462 simul
827 3413 1055 3463 sumta-s·
1081 3415 1292 3475 (25,15-
1306 3413 1414 3473 38).

459 3497 687 3552 ΤΕΒΉΑ
717 3511 868 3552 PARS
914 3501 1290 3567 <26‚1-38‚‘28)
1321 3494 1686 3550 concionibus
1720 3501 1780 3550 et
1816 3497 2273 3551 narrationibus
2311 3496 2597 3564 ostendit,
2622 3497 2899 3568 populum

383 3583 694 3654 prioribus
729 3583 1173 3639 Chaldaeorum
1211 3582 1689 3656 expeditionibus
1724 3599 1833 3638 non
1870 3600 1986 3638 esse
2016 3599 2385 3652 conversum5
2410 3585 2687 3641 ultimum
2726 3584 2901 3656 igitur

389 3672 550 3726 urbis
577 3671 870 3726 excidium
899 3675 950 3726 et
979 3671 1220 3743 lonqam
1249 3671 1661 3742 captivitatem
1692 3687 1806 3726 esse
1834 3674 2025 3728 iustas
2041 3687 2286 3743 poenas.

463 3764 508 3812 1.
541 3757 815 3824 Quoniam
852 3759 1041 3830 populi
1082 3759 1428 3814 contumacia
1467 3759 1711 3814 maxime
1743 3759 1923 3814 elucet
1963 3774 2031 3814 ex
2061 3775 2155 3826 e0,
2197 3758 2340 3829 quod
2378 3759 2642 3815 Ieremiae
2678 3759 2899 3814 monitis

630 3846 796 3900 fidem
825 3845 1028 3901 habere
1056 3854 1474 3913 recusaverunt,
1507 3847 1658 3901 velut
1690 3845 1977 3901 exordium
2015 3845 2143 3901 huic
2180 3846 2323 3916 parti
2360 3846 2733 3916 praemittitur
2756 3864 2897 3902 nar-

629 3936 786 3989 ratio
815 3932 888 3988 de
915 3934 1107 4002 mod0,
1142 3950 1255 4008 quo
1280 3934 1600 4004 prophetae
1628 3938 1885 4006 tempore
1912 3934 2143 3988 Ioalrim
2174 3935 2433 3988 tractati
2460 3936 2599 3998 sint,
2630 3942 2692 3988 ut
2720 3935 2897 4005 pervi-

630 4020 838 4076 caciam
861 4022 1050 4092 populi
1071 4031 1321 4090 tempore
1346 4018 1649 4075 obsidionis
1672 4021 1907 4075 crevisse
1930 4018 2270 4075 ostendatur.
2296 4023 2565 4092 Tempore
2588 4022 2738 4076 enim
2757 4023 2899 4094 regis

631 4107 840 4162 loakim
871 4109 1134 4164 Ieremias
1170 4117 1395 4179 propter
1431 4123 1529 4162 sua
1572 4107 1827 4162 vaticinia
1868 4105 1939 4162 ad
1976 4116 2211 4162 mortem
2254 4109 2589 4178 postulatus,
2631 4125 2805 4180 quum
2831 4109 2897 4164 ad

628 4193 874 4252 divinam
910 4211 1067 4252 suam
1101 4195 1424 4252 missionem
1453 4203 1829 4266 provocasset,
1866 4194 2003 4250 liber
2036 4193 2294 4250 dimissus
2320 4204 2403 4252 est
2432 4197 2745 4269 (26,1-19)‚
2778 4197 2895 4252 lieet

629 4281 768 4336 alius
797 4282 1063 4353 propheta
1091 4283 1320 4350 (Urias),
1353 4283 1448 4352 qui
1477 4279 1718 4353 fugerat,
1751 4297 1783 4336 a
1812 4298 1940 4354 rege
1968 4282 2038 4337 sit
2061 4283 2271 4338 occisus
2303 4283 2638 4355 (26,20-24).

444 4402 510 4464 (4)
539 4401 852 4463 Quamquam
891 4403 1146 4464 ordinem,
1178 4417 1283 4467 quo
1312 4403 1508 4466 singula
1536 4417 1740 4467 quoque
1780 4403 2023 4452 vaticinia
2060 4407 2239 4454 contra
2274 4408 2447 4466 gentes
2482 4405 2537 4454 in
2572 4405 2893 4455 alexandrina

381 4478 602 4528 editione
626 4479 978 4542 disponuntur,
1009 4487 1188 4546 utpote
1215 4485 1490 4542 genuinum
1523 4483 1909 4544 praeferendum
1938 4481 2198 4540 ducimus,
2230 4483 2283 4532 in
2312 4487 2587 4547 conspectu
2618 4490 2792 4534 nostro
2820 4489 2893 4533 ta-

385 4568 516 4614 men,
542 4559 598 4606 ut
617 4555 814 4606 facilius
833 4573 948 4608 cum
973 4562 1186 4622 Vulgata
1209 4562 1488 4625 comparari
1519 4562 1691 4624 possit,
1716 4561 2131 4610 massorethicum
2156 4562 2458 4620 retinentum
2482 4563 2637 4628 idque
2660 4579 2721 4613 eo
2744 4563 2890 4614 liben-

385 4633 507 4692 lius,
533 4634 656 4695 quia
683 4637 900 4686 interno
919 4638 1127 4688 vinculo
1151 4639 1202 4688 in
1225 4644 1402 4690 neutra
1429 4641 1718 4689 recensione
1748 4641 1870 4689 haec
1896 4639 2135 4689 vaticinia
2157 4641 2381 4702 colligari
2406 4642 2661 4692 videntur.
