3050 5184
452 310 570 367 422
594 324 670 367 DE
698 324 836 367 vm.
880 323 1138 371 TESTAM.
1174 325 1364 369 Limus
1390 323 1788 369 Paopnss‘rlcts.
1819 341 1898 351 --
1932 323 2063 367 CAP.
2093 323 2152 366 V.
2185 322 2260 365 DE
2297 320 2628 367 ΡΒΟΡΗΕΤῙΑ
2663 317 2905 363 mittens·

452 452 619 510 modo
662 456 893 528 egerint.
933 457 1179 512 Priorem
1216 456 1581 512 obiectionem
1608 456 1720 511 iam
1755 454 1919 511 solvit
1962 454 2228 527 Origenes
2258 452 2346 523 (ad
2388 453 2558 509 Afric.
2608 451 2686 519 14)
2721 462 2912 506 monens

457 566 481 589 a
516 543 653 598 nihil
692 544 973 599 insolitum
1012 543 1299 611 accidisse,
1343 544 1389 598 si
1424 544 1640 615 magnis
1663 542 1922 615 gentibus
1947 542 2206 599 subiectis
2240 557 2272 597 a
2310 556 2440 613 rege
2475 553 2776 597 concessum
2809 535 2909 589 fuit.

452 638 514 684 ut
548 630 659 685 suis
684 630 899 703 legibus
920 640 1209 687 uterentur
1234 641 1289 686 et
1316 630 1532 686 iudiciis
1563 652 1620 695 »ς
1645 628 2160 687 Nabuchodonosor
2189 628 2476 685 Danielem
2503 626 2752 700 praefecit
2777 622 2912 693 Baby·

452 717 661 785 ioniae,
696 717 963 774 Iudaeum
999 718 1293 775 Godoliam
1320 720 1663 774 Palaestinae
1698 720 1787 773 vix
1829 726 2198 789 expugnatae;
2235 716 2369 788 quid
2407 716 2634 781 mirum,
2678 712 2810 785 quod
2843 712 2904 765 lu·

450 805 603 860 dacis
638 808 696 859 in
731 805 1063 862 chaldaeam
1106 805 1385 871 abductiS,
1418 815 1479 861 ut
1516 805 1825 861 secundum
1859 805 2008 879 leges
2047 820 2175 861 suas
2207 805 2482 873 viverent,
2521 800 2840 875 permiserit?
2867 800 2914 851 In

450 892 651 947 iudicio
688 895 970 949 Susannae
998 893 1136 949 nihil
1166 894 1267 949 fuit
1298 894 1677 960 tumultuarii,
1703 894 1809 949 nisi
1833 892 1982 965 quod
2019 894 2077 948 in
2106 890 2278 948 fidem
2303 893 2552 959 testium,
2587 905 2722 961 quos
2741 900 2915 941 summa

451 981 804 1035 veneratione
833 980 1030 1053 dignos
1063 980 1337 1037 iudicabat
1372 982 1639 1052 populuS‚
1669 996 1783 1037 non
1826 990 1970 1037 esset
2009 979 2356 1051 inquisitum3
2384 978 2513 1035 hinc
2555 978 2778 1049 populus
2813 974 2918 1026 vitu·

448 1075 675 1137 peratur
710 1082 743 1122 a
780 1069 1039 1134 Daniele,
1078 1084 1186 1139 quo
1223 1069 1475 1139 praeside
1502 1068 1671 1133 illud,
1705 1068 1855 1139 quod
1901 1070 2163 1124 omissum
2203 1076 2352 1136 erat,
2395 1066 2706 1136 suppletum
2739 1072 2826 1117 est.
2857 1064 2918 1114 De

449 1152 651 1209 iudicio
681 1162 874 1209 contra
902 1170 1059 1209 senes
1080 1171 1195 1209 non
1221 1164 1302 1210 est
1330 1170 1541 1221 serm03
1575 1154 1988 1226 quamprimum
2025 1154 2146 1209 salsi
2182 1153 2480 1209 testimonii
2517 1160 2678 1207 erant
2707 1148 2914 1205 convicti.

448 1242 713 1295 sententia
739 1241 808 1297 ab
835 1242 951 1313 ipsa
986 1244 1127 1314 Lege
1156 1244 1345 1311 (Dent.
1380 1249 1540 1308 19,18
1575 1244 1681 1314 sq.)
1716 1242 1828 1299 iam
1861 1251 1978 1297 erat
2003 1242 2137 1298 lata.
2180 1270 2247 1281 —
2280 1243 2518 1296 Demum
2547 1239 2807 1299 obiicitur,
2833 1238 2917 1289 Da-

448 1327 645 1384 nielem
674 1346 785 1383 non
826 1345 944 1385 esse
982 1339 1292 1396 auctorem,
1341 1330 1468 1401 quia
1507 1330 1577 1385 de
1614 1346 1672 1385 se
1711 1330 1860 1385 velut
1906 1344 2140 1398 persona
2178 1343 2404 1400 prorsus
2432 1327 2622 1399 ignota
2659 1325 2801 1397 loqui
2837 1338 2918 1376 nnn

453 1416 623 1469 notuit
661 1416 891 1487 (13,45);
928 1415 1025 1472 sed
1054 1419 1107 1472 in
1148 1434 1307 1472 versu
1336 1418 1551 1472 obiecto
1579 1418 1728 1472 iuxta
1757 1417 2069 1472 versionem
2097 1415 2560 1472 alexandrinam
2597 1430 2710 1469 non
2743 1418 2924 1483 apparet

450 1510 729 1575 tumquam
758 1520 993 1575 persona
1022 1505 1237 1577 ignota,
1271 1504 1367 1561 sed
1397 1504 1467 1559 de
1495 1520 1576 1571 se,
1611 1505 1694 1559 uti
1727 1504 1787 1559 in
1815 1504 2072 1559 omnibus
2110 1504 2306 1574 prioris
2333 1502 2506 1573 partis
2543 1498 2922 1557 narrationibus.

450 1592 665 1645 tertiam
704 1608 1001 1663 personam
1042 1601 1257 1647 tantum
1304 1592 1531 1648 adhibet
1565 1610 1579 1646 ε
1617 1592 1797 1645 ἔδωκεν
1845 1592 2060 1661 ἅγγελος
2101 1595 2292 1658 πνεῦμα
2331 1592 2566 1651 συνέσεως
2611 1589 2816 1659 νεωτέρῳ
2851 1586 2925 1637 ὄπ·

447 1678 651 1743 Δανιήλ.

516 1768 719 1820 Contra
756 1766 977 1820 tertiam
1016 1766 1310 1836 pericopen
1345 1767 1478 1822 olim
1514 1766 1782 1823 nonnulla
1812 1765 2226 1831 obiiciebantur,
2267 1781 2406 1837 quae
2437 1764 2603 1820 hodie
2631 1760 2928 1837 cognitisin·

448 1852 836 1922 scriptionibus
877 1852 1309 1908 cuneil'ormibus
1353 1869 1465 1908 non
1503 1853 1741 1923 amplius
1789 1853 2020 1924 proferri
2070 1862 2316 1924 possunt.
2351 1852 2555 1925 Cyrum
2594 1853 2737 1906 enim
2779 1862 2927 1903 revera

450 1940 837 2011 polytheistam
868 1938 1030 1995 fuisse
1061 1950 1225 2011 atque
1253 1940 1584 2013 Babylonios
1617 1942 1782 1995 etiam
1819 1940 2166 2011 serpentibus
2193 1941 2408 1995 cultum
2444 1937 2780 2005 exhibuisse,
2805 1934 2931 1991 hodie

448 2026 668 2083 scimus.
698 2030 772 2082 At
798 2028 1014 2095 Daniel,
1044 2027 1325 2099 inquiunt,
1358 2028 1628 2099 templum
1655 2028 1800 2083 Belis
1827 2028 2161 2084 destruxisse
2192 2028 2449 2095 refertur,
2476 2026 2759 2083 Strabonis
2784 2032 2928 2078 autem

446 2122 502 2167 et
536 2114 758 2169 Arriani
798 2115 1125 2169 testimoniis
1168 2115 1474 2171 destructio
1522 2116 1700 2171 Xerxi
1740 2115 2076 2183 attribuitur,
2111 2116 2283 2169 immo
2319 2113 2642 2170 Herodotus
2681 2112 2805 2169 illud
2837 2118 2930 2181 post

448 2201 649 2255 Xerxis
672 2209 911 2256 aetatem
934 2211 1210 2272 superstes
1228 2204 1512 2272 spectavit.
1540 2203 1750 2271 Quibus
1773 2202 1978 2257 sufficit
2000 2202 2368 2272 respondisse,
2391 2201 2461 2257 ob
2481 2202 2756 2258 Herodoti
2777 2206 2930 2255 aucto-

447 2290 666 2342 ritatem
696 2304 727 2343 a
755 2288 908 2343 nullo
934 2288 1215 2359 hucusque
1244 2290 1527 2345 Strabonis
1558 2299 1612 2344 et
1639 2290 1863 2345 Arriani
1889 2290 2188 2345 relationes
2213 2289 2270 2344 in
2307 2288 2538 2344 dubium
2569 2306 2690 2344 esse
2718 2296 2926 2342 vocatas:

447 2391 544 2428 cur
575 2375 739 2445 igitur
772 2376 1016 2430 Danielis
1056 2378 1296 2431 narratio
1330 2378 1592 2439 reiicitur,
1626 2393 1768 2447 quae
1797 2376 1992 2432 eodem
2030 2376 2225 2443 modo,
2259 2394 2370 2449 quo
2415 2377 2656 2433 aliorum
2683 2376 2931 2432 relationes

446 2477 570 2517 eum
600 2461 863 2518 Herodoti
896 2464 1209 2518 testimonio
1238 2464 1600 2519 conciliatur?
1631 2464 1820 2519 AJtera
1850 2463 2084 2520 obiectio
2110 2482 2176 2520 ex
2203 2464 2468 2520 miraculo
2497 2464 2825 2531 desumitur,
2848 2476 2930 2531 quo

449 2548 712 2617 propheta
743 2550 1005 2606 Ilabacuc
1034 2566 1099 2605 ex
1129 2551 1431 2607 Palaestina
1458 2552 1514 2606 in
1541 2551 1877 2607 chaldaeam
1905 2552 2203 2607 translatus
2231 2561 2333 2619 est,
2360 2560 2421 2607 ut
2439 2553 2662 2608 Danieli
2685 2550 2928 2624 prandium

445 2636 683 2692 afferret.
711 2638 921 2706 Quibus
944 2638 1227 2693 immorari
1252 2640 1595 2712 superfluum
1626 2648 1736 2705 est,
1769 2641 2030 2710 quoniam
2057 2639 2384 2695 miraculum
2427 2638 2536 2695 hoc
2560 2657 2676 2696 non
2709 2641 2930 2695 maiorem

444 2724 825 2781 difficultatem
854 2733 1027 2793 creat,
1062 2742 1227 2797 quam
1256 2728 1359 2781 alia
1390 2727 1588 2782 similia
1619 2730 1668 2795 (4
1693 2732 1825 2798 Req.
1853 2734 2000 2795 2,11.
2038 2734 2134 2797 16;
2163 2732 2297 2782 Act.
2329 2732 2518 2794 39,8.).

523 2896 579 2951 7.
609 2926 687 2935 --
714 2895 925 2969 Neque
952 2911 1025 2952 ex
1060 2911 1162 2962 e0,
1190 2894 1357 2970 quod
1389 2895 1722 2972 pericopae
1751 2896 1904 2954 istae
1927 2894 1991 2953 in
2017 2895 2576 2971 protocanonicum
2595 2896 2815 2957 librum
2835 2908 2930 2951 non

446 2991 590 3048 sunt
618 2995 937 3067 receptae,
982 2989 1328 3065 quidquam
1367 2995 1588 3050 contra
1626 2990 1997 3051 danielicam
2035 3007 2248 3049 earum
2289 2990 2599 3067 originem
2631 3000 2794 3052 reete
2823 3006 2934 3049 con·

445 3084 736 3145 cluditur.

514 3197 657 3252 Satis
685 3207 811 3268 apte
835 3198 983 3254 enim
1013 3214 1205 3253 earnm
1233 3199 1459 3253 omissio
1496 3214 1564 3253 ex
1603 3198 1712 3254 fine
1749 3199 2070 3268 explicatur,
2101 3213 2266 3269 quem
2301 3199 2524 3267 Daniel,
2571 3216 2741 3273 quum
2781 3210 2932 3253 versus

446 3283 585 3339 vitae
612 3284 777 3339 finem
803 3284 1002 3341 librum
1030 3302 1190 3340 suum
1216 3302 1281 3340 ex
1307 3286 1718 3341 narrationibus
1755 3286 2162 3357 visionibusque
2191 3294 2355 3341 antea
2385 3290 2718 3359 conscriptis
2739 3299 2930 3355 compo-

444 3379 627 3439 neret,
656 3370 757 3427 sibi
794 3374 1097 3444 proposuit.
1129 3372 1324 3427 Omnis
1364 3374 1512 3428 enim
1553 3373 1966 3444 protocanonici
2003 3374 2128 3429 libri
2169 3374 2514 3430 narrationes
2555 3384 2612 3431 et
2645 3376 2860 3430 visiones
2881 3385 2932 3424 eo

443 3456 704 3526 tendunt,
733 3468 795 3513 ut
820 3461 999 3516 Deum
1030 3460 1466 3533 magnitudinem
1496 3462 1912 3531 potentiamque
1941 3476 2097 3515 suam
2135 3461 2282 3516 inter
2309 3460 2563 3518 ethnicos
2593 3460 2930 3519 manifestam·

442 3542 1033 3619 manifestaturumquc
1066 3563 1185 3602 esse
1218 3547 1532 3603 ostendant.
1567 3551 1686 3603 Iam
1726 3565 1853 3603 vero
1882 3547 2012 3603 huic
2046 3547 2506 3605 demonstrationi
2545 3566 2650 3605 nec
2687 3548 2930 3605 historiam
3002 3576 3003 3617 3

442 3634 721 3687 Susannae
746 3650 846 3689 nec
873 3636 1109 3690 Azan-iae
1141 3636 1555 3709 amicorumque
1585 3637 1703 3692 eius
1732 3636 2040 3691 orationem
2069 3645 2125 3691 et
2153 3635 2421 3707 hymnum
2455 3638 2722 3693 inservire
2747 3634 2932 3691 evidens

443 3728 551 3787 est,
583 3736 753 3792 quare
787 3720 946 3777 facile
972 3722 1319 3795 intelligitur,
1358 3740 1456 3779 cur
1492 3724 1616 3779 illas
1655 3724 1794 3778 duas
1833 3724 2119 3794 pericopas
2149 3724 2414 3779 omiserit.
2451 3723 2632 3780 Aliter
2662 3723 2869 3795 quidem
2889 3734 2932 3772 se

443 3824 529 3861 res
558 3807 723 3863 habet
750 3808 809 3864 in
834 3810 1027 3878 tertia,
1061 3826 1203 3882 quae
1242 3810 1437 3865 eodem
1464 3810 1655 3879 modo,
1690 3826 1799 3881 quo
1833 3810 2082 3881 reliquae
2119 3811 2463 3867 narrationes
2498 3820 2818 3881 potestatem
2845 3804 2930 3859 veri

3001 3630 3003 3720 4

445 3895 544 3949 Dei
572 3896 814 3950 celebrat
858 3898 1037 3966 (14,42
1076 3897 1158 3952 cl'r
1192 3904 1322 3963 2,46
1352 3914 1457 3967 sq.;
1501 3904 1626 3963 3,59
1657 3913 1778 3969 sqq.
1823 3899 1982 3964 etc.),
2019 3906 2264 3953 attamen
2309 3898 2565 3954 attendas
2613 3900 2798 3955 velim.
2837 3908 2930 3949 eam
2999 3948 3001 3957 ,

441 3983 597 4037 alteri
636 3982 705 4039 de
742 3986 969 4040 Daniele
1007 3985 1256 4039 leonibus
1299 3984 1514 4038 obiecto
1547 4001 1666 4039 esse
1710 3983 1871 4040 valde
1907 3984 2130 4041 affinem
2169 3988 2268 4053 (6.1
2325 3989 2468 4056 sqq.)
2501 3986 2736 4057 ideoque
2770 3984 2928 4039 foi-tea

444 4070 667 4125 Daniele
704 4071 823 4140 ipso
864 4072 1124 4127 omissam
1166 4080 1261 4125 aut
1285 4086 1314 4123 a
1341 4070 1650 4125 iunioribus
1673 4072 1918 4127 rabbinis
1943 4088 1973 4127 e
2008 4088 2108 4127 suo
2137 4073 2258 4127 loco
2289 4081 2582 4133 remotam.
2613 4082 2672 4128 ut
2699 4074 2752 4128 in
2783 4066 2932 4141 paucis

440 4166 655 4212 tantum
684 4158 965 4213 codicibus
1009 4159 1159 4213 velut
1196 4157 1469 4229 appendix
1501 4158 1573 4213 sit
1600 4168 1944 4215 conservata.
1980 4158 2294 4214 Secundum
2322 4162 2589 4231 temporis
2619 4161 2762 4215 enim
2793 4156 2930 4211 ratio-

2999 3960 3001 4106 ἱ

442 4260 599 4309 nem,
638 4261 804 4315 quam
842 4248 1041 4301 Daniel
1078 4247 1135 4300 in
1171 4245 1525 4315 disponendis
1566 4246 1975 4302 narrationibus
2013 4255 2069 4300 ct
2107 4247 2403 4301 visionibus
2429 4256 2654 4303 secutus
2685 4254 2788 4308 est,
2819 4242 2932 4298 duae
2997 4308 2999 4313 Ι

443 4330 565 4385 illae
596 4332 936 4387 narrationes
968 4336 1069 4401 (6,1
1105 4349 1227 4405 sqq.
1255 4340 1309 4387 et
1336 4339 1452 4401 14,1
1488 4335 1632 4404 sqq.)
1659 4350 1777 4389 sese
1801 4336 2054 4405 excipere
2083 4333 2378 4391 debebant.

522 4498 577 4555 8.
612 4533 689 4541 --
718 4500 937 4559 Divina
966 4500 1149 4559 trium
1183 4500 1624 4577 pericoparum
1665 4501 2007 4559 auctoritas
2042 4500 2411 4561 testimonio
2450 4500 2729 4579 integrae
2759 4495 2930 4559 Eccle-

444 4592 569 4651 siae
599 4594 837 4653 nititur.
