3050 5184
860 339 936 384 ΒΕ
976 339 1194 390 QUAnrl
1235 337 1554 383 EVANGELu
1598 339 1970 386 AuTuENTm.
2570 322 2681 383 501

148 477 262 534 3,3.
293 471 368 530 4).
401 473 578 526 Porro
607 470 652 526 si
679 470 812 526 dicit
838 491 852 526 ε
889 491 914 521 ιι
942 470 1302 544 Unigenitum
1329 457 1490 526 illum
1512 470 1691 526 Patris
1716 471 2097 528 universorum
2127 487 2273 538 esse,
2299 471 2521 543 proprie
2544 473 2683 526 Ver-
2740 457 2751 466 ’

149 557 284 612 bum
314 568 370 612 et
399 559 658 613 virtutem
685 575 750 613 ex
781 574 847 614 eo
873 557 1118 631 genitum
1151 565 1320 630 atque
1354 567 1548 629 postea
1585 558 1866 614 hominem
1900 558 2107 615 factum
2137 577 2203 616 ex
2232 559 2485 631 Virgine,
2514 557 2596 614 uti
2620 571 2685 611 ex

146 645 562 701 commentariis
585 645 866 714 discimus,
896 646 1004 702 iam
1029 654 1191 702 antea
1215 645 1594 701 demonstravi
1621 669 1647 698 u
1682 649 1753 716 (c.
1787 647 1994 718 Tryph.
2033 653 2173 716 105),
2201 647 2402 702 iterum
2425 644 2684 708 ostendit,

145 749 206 786 se
231 741 496 804 quartum
521 733 904 805 Eis-angelium,
930 735 989 789 in
1013 749 1124 805 quo
1147 733 1268 790 solo
1292 733 1546 790 Christus
1574 753 1599 784 α
1624 734 1961 806 Unigenitus
1982 734 2162 790 Patris
2190 755 2215 786 »
2242 743 2296 790 et
2333 755 2357 786 α
2383 733 2629 790 Verbum
2657 751 2681 784 ι

149 827 400 884 vocatur,
443 821 588 876 inter
630 821 1061 880 commentarios
1106 841 1131 872 α
1181 837 1324 893 quae
1367 830 1636 878 vocantur
1670 821 1969 894 Evangelia
2014 843 2039 873 a»
2083 837 2423 878 numerasse.
2465 819 2683 892 Saepis-

145 907 286 962 sime
322 915 514 963 autem
554 909 612 964 S.
657 907 902 964 Iustinus
941 907 1012 964 de
1053 909 1238 964 Verbo
1289 909 1555 980 loquitur,
1602 908 1853 980 illudque
1898 909 1955 964 in
1998 909 2263 980 principio
2310 909 2456 981 apud
2504 911 2686 964 Deum

147 993 346 1060 fuisse,
375 1009 474 1065 per
501 994 638 1051 illud
668 996 854 1051 omnia
881 995 1026 1052 faeta
1065 1011 1183 1052 esse
1209 1005 1312 1053 etc.
1347 996 1510 1052 docet
1540 997 1725 1067 (Apol.
1760 997 1833 1052 11.
1876 1004 1938 1064 63
1969 995 2055 1052 cfr
2081 1013 2130 1052 c.
2163 996 2373 1069 'sryph.
2418 997 2569 1067 100),
2598 994 2683 1052 di-

144 1089 294 1136 serte
335 1081 541 1154 allegat
569 1084 724 1140 Ioan.
759 1090 902 1152 1,20.
933 1089 1003 1139 23
1048 1084 1116 1156 (c.
1159 1083 1370 1156 Tryph.
1401 1088 1491 1150 88)
1533 1091 1589 1140 et
1616 1083 1781 1138 verba
1826 1085 2177 1140 Zachariae
2222 1090 2381 1153 12,10
2421 1085 2497 1140 ita
2526 1082 2686 1140 affert

145 1169 336 1240 (Apol.
367 1171 416 1226 1.
447 1174 568 1240 52),
599 1171 742 1226 sicut
762 1170 909 1243 apud
937 1177 1104 1227 loan.
1135 1177 1293 1240 19,37
1323 1172 1605 1244 leguntur.
1634 1171 1892 1227 Ceterum
1920 1171 2035 1228 eius
2064 1171 2363 1244 discipulus
2394 1172 2684 1228 Tatianus

147 1255 433 1328 integrum
473 1259 836 1331 Evangelium
863 1268 1124 1330 quartum
1158 1259 1218 1314 in
1259 1274 1421 1314 suum
1447 1259 1803 1315 Diatessaron
1832 1259 2055 1330 recepit.
2100 1262 2159 1316 S.
2188 1259 2401 1316 Iustino
2442 1257 2687 1330 aequalis

147 1343 250 1398 suit
279 1345 340 1399 S.
383 1346 674 1402 Claudius
701 1345 1106 1420 Apollinaris,
1137 1361 1203 1402 ex
1227 1345 1382 1402 cuius
1409 1346 1551 1403 libro
1580 1344 1649 1402 de
1686 1345 1949 1418 paschate
1975 1346 2087 1403 duo
2118 1355 2338 1402 tantum
2378 1345 2687 1418 fragmenta

144 1441 481 1501 supersunt,
514 1433 610 1490 sed
657 1442 895 1506 utroque
933 1433 1368 1500 demonstratur,
1406 1449 1536 1490 eum
1572 1443 1826 1492 nostrum
1861 1434 2222 1506 Evangelium
2268 1432 2593 1506 cognovisse
2632 1440 2688 1488 et

141 1519 378 1590 reliquis
406 1522 795 1593 aequiparasse
820 1523 1026 1594 (Migne
1052 1522 1259 1578 Patrol.
1293 1537 1378 1594 gr.
1413 1523 1651 1592 5,1297).

217 1616 299 1670 Ex
319 1615 577 1673 Patribus
589 1617 911 1688 apostolicis
939 1618 997 1674 S.
1029 1619 1303 1690 [quattus
1325 1620 1424 1682 M..
1447 1633 1506 1673 se
1527 1628 1791 1689 quartum
1811 1618 2170 1692 Evangelium
2198 1617 2486 1691 agnovisse
2500 1657 2516 1680 ,
2538 1623 2685 1672 certe

143 1702 422 1772 ostendit,
455 1705 498 1760 si
527 1705 596 1762 de
623 1705 834 1776 Spiritu
863 1706 1132 1778 loquitur,
1163 1725 1188 1756 α
1217 1705 1312 1776 qui
1340 1705 1446 1761 scit
1471 1705 1621 1761 unde
1650 1707 1833 1763 veniat
1857 1715 1914 1762 et
1950 1722 2059 1779 quo
2088 1706 2255 1762 vadat
2286 1726 2311 1758 n
2345 1703 2438 1774 (ad
2466 1703 2683 1762 Philad.

143 1797 208 1856 ῖς
241 1790 328 1846 cl'r
366 1795 529 1849 Ioan.
564 1793 704 1864 3‚8)‚
736 1793 806 1849 de
829 1809 989 1866 pane
1015 1793 1148 1862 Dei,
1178 1794 1270 1864 qui
1301 1802 1382 1848 est
1407 1809 1543 1848 caro
1568 1799 1701 1850 Iesu
1734 1795 1983 1864 Christi,
2014 1793 2083 1852 de
2099 1800 2250 1867 potu
2268 1837 2282 1858 ,
2315 1795 2411 1867 qui
2435 1803 2519 1850 est
2544 1809 2685 1848 san·

141 1879 280 1949 ya'is
303 1879 422 1935 eius
443 1880 535 1952 (ad
559 1882 724 1938 Rom.
751 1887 785 1936 7
801 1904 816 1951 ;
845 1879 930 1938 c'fr
953 1885 1118 1938 loan.
1145 1886 1294 1950 6535,
1319 1887 1410 1948 51)
1427 1924 1440 1948 ‚
1473 1880 1543 1937 de
1574 1901 1599 1933 «ι
1627 1882 1872 1954 principe
1895 1882 2057 1938 huius
2078 1883 2285 1938 saeculi
2305 1902 2331 1934 n
2364 1879 2453 1954 (ad
2480 1881 2680 1952 Ephes,

149 1973 243 2032 17;
267 1970 438 2022 loan.
469 1974 680 2036 16,11).
705 1968 774 2025 de
799 1990 826 2020 α
849 1969 1068 2025 vivente
1083 1969 1144 2024 in
1165 1984 1224 2025 se
1246 1978 1302 2026 et
1330 1969 1590 2041 loquente
1613 1985 1759 2042 aqua
1782 1990 1807 2020 n
1832 1968 1924 2036 (ad
1940 1973 2106 2026 Rom.
2136 1976 2194 2039 ῖς
2220 1973 2373 2024 Ioan.
2408 1973 2557 2037 7,38)
2576 1975 2683 2024 etc.

143 2056 274 2110 Non
299 2055 486 2111 minus
511 2065 724 2112 certum
753 2065 836 2112 est
861 2057 1240 2112 testimonium
1269 2058 1510 2113 auctoris
1538 2073 1625 2130 ep.
1659 2057 1747 2114 ad
1771 2059 2119 2126 Diognetum
2160 2059 2230 2128 (7.
2271 2064 2357 2113 10.
2394 2055 2477 2114 cfr
2512 2061 2682 2112 Ioan.

149 2150 270 2210 1‚1;
313 2148 466 2212 3,16.
509 2147 618 2212 17),
661 2160 804 2216 quae
844 2145 962 2200 sine
1003 2145 1118 2201 ullo
1155 2143 1325 2200 dubio
1364 2144 1594 2202 ineunte
1636 2159 1781 2201 saec.
1824 2151 1880 2200 2.
1924 2145 2129 2217 scripta
2170 2153 2273 2200 est.
2314 2147 2373 2202 S.
2426 2146 2690 2219 Papiam

151 2253 176 2280 e
208 2231 542 2288 testimoniis
577 2248 645 2287 ex
682 2233 860 2304 prima
890 2232 1117 2288 Ioannis
1145 2232 1377 2304 epistola
1411 2253 1437 2285 n
1466 2247 1629 2289 usum
1659 2247 1777 2287 esse
1804 2223 2039 2288 testatur
2064 2232 2335 2288 Eusebius
2360 2233 2452 2304 (H.
2484 2233 2549 2289 E.
2579 2233 2684 2288 111.

147 2324 268 2384 39),
299 2326 469 2390 atque
497 2319 692 2375 eadem
721 2321 948 2392 epistola
971 2335 1132 2376 usum
1150 2335 1269 2376 esse
1287 2323 1346 2376 S.
1367 2319 1771 2392 Polycarpum
1787 2321 2113 2391 opusculum
2134 2321 2251 2375 eius
2278 2326 2557 2391 superstes
2586 2319 2685 2375 de—

147 2415 427 2462 monstrat
441 2406 533 2473 (ad
547 2407 778 2479 Philipp.
805 2414 838 2463 7
853 2431 868 2476 ;
900 2407 986 2464 cfr
1007 2415 1056 2464 1.
1083 2411 1246 2464 Ioan.
1276 2413 1389 2470 4,2.
1419 2413 1502 2477 3);
1530 2407 1641 2464 iam
1672 2423 1799 2463 vero
1828 2407 2185 2480 Evangelium
2209 2415 2468 2479 quartum
2494 2416 2552 2464 et
2578 2408 2688 2478 pri-

145 2511 300 2550 mam
329 2495 558 2550 loannis
580 2495 870 2566 epistolam
895 2505 1013 2553 tam
1041 2503 1192 2552 arcte
1219 2495 1519 2552 cohaerere
1535 2539 1549 2564 ‚
1580 2504 1643 2550 ut
1670 2495 1809 2552 haec
1831 2494 1950 2551 sine
1978 2494 2075 2551 illo
2109 2494 2328 2552 admitti
2356 2510 2471 2552 non
2492 2495 2685 2566 possit,

145 2585 294 2639 inter
324 2598 520 2639 omnes
550 2581 666 2638 sere
694 2591 912 2640 constat
939 2583 1045 2650 (cl'r
1069 2584 1217 2640 Diss.
1248 2585 1398 2640 vm.
1429 2583 1460 2656 5
1487 2587 1655 2653 22,2).

227 2776 692 2838 Catholicorum
734 2777 1064 2838 doctorum
1110 2794 1274 2837 saec.
1337 2781 1400 2838 2.
1449 2776 1805 2837 auctoritati
1851 2776 2283 2836 testimonium
2334 2774 2685 2836 incredulo—

143 2891 295 2935 rum
334 2878 398 2934 et
425 2873 889 2934 haereticorum
920 2873 1204 2934 eiusdem
1237 2873 1458 2933 aetatis
1498 2873 1687 2950 plane
1717 2875 2050 2946 consonat;
2091 2872 2243 2949 quin
2284 2873 2487 2932 Celsus
2516 2871 2684 2931 enirn

147 2977 346 3048 atque
377 2970 688 3040 Gnostici,
710 2969 1042 3038 Basilides,
1083 2970 1435 3030 Valentinus
1459 2986 1810 3046 eorumque
1837 2969 2161 3046 discipuli,
2184 2971 2473 3046 quartum
2496 2969 2687 3027 Evan—

147 3067 392 3145 gelium
419 3065 782 3136 habuerint,
816 3082 943 3126 non
969 3070 1062 3126 est
1091 3065 1375 3127 dubium.

219 3189 480 3258 Namque
511 3185 703 3242 Celsus
733 3186 1062 3242 Christianis
1089 3185 1305 3253 obiicit,
1340 3185 1488 3258 quod
1516 3187 1717 3241 Filium
1754 3185 1857 3240 Dei
1883 3185 2072 3240 dicant
2100 3184 2215 3241 eius
2242 3186 2425 3256 ipsum
2442 3183 2684 3240 Verbum

151 3273 481 3346 (Αὗτόλογον)
509 3281 566 3330 et
594 3290 693 3344 pro
729 3275 825 3330 illo
853 3273 1036 3330 Verbo
1067 3276 1254 3345 (Λόγῳ)
1285 3273 1582 3329 exhibeant
1610 3273 1891 3328 hominem
1920 3273 1979 3328 in
2020 3288 2241 3328 crucem
2267 3281 2453 3328 actum
2494 3275 2680 3345 (Oriq.

151 3381 200 3420 c.
230 3365 381 3422 CelS.
413 3363 487 3419 11.
521 3366 641 3430 31);
675 3378 838 3432 porro
873 3383 898 3413 α
925 3360 994 3418 de
1019 3363 1317 3434 sanguine,
1347 3363 1442 3433 qui
1467 3360 1539 3416 de
1562 3376 1795 3432 corpore
1822 3360 1881 3416 in
1910 3375 2132 3416 crucem
2159 3359 2377 3416 sublato
2407 3359 2625 3416 fluxerit
2656 3383 2679 3409 n

153 3451 294 3508 ridet
323 3451 384 3518 (l.
412 3466 458 3505 c.
495 3455 605 3516 36),
644 3449 945 3507 Dominum
987 3451 1288 3520 vituperat,
1321 3448 1471 3520 quod
1507 3469 1532 3498 α
1568 3450 1633 3503 in
1670 3449 1877 3520 templo
1906 3456 2238 3518 provocatus
2274 3469 2297 3499 ι
2330 3449 2547 3520 signum
2573 3463 2683 3503 non

157 3539 348 3596 fecerit
375 3539 438 3604 (l.
469 3553 519 3593 c.
551 3541 642 3605 59)
671 3545 779 3594 etc.
821 3537 1150 3600 Basilides,
1179 3536 1273 3607 qui
1301 3544 1428 3592 ante
1465 3535 1713 3590 medium
1736 3550 1884 3591 saec.
1914 3541 1967 3591 2.
2002 3535 2164 3602 vixit,
2192 3536 2376 3607 quarti
2405 3535 2685 3608 Evangelii

157 3627 333 3682 verbis
364 3624 610 3681 abutitur
632 3625 727 3682 illa
761 3644 787 3676 α
817 3624 873 3679 in
907 3623 1220 3695 Evangeliis
1251 3645 1276 3675 n
1311 3624 1417 3693 legi
1445 3638 1697 3678 asserens
1723 3622 2065 3694 (Philosoph.
2105 3624 2230 3678 vn.
2262 3630 2350 3678 22.
2388 3628 2521 3692 27.).
2558 3623 2685 3677 Eius

157 3713 448 3786 aequalem
477 3713 851 3768 Valentinum
871 3720 926 3767 et
944 3727 1039 3768 eos
1073 3732 1098 3762 α
1119 3710 1214 3782 qui
1233 3727 1264 3765 a
1282 3709 1580 3765 Valentino
1609 3719 1757 3778 sunt,
1780 3709 2078 3782 Evangelio
2097 3710 2401 3766 secundum
2421 3712 2683 3765 Ioannem

161 3801 470 3871 plenissime
497 3800 580 3854 uti
602 3820 628 3851 n
660 3808 896 3856 testatur
918 3801 973 3855 S.
1005 3801 1266 3854 Irenaeus
1297 3799 1364 3868 (c.
1396 3799 1565 3852 Haer.
1597 3799 1696 3852 ΙΙΙ.
1730 3803 1788 3853 11
1813 3821 1827 3865 3
1856 3796 1940 3852 cl'r
1970 3798 2291 3869 Philosoph.
2322 3799 2415 3852 Vl.
2444 3801 2532 3852 34.
2565 3801 2680 3864 35);

159 3889 434 3946 Valentini
466 3886 763 3959 discipulus
799 3886 1132 3942 Heracleon
1159 3886 1217 3941 in
1246 3895 1507 3958 quartum
1536 3885 1894 3957 Evangelium
1922 3886 2031 3940 iam
2064 3883 2523 3941 commentarium
2549 3897 2683 3937 con—

157 3977 400 4048 seripsit,
429 3990 540 4046 quo
582 3991 695 4030 non
721 3976 890 4030 semel
918 3990 1052 4029 usus
1085 3980 1170 4029 est
1196 3973 1462 4046 Origenes
1492 3972 1572 4040 (in
1601 3974 1757 4028 loan.
1787 3974 1882 4027 VI.
1909 3979 1961 4029 8.
2000 3978 2083 4028 12.
2114 3977 2182 4027 23
2212 3975 2360 4040 etc.).
2386 3971 2686 4025 Naasseni

157 4079 376 4135 quoque
399 4061 584 4134 quiex
627 4061 1022 4134 antiquissimis
1049 4062 1310 4134 gnosticis
1343 4069 1500 4128 sunt,
1530 4075 1793 4132 magnum
1824 4075 2117 4115 numerum
2149 4059 2592 4114 testimoniorum
2619 4074 2683 4113 ex

159 4159 344 4206 nostro
373 4149 674 4222 Evangelio
702 4150 1091 4206 desumserunt
1119 4148 1460 4220 (Philosoph.
1491 4149 1558 4204 V.
1592 4155 1645 4204 7.
1670 4155 1723 4205 8.
1756 4154 1829 4216 9).

239 4347 298 4404 5.
327 4377 404 4386 —
431 4343 505 4403 11.
529 4345 908 4418 Argumenta
936 4346 1191 4404 interna.
1223 4341 1547 4404 Historicis
1578 4342 1771 4418 igitur
1798 4339 2176 4400 testimoniis
2206 4341 2687 4412 constat,Evan-

159 4439 392 4514 gelium
431 4439 591 4500 illud
612 4485 628 4512 ‚
663 4439 838 4516 quod
881 4443 1144 4500 exeunte
1184 4455 1347 4499 saec.
1381 4441 1440 4498 2.
1476 4439 1540 4496 in
1571 4442 1700 4496 tota
1732 4436 2010 4496 Ecclesia
2045 4437 2107 4496 S.
2141 4436 2354 4496 loanni
2388 4435 2687 4514 Apostolo

161 4535 404 4595 auctori
429 4535 930 4606 adscribebatur‚
961 4553 1074 4614 per
1097 4539 1304 4596 totum
1333 4551 1494 4594 saec.
1526 4536 1585 4593 2.
1621 4533 1697 4592 ab
1728 4531 2091 4592 orthodoxis
2128 4532 2421 4592 Patribus
2455 4537 2519 4594 et
2548 4531 2689 4592 hae-

161 4630 370 4690 reticis
414 4633 588 4693 velut
623 4649 786 4711 opus
823 4632 1242 4711 apostolicum
1283 4648 1420 4692 esse
1463 4628 1836 4690 adhibitum.
1882 4629 2177 4690 Ioannem
2222 4633 2433 4690 autem
2474 4646 2691 4690 revera
