3050 5184
749 336 826 382 nn
865 337 1312 383 counENTARns
1349 339 1412 383 m
1451 337 1934 383 maamronsml.
2504 320 2617 383 265

125 474 166 519 et
187 471 336 533 35,24
363 482 443 539 sq.
491 466 799 524 adulterata
829 477 912 525 est
943 468 1206 524 narratio.
1237 500 1309 509 —
1334 472 1579 525 Demum
1604 468 1673 543 f.)
1706 468 1831 525 odio
1876 478 2067 525 contra
2111 484 2345 543 regnum
2378 477 2620 541 septem-

125 552 330 609 trionale
352 563 634 611 auctorem
661 555 922 629 flagrasse
951 556 1116 612 unico
1143 564 1299 612 textu
1327 555 1709 612 demonstrare
1740 556 1930 613 volunt
1965 572 2043 613 sc.
2076 560 2150 615 11.
2192 563 2356 627 2035
2386 574 2505 629 sqq.
2538 555 2622 612 cfr

124 644 148 693 3
171 643 290 709 Req.
319 646 481 707 2249
511 658 592 715 sq.
637 647 721 711 (l).
760 673 834 685 —
877 644 1119 700 Gravem
1167 644 1571 700 accusationem
1614 646 1701 699 vix
1747 660 1903 716 posse
1942 644 2237 701 levioribus
2282 645 2621 717 argumentis

124 728 424 795 confirmari,
455 730 734 799 fatebitur,
759 731 1091 803 quicumque
1109 730 1502 787 modernorum
1536 752 1561 783 «ι
1587 732 1909 789 criticorum
1938 753 1963 783 υ
2000 732 2401 789 obiectionibus
2426 741 2619 788 contra

123 813 547 887 Paralipomenon
575 819 962 875 auctoritatem
986 818 1232 875 studium
1251 818 1603 889 impenderit.

185 976 236 1032 4.
263 1008 340 1019 —
363 973 596 1037 Divino
632 982 963 1041 auctoritas
995 977 1520 1056 Paralipomenon
1564 977 1877 1039 infallibili
1906 977 2217 1039 Ecclesiae
2249 977 2618 1039 testimonio

123 1068 332 1131 nititur.

182 1220 202 1249 ι
227 1202 364 1257 Satis
390 1203 584 1259 mirari
611 1219 726 1259 non
747 1219 990 1276 possum,
1019 1220 1119 1261 cur
1143 1204 1288 1260 inter
1317 1220 1504 1261 sacros
1530 1204 1736 1276 recepti
1770 1202 1975 1260 fuerint
1998 1204 2125 1261 libri
2162 1205 2621 1275 Paralipomenon

121 1286 278 1357 abiis,
307 1289 399 1361 qui
427 1289 602 1345 libros
627 1292 966 1363 Sapientiae,
992 1292 1198 1349 Tobiae
1219 1301 1274 1348 et
1301 1292 1575 1364 reliquos,
1604 1292 1697 1363 qui
1724 1291 2029 1363 apocryphi
2057 1292 2113 1359 (i.
2146 1308 2195 1347 e.
2222 1291 2621 1347 deuterocano-

121 1372 222 1443 nici)
248 1375 524 1448 dicuntur,
551 1394 620 1433 ex
647 1394 856 1435 canone
885 1378 1212 1436 deleverunt
1232 1401 1282 1435 ».
1308 1380 1464 1435 Haec
1483 1379 1754 1451 Spinozae
1773 1378 1939 1435 verba
1968 1379 2024 1434 vi
2048 1394 2149 1435 sua
2185 1389 2379 1435 contra
2406 1381 2622 1435 Protes-

121 1470 270 1519 tantes
293 1479 408 1520 non
431 1474 652 1535 carent3
683 1482 864 1538 neque
891 1467 1042 1523 enim
1068 1482 1132 1523 ex
1157 1468 1358 1524 Vetere
1385 1482 1567 1538 neque
1591 1482 1659 1522 ex
1684 1468 1842 1523 Novo
1873 1468 1939 1521 T.
1980 1482 2176 1523 eorum
2212 1466 2467 1522 divinitas
2492 1480 2623 1521 cum

121 1550 418 1609 certitudine
445 1553 729 1625 probatur.
764 1555 948 1611 Semel
976 1553 1267 1611 dumtaxat
1291 1555 1563 1611 Dominus
1578 1556 1651 1609 N.
1682 1570 1749 1610 ex
1767 1554 1879 1611 illis
1908 1552 2117 1627 aliquid
2136 1553 2467 1611 desumsisse
2494 1568 2621 1611 cum

120 1639 228 1695 satis
250 1655 450 1715 magna
479 1640 863 1713 probabilitate
889 1642 1154 1699 asseritur
1173 1642 1402 1715 (Manli.
1431 1646 1597 1707 23‚35
1624 1640 1708 1697 ci'r
1738 1642 1813 1699 ΙΙ.
1836 1646 2001 1710 24,20
2027 1645 2204 1715 sqq.);
2236 1642 2343 1697 alia
2366 1641 2621 1714 allegatio

123 1740 210 1781 non
231 1726 525 1785 invenitur.
560 1733 636 1785 At
661 1730 964 1787 Ecclesiam
989 1730 1412 1802 Paralipomeua
1433 1744 1545 1787 una
1570 1745 1697 1786 cum
1726 1729 1953 1801 reliquis
1980 1730 2049 1785 V.
2075 1731 2139 1784 Τ.
2172 1729 2323 1785 libris
2350 1744 2447 1801 per
2476 1733 2621 1799 Apo·

123 1814 265 1871 stolus
289 1832 320 1871 a
349 1818 597 1873 Domino
637 1818 906 1889 recepisse
943 1826 1190 1889 constat,
1225 1832 1398 1891 quum
1421 1818 1486 1873 iis
1521 1832 1739 1889 semper
1782 1818 1933 1873 velut
1958 1816 2156 1873 divinis
2194 1816 2262 1873 sit
2290 1832 2421 1873 usus
2450 1831 2623 1889 eaque

121 1914 305 1973 semper
327 1904 388 1961 in
415 1919 522 1961 suo
549 1921 761 1961 canone
788 1906 1142 1962 recensuerit.

495 2129 532 2210 ἕ
559 2131 667 2192 29.
700 2163 789 2174 —
818 2128 914 2192 De
938 2125 1329 2216 praeczpuis
1357 2125 1848 2193 commentariis
1878 2124 2219 2192 catholicis

1033 2231 1104 2297 in
1130 2229 1677 2321 Paralipomeua.

173 2448 413 2521 Plerique
441 2447 808 2521 interpretes,
841 2449 1102 2521 quoniam
1131 2450 1551 2520 Paralipomeua
1580 2450 1732 2506 velut
1758 2448 2118 2521 appendicem
2144 2448 2391 2531 aliquam
2416 2448 2477 2503 ll.
2513 2449 2623 2502 Re-

121 2546 226 2603 gum
250 2536 694 2603 considerarunt,
723 2536 790 2592 iis
829 2535 1162 2608 explicandis
1199 2551 1459 2609 magnam
1495 2536 1838 2609 diligentiam
1874 2552 1986 2591 non
2034 2535 2437 2607 impenderunt.
2471 2535 2625 2591 Inter

120 2619 422 2693 antiquiores
441 2626 688 2682 Plinius
712 2624 862 2680 solus
894 2624 1284 2680 Theodoretus
1307 2640 1512 2696 paucas
1536 2624 1606 2680 de
1628 2624 1693 2679 iis
1716 2624 2075 2693 Quaestiones
2093 2623 2331 2694 scripsit,
2354 2636 2489 2694 quas
2510 2620 2625 2676 sere

119 2712 353 2781 excerpsit
371 2713 702 2784 Procopius
721 2714 864 2768 Gaz.
889 2712 1043 2768 Inter
1059 2712 1284 2768 Latinos
1306 2712 1518 2783 primus
1537 2711 1851 2767 Rhabcmus
1876 2714 2123 2767 Maurus
2142 2711 2445 2781 pleniorem
2460 2708 2564 2764 scri
2568 2724 2625 2779 p·

123 2796 180 2850 sit
199 2799 681 2868 commentarium,
714 2814 882 2872 quem
903 2800 962 2855 in
990 2798 1382 2870 compendium
1409 2798 1627 2871 redegit
1658 2798 1805 2855 Wal.
1836 2798 2054 2853 Strabo
2083 2797 2299 2870 (Glossa
2328 2796 2550 2864 ordin.).

172 2884 242 2938 Ex
269 2902 510 2943 uanum
540 2902 804 2943 Annus
835 2902 1325 2944 m‘rsm‘nmrnus
1355 2894 1575 2957 praeter
1612 2886 1775 2943 Card.
1808 2887 2133 2957 nugonem,
2166 2886 2285 2941 Nic.
2316 2886 2619 2955 Lyranum,

119 2968 252 3026 Dion.
283 2973 714 3029 carthusianum
743 2975 894 3029 solus
915 2974 1190 3029 nominari
1220 2982 1399 3045 potest
1426 2974 1605 3044 Alpla.
1644 2978 1914 3029 Tostatus
1940 2975 2104 3043 (Opp.
2136 2972 2292 3029 XVI.
2321 2972 2549 3041 xva).

175 3058 310 3115 luter
335 3076 754 3118 nncnmtonns
781 3077 1000 3134 quoque
1027 3063 1154 3116 Nic.
1182 3062 1461 3117 Serart'us
1489 3063 1545 3117 S.
1578 3064 1624 3117 I.
1656 3068 1713 3116 et
1740 3062 1801 3117 C.
1830 3062 2096 3117 Sanctius
2122 3061 2177 3116 S.
2205 3060 2251 3116 1.
2279 3067 2623 3114 commenta-

121 3144 196 3198 riis
219 3146 324 3203 suis
351 3148 410 3204 in
433 3148 497 3203 ll.
533 3150 748 3220 Regum
773 3154 974 3220 (supra
1002 3148 1145 3221 525)
1170 3147 1474 3203 admodum
1503 3164 1681 3219 pauca
1715 3148 1784 3204 de
1810 3147 2241 3219 paralipomenis
2269 3146 2620 3202 addiderunt.

120 3230 312 3289 Praeter
333 3250 476 3308 quos
503 3236 783 3291 nominari
805 3244 1093 3291 merentur
1115 3239 1180 3303 (1.
1203 3238 1266 3290 B.
1300 3238 1377 3291 Le
1403 3238 1555 3291 Brun
1576 3244 1631 3291 et
1652 3236 1772 3291 Nic.
1808 3234 1877 3291 de
1897 3238 2214 3302 Tourneux)
2228 3233 2536 3290 Concordia
2562 3234 2620 3289 ll.

121 3318 231 3391 Reg.
251 3329 305 3376 et
328 3322 574 3394 Paralip.
607 3324 781 3389 (Paris
806 3328 1009 3391 1691.),
1035 3328 1084 3379 1.
1109 3327 1156 3379 1.
1182 3326 1406 3393 nequet
1429 3332 1482 3378 et
1517 3326 1588 3377 V.
1612 3322 1793 3379 Bidal
1815 3322 2163 3394 Explication
2182 3321 2279 3378 des
2296 3322 2433 3377 Rois
2453 3330 2509 3377 et
2526 3320 2626 3377 des

119 3406 323 3480 Paralip.
345 3411 526 3477 (Paris
547 3414 746 3479 1738.),
771 3414 838 3465 L.
863 3410 1302 3480 nauschberqer
1317 3413 1371 3468 S.
1400 3412 1446 3466 1.
1469 3411 1781 3467 Comment.
1803 3410 1863 3466 in
1880 3410 1936 3467 ll.
1961 3410 2223 3481 Paralip.‚
2250 3409 2489 3479 Esdrae‚
2512 3411 2623 3466 To-

119 3490 236 3564 biae,
264 3496 472 3567 iudith,
497 3498 701 3554 &ther
727 3500 1006 3566 (Olomuci
1037 3503 1238 3566 1758.).

175 3584 290 3641 Hoc
312 3600 550 3643 nos-rao
579 3600 852 3645 sucum
875 3586 1298 3659 Paralipomeua
1334 3586 1649 3659 germanice
1682 3587 1971 3659 explicavit
1997 3590 2065 3641 B.
2104 3586 2332 3643 Neteler
2361 3587 2481 3657 (Die
2514 3588 2621 3642 ΒΒ.

123 3666 202 3724 der
223 3672 484 3729 Chronili.
517 3676 770 3729 Munster
797 3677 1002 3743 1872.),
1032 3674 1230 3747 gallice
1261 3674 1433 3731 Clair
1459 3675 1589 3743 (Les
1614 3670 2075 3745 Paralipomenes.
2106 3674 2260 3731 Paris
2292 3678 2493 3742 1880.).
2522 3677 2625 3731 Bo-

119 3770 198 3812 nas
215 3758 624 3819 dissertationes
646 3760 716 3818 de
738 3762 1022 3818 nonnullis
1045 3762 1460 3833 quaestionibus
1482 3760 1777 3819 ediderunt
1808 3765 1866 3817 F.
1899 3763 1963 3817 C.
1992 3763 2217 3817 Movers
2236 3761 2399 3833 (Krit.
2423 3763 2625 3819 Unter-

121 3844 408 3921 suebungen
445 3848 586 3905 iiber
621 3849 712 3905 die
737 3849 870 3906 bibl.
911 3848 1177 3906 Chronik.
1205 3852 1362 3905 Bonn
1395 3854 1597 3917 1834.),
1624 3849 1901 3920 Anonymi
1936 3849 1992 3903 in
2017 3846 2159 3906 Tiib.
2200 3849 2625 3918 Quartalschril't

125 3932 270 3989 ‘1831.
301 3952 354 4005 p.
388 3942 488 3993 231
525 3940 694 4009 sqq),
735 3941 804 3992 B.
839 3937 1031 3993 Welte
1057 3938 1136 4005 (in
1167 3935 1374 3993 Herbst
1409 3936 1595 3991 Welte
1622 3937 1763 3992 Einl.
1794 3938 1865 3991 ΙΙ.
1898 3952 1951 4007 p.
1989 3942 2268 4010 199sqq.)‚
2310 3940 2373 3991 L.
2414 3938 2626 3992 Reinlce

127 4018 360 4094 Beitrsge
383 4024 430 4080 1.
461 4024 592 4079 vn.
624 4024 821 4092 VIII.),
851 4024 1113 4093 Millilinq
1139 4026 1314 4092 (Neue
1335 4023 1841 4096 Untersucbungen
1866 4022 2003 4080 iiber
2021 4023 2110 4081 die
2128 4024 2502 4095 Genealogien
2524 4023 2626 4079 der

125 4104 334 4165 Chronik
361 4108 525 4177 (Ti‘lb.
557 4108 984 4179 Quartalschrift
1017 4116 1216 4179 1884.)
1249 4142 1317 4153 —
1347 4112 1500 4168 Inter
1538 4112 1926 4183 protestantica
1966 4127 2131 4183 opera
2169 4120 2451 4182 praestant
2488 4111 2625 4167 Keil

131 4194 380 4268 apologet.
411 4197 664 4254 Ver-such
685 4196 822 4255 iiber
845 4198 934 4255 die
951 4198 1214 4256 Chronili.
1237 4198 1444 4267 (Berlin
1464 4200 1647 4273 1833.)
1666 4209 1723 4255 et
1742 4200 2095 4257 commentar
2113 4198 2251 4256 iiber
2269 4198 2358 4254 die
2380 4198 2623 4255 Chronik

145 4278 320 4355 raepzig
347 4290 550 4353 ism).
