3050 5184
499 307 614 367 {18
761 324 915 369 msr.
963 324 1300 370 VERSIONUH
1342 326 1400 367 U.
1447 327 1503 367 T·
1548 338 1627 353 —
1667 324 1797 367 CAP.
1844 325 1904 367 V.
1950 323 2027 367 DE
2068 324 2237 367 VERS.
2281 324 2413 367 LAT.
2458 322 2753 368 vomuit.

497 454 688 508 sames
725 454 940 510 Bellum
981 454 1206 525 papale,
1249 454 1362 510 sive
1397 454 1699 511 concordia
1742 455 1951 512 discors
1989 456 2125 511 Sixti
2153 457 2222 511 V.
2262 464 2320 511 et
2344 455 2637 511 Clementis
2675 456 2826 511 vlu.
2864 456 2983 509 circa
3019 470 3020 473 ¹

499 540 974 612 hieronymianam
999 541 1315 600 editionem.
1349 541 1585 599 Londini
1620 548 1829 612 1600.),
1860 552 1919 599 at
1952 541 2185 601 difficilis
2220 559 2335 599 non
2365 541 2469 599 fuit
2504 543 2887 599 calumniarum
2912 558 2985 597 re·
3019 612 3020 615 Ἴ

501 626 723 695 lutatio,
758 644 930 701 quum
967 630 1120 685 nulla
1159 646 1224 686 ex
1261 629 1587 687 differentiis
1615 631 1782 687 iidem
1819 639 1917 687 aut
1950 646 2172 687 morum
2204 632 2452 703 regulam
2484 638 2672 703 tangat
2712 630 2812 697 (cl'r
2836 635 2985 685 Henr.
3019 664 3020 681 2

499 714 574 771 de
599 716 925 789 Bulaentop,
957 719 1025 773 Ο.
1060 718 1221 785 Min.,
1247 719 1364 773 Lux
1401 716 1472 773 de
1510 718 1649 775 luce.
1681 718 1956 775 Bruxellis
1994 724 2195 786 1⁷10.).
2236 719 2585 791 Quamquam
2612 726 2791 774 autem
2820 734 2987 789 grego-

499 802 641 859 riani
667 808 723 860 et
748 805 1064 863 clementini
1092 815 1433 862 correctores
1459 806 1619 863 nobis
1648 806 1927 877 puriorem
1952 807 2221 879 vulgatae
2254 814 2469 863 textum
2497 804 2795 873 dederunt,
2827 804 2989 877 genui-

499 906 606 947 nus
639 900 854 959 tamen,
887 893 1061 964 qualis
1102 909 1168 949 ex
1209 894 1526 963 interpretis
1567 909 1734 949 manu
1772 892 2002 966 prodiit,
2044 893 2295 951 nondum
2323 903 2409 951 est
2443 894 2747 951 restitutuS.
2780 896 2991 963 lngenue

503 977 608 1034 boc
634 979 754 1051 ipsa
795 978 1000 1037 fatetur
1025 979 1399 1037 clementinae
1435 982 1708 1053 praefatio
1755 981 2062 1038 rationibus
2088 981 2372 1051 indicatis,
2404 997 2503 1037 cur
2537 981 2831 1047 nonnulla,
2876 994 2993 1051 quae

503 1066 766 1123 mutanda
798 1066 1144 1138 videbantur,
1175 1084 1288 1125 non
1317 1078 1531 1125 mutata
1557 1068 1694 1138 sint3
1724 1070 1869 1125 inter
1895 1085 2032 1142 quas
2062 1070 2157 1125 illa
2192 1070 2418 1126 maximi
2445 1078 2529 1125 est
2554 1069 2843 1134 momenti,
2870 1066 2993 1138 quod

504 1153 860 1212 offensionem
895 1157 1224 1229 populorum
1250 1156 1432 1212 nimiis
1460 1156 1854 1213 mutationibus
1886 1157 2125 1215 excitare
2158 1158 2441 1213 noluerint
2474 1166 2839 1225 correctores3
2873 1151 2993 1208 unde

499 1242 894 1299 concludamus
918 1253 1162 1315 oportet,
1193 1244 1394 1300 menda
1423 1245 1513 1300 illa
1542 1246 1793 1301 consulto
1822 1246 2039 1313 relicta,
2075 1246 2176 1301 etsi
2203 1244 2371 1301 fidem
2408 1252 2463 1300 et
2490 1260 2675 1300 mores
2712 1258 2821 1299 non
2854 1242 2994 1297 attin·
3019 1272 3020 1279 κ

503 1337 659 1401 gant,
691 1332 939 1403 graviora
967 1342 1155 1387 tamen
1182 1348 1320 1387 esse.
1351 1334 1774 1403 Quamprimum
1812 1332 1977 1405 igitur
2009 1331 2239 1389 offensio
2278 1332 2371 1389 illa
2402 1347 2513 1387 non
2552 1331 2787 1402 amplius
2820 1330 2915 1385 erit
2938 1328 3020 1403 tiq

501 1416 728 1481 menda,
760 1434 902 1474 nova
936 1418 1211 1491 quaedam
1237 1420 1536 1488 correctio,
1568 1419 1871 1476 dummodo
1905 1420 2147 1493 legitima
2175 1419 2245 1477 ab
2278 1420 2603 1475 auctoritate
2628 1418 3020 1490 proficiscatur„

501 1506 624 1563 illas
665 1522 884 1580 quoque
911 1508 1182 1577 maculaS,
1211 1522 1353 1579 quae
1381 1516 1763 1564 remanserunt
1777 1550 1791 1575 ,
1821 1506 2137 1580 abstergere
2166 1508 2387 1579 poterit.
2432 1509 2617 1578 Quare
2646 1516 2794 1563 recte
2836 1510 2997 1559 monet

500 1592 877 1667 Bonfrerius',
909 1595 1117 1652 bonum
1159 1610 1279 1651 esse
1315 1596 1384 1651 ab
1419 1595 1815 1667 interpretibus
1850 1612 1943 1663 ea,
1975 1611 2119 1667 quae
2154 1594 2421 1651 mutanda
2460 1604 2715 1665 censent,
2754 1586 3020 1654 adnotari‚³

507 1702 532 1733 a
565 1691 624 1737 ut
651 1683 698 1738 si
725 1681 946 1755 quando
977 1682 1141 1754 aliam
1175 1681 1458 1755 contingat
1481 1682 1599 1739 fieri
1632 1683 1933 1740 Bibliorum
1970 1683 2367 1741 correctionem
2382 1722 2399 1750 ,
2432 1683 2553 1739 loca
2584 1682 2725 1737 haec
2752 1696 2783 1737 a
2809 1693 3020 1736 correc-¹

501 1770 712 1826 toribus
741 1770 1050 1827 accuratius
1078 1770 1440 1841 inspiciantur
1465 1791 1492 1823 n
1529 1772 1727 1837 (Prael.
1762 1771 1926 1842 ¹5‚3).
1956 1772 2170 1827 Revera
2198 1770 2367 1842 aliqui
2397 1770 2643 1841 theologi
2674 1784 2869 1841 magna
2894 1778 2996 1821 cum

503 1873 635 1913 cura
681 1858 794 1913 iam
839 1858 1018 1913 varias
1064 1858 1328 1915 lectiones
1381 1874 1496 1914 non
1543 1874 1745 1929 paucas
1791 1857 2161 1931 collegerunt,
2210 1874 2352 1930 quae
2394 1857 2613 1913 futurae
2660 1852 3020 1914 emendationi

501 1945 742 2002 maximo
770 1954 934 2001 erunt
975 1944 1176 2002 auxilio
1217 1947 1376 2017 (Luc.
1418 1949 1734 2018 Bruqensis
1772 1949 2061 2003 Romanae
2096 1944 2516 2003 correctionis..
2567 1946 2693 2001 loca
2734 1941 2999 2015 insigniora

503 2033 806 2089 observata.
852 2034 1200 2106 Antwerpiae
1245 2040 1396 2089 1601.
1447 2039 1611 2103 1603;
1660 2038 1736 2091 H.
1780 2034 1855 2091 de
1898 2034 2193 2107 Bukeutop
2232 2036 2353 2090 Lux
2394 2032 2463 2089 de
2507 2033 2663 2101 luce;
2714 2028 2998 2102 praesertim

505 2124 570 2177 C.
606 2120 962 2189 Vercellone,
1001 2122 1146 2177 Cler.
1175 2124 1340 2193 Reg.,
1371 2122 1570 2178 Variae
1607 2122 1869 2177 lectiones
1892 2122 2056 2194 Vulg.
2086 2122 2181 2177 lat.
2226 2120 2531 2177 Bibliorum
2570 2120 2843 2176 editionis.
2874 2120 2914 2173 l.
2936 2116 2995 2169 ll.

501 2212 713 2265 Romae
760 2214 914 2267 1860.
967 2215 1146 2277 1864.;
1193 2208 1492 2265 dolendum
1535 2225 1700 2281 quam
1747 2210 2014 2279 maxime,
2046 2208 2197 2281 quod
2233 2217 2425 2265 auctor
2462 2216 2815 2279 praematura
2852 2211 2999 2260 morte

503 2298 760 2369 abreptus
785 2313 926 2369 opus
951 2313 1066 2353 non
1105 2297 1444 2369 absolverit).
1478 2300 1604 2353 Non
1631 2297 1885 2353 obstante
1912 2306 2099 2353 autem
2140 2297 2385 2368 pleniore
2430 2295 2522 2353 illa
2571 2295 2906 2368 integritate,
2945 2286 2997 2343 ad

503 2400 668 2457 quam
695 2394 878 2441 textus
905 2386 1174 2459 vulgatae
1200 2386 1358 2441 novis
1383 2385 1529 2441 curis
1555 2383 1753 2441 adduci
1783 2392 1991 2456 potest,
2022 2386 2140 2441 iure
2170 2385 2379 2455 optimo
2416 2398 2662 2440 asserere
2686 2383 2839 2449 licet,
2866 2380 2999 2435 aliam

502 2489 614 2528 non
639 2489 760 2529 esse
786 2474 1218 2546 scripturarum,
1251 2471 1458 2529 nedum
1503 2473 1717 2545 profani
1764 2472 1945 2544 operis
1990 2471 2230 2544 antiqui,
2282 2471 2611 2539 editionem,
2632 2456 2635 2466 '
2654 2485 2798 2543 quae
2838 2466 3002 2523 eadem

503 2578 627 2617 cum
655 2560 933 2635 diligentia
961 2562 1030 2618 sit
1055 2570 1383 2633 praeparata
1405 2568 1463 2617 et
1485 2560 1559 2618 ad
1580 2562 1849 2617 maiorem
1876 2558 2227 2632 perfectionis
2254 2558 2491 2631 gradum
2512 2558 2777 2615 adducta.

915 2786 948 2867 ἓ
986 2788 1095 2848 20.
1125 2819 1214 2831 —-
1253 2784 1348 2847 De
1389 2779 1793 2849 versionibus
1826 2803 1910 2846 ex
1956 2780 2242 2869 Vulqata
2274 2778 2611 2847 derivatis.

585 3006 640 3063 l.
671 3038 750 3047 —-
778 3003 976 3073 Quam
1006 3002 1322 3079 plurimae
1353 3001 1679 3061 versiones
1706 3016 1782 3060 ex
1812 3000 2078 3077 Vulgata
2115 2999 2439 3059 derivatae
2470 3002 2617 3059 sunt
2650 3003 2718 3059 et
2754 2992 3006 3075 quotidie

504 3100 888 3171 derivantur,
918 3108 1078 3176 quae
1103 3098 1366 3158 minoris
1392 3097 1678 3175 quidem,
1708 3112 1896 3173 quam
1926 3096 2262 3173 pleraeque
2288 3095 2607 3171 antiquae,
2644 3098 2795 3155 sunt
2820 3094 3005 3153 aucto-

505 3197 704 3257 ritatis
721 3243 734 3269 ,
769 3194 881 3255 sed
909 3212 1021 3255 sua
1045 3212 1174 3256 non
1202 3198 1416 3256 carent
1441 3194 1711 3254 utilitate
1728 3236 1742 3261 ‚
1769 3193 1856 3251 ita
1881 3196 1952 3251 ut
1980 3209 2209 3269 operae
2230 3192 2506 3268 pretium
2538 3191 2649 3261 sit,
2676 3189 3007 3271 praecipua·

502 3310 643 3353 rum
675 3294 896 3352 saltem
925 3291 1266 3369 aliqualem
1293 3290 1541 3351 tradere
1565 3288 1879 3349 notitiam.

574 3418 726 3470 Inter
749 3414 1004 3485 antiquas
1034 3414 1338 3479 versioneS,
1372 3411 1445 3467 de
1473 3410 1671 3482 quibus
1693 3408 1979 3481 hucusque
2002 3408 2173 3465 locuti
2198 3423 2409 3476 sumus,
2441 3416 2498 3464 et
2520 3408 2665 3463 inter
2693 3414 2931 3463 recentes
2955 3416 3007 3455 ex

502 3503 739 3575 Vulgata
761 3502 1038 3559 derivatas
1060 3516 1264 3574 magua
1290 3500 1385 3555 illa
1408 3496 1730 3571 praeprimis
1754 3494 2043 3552 intercedit
2066 3494 2394 3565 differentia,
2426 3494 2577 3566 quod
2604 3495 2818 3565 priores
2844 3502 3011 3547 omnes

504 3592 561 3648 in
587 3590 901 3663 liturgicum
941 3605 1103 3647 usum
1133 3593 1381 3661 proxime
1410 3584 1709 3642 adornatae
1738 3591 1835 3640 aut
1872 3584 1929 3638 in
1972 3582 2187 3655 liturgia
2214 3584 2401 3639 statim
2440 3580 2725 3638 adhibitae
2764 3580 3009 3652 publicam

505 3679 575 3736 ab
598 3678 752 3733 initio
779 3677 1072 3734 habuerint
1099 3676 1512 3742 auctoritatem,
1547 3681 1713 3744 atque
1740 3671 1811 3727 ob
1838 3670 2222 3743 antiquitatem
2250 3686 2411 3727 suam
2435 3670 2886 3740 primigeniorum
2907 3674 3007 3719 tex-

504 3776 664 3824 tuum
686 3766 871 3823 eximii
893 3765 1002 3821 sint
1023 3760 1191 3821 testes
1217 3760 1520 3819 immediati
1548 3768 1644 3815 aut
1670 3757 1913 3815 mediati.
1941 3760 2062 3828 Quo
2088 3756 2291 3829 duplici
2315 3758 2601 3830 privilegio
2630 3766 2824 3813 carent
2848 3766 3010 3810 recen·

506 3856 700 3923 tiore83
725 3855 783 3911 in
802 3854 1076 3926 privatum
1101 3852 1247 3907 enim
1267 3850 1515 3905 fidelium
1537 3863 1699 3903 usum
1722 3856 1852 3903 sunt
1868 3844 2044 3902 factae
2065 3861 2169 3902 nec
2193 3844 2303 3901 ulla
2322 3844 2544 3901 saeculo
2566 3852 2615 3901 8.
2638 3853 2722 3901 est
2740 3841 3009 3913 antiquior.

507 3949 768 4000 Attamen
794 3940 1205 3998 traditionalem
1231 3939 1640 4009 scripturarum
1677 3934 2187 4005 interpretationem
2225 3948 2327 3989 nos
2367 3932 2597 4002 docent,
2629 3942 2691 3988 ut
2732 3948 2833 3987 suo
2868 3924 3013 3985 modo

509 4030 748 4102 antiquis
783 4028 1198 4086 commentariis
1233 4024 1342 4081 sint
1379 4024 1602 4079 similes.
1644 4023 1990 4093 Quapropter
2030 4022 2350 4092 praecipuas
2378 4020 2829 4076 enumerabimus
2870 4024 3015 4085 atque

511 4120 686 4191 primo
715 4115 940 4191 quidem
969 4117 1025 4172 in
1051 4116 1328 4181 locoeas,
1360 4126 1500 4185 quae
1530 4119 1721 4166 exorto
1745 4110 2191 4182 protestantismo
2220 4117 2350 4163 sunt
2376 4108 2735 4180 antiquiores

585 4274 647 4330 2.
677 4267 1110 4328 —Immerito
1156 4264 1384 4323 iactant
1410 4262 1867 4333 ProtestanteS‚
1913 4258 2255 4319 Ecclesiam
2292 4258 2505 4319 medio
2548 4274 2701 4318 aevo
2749 4254 3016 4316 fidelibus

509 4366 859 4443 Scripturas
883 4360 1294 4433 subtraxisse;
1329 4358 1421 4418 illi
1446 4358 1618 4419 enim
1646 4358 1791 4417 libri
1816 4355 1997 4424 sacri,
2023 4355 2129 4433 qui
2160 4354 2395 4433 populo
2422 4353 2708 4415 utiliores
2738 4354 2901 4421 sunt,
2926 4346 3020 4407 diu

511 4475 670 4520 Aura
710 4476 996 4520 axon'rtm
1037 4470 1611 4517 Paornsuurisuuu
1647 4454 1710 4512 in
1750 4469 1969 4513 omnes
1996 4452 2125 4511 fere
2153 4452 2395 4529 linguas
2426 4450 2709 4511 translati
2742 4450 2915 4508 erant
2938 4446 3017 4501 at-

514 4570 634 4628 que
677 4561 773 4613 sat
801 4570 1060 4631 magnus
1101 4552 1486 4628 integrarum
1517 4550 1881 4609 versionum
1908 4564 2211 4609 numerus
2249 4564 2377 4607 non
2408 4546 2625 4625 paucis
2656 4542 3020 4605 editionibus

513 4653 890 4725 propagatus
911 4652 1036 4720 est,
1065 4647 1537 4726 quamprimum
1566 4645 1815 4705 inventa
1838 4644 2247 4722 typographia
2270 4642 2337 4703 id
2366 4643 2501 4705 fieri
2530 4642 2757 4721 potuit.
