3050 5184
460 266 578 323 242
659 282 734 324 m:
775 282 913 325 ver.
959 281 1215 325 TESTAM.
1259 281 1442 323 uanis
1484 278 1841 322 nisromcis.
1888 295 1967 304 —
2006 276 2132 320 car.
2179 276 2263 317 ιν.
2306 276 2378 319 ne
2420 274 2504 319 m..
2553 260 2607 317 1.
2648 258 2707 315 2.
2748 268 2943 313 ascum.
3017 292 3018 305 r

461 426 705 468 asserere
729 412 887 469 nobis
915 411 1183 481 videmur,
1207 420 1490 466 auctorem
1520 409 1765 464 divinam
1792 407 2115 463 fidelitatem
2142 406 2423 463 celebrare
2447 405 2677 460 voluisse
2698 400 2753 456 in
2770 398 2947 455 aeterni

461 498 649 553 throni
671 501 965 555 erectione.
997 501 1148 569 Quae
1177 499 1323 553 enim
1361 496 1529 553 Iacob
1562 497 1618 551 in
1654 494 2039 551 benedictione
2080 509 2178 549 sua
2214 492 2587 565 praedixerat,
2616 488 2811 545 tribum
2836 484 2949 541 luda

462 585 774 642 habituram
804 587 1103 658 primatum
1131 587 1275 640 inter
1303 585 1444 640 lilios
1469 585 1639 639 lsrael
1675 598 1849 654 usque
1879 582 1949 637 ad
1980 582 2212 637 Messiae
2242 579 2559 642 adventum,
2592 576 2835 631 victorias
2859 572 2950 643 glo·

460 674 632 728 riosas
661 672 1001 746 praedasque
1027 673 1391 743 amplissimas
1413 680 1840 741 reportaturam,
1872 679 2147 741 sceptrum
2174 677 2523 740 accepturam
2551 665 2774 720 Messiae
2798 669 2950 716 trans·
3017 722 3018 737 i

456 760 785 817 mittendum
815 765 980 827 (Gen.
1005 766 1135 824 49,8
1159 764 1326 831 sqq.),
1359 774 1420 815 ea
1448 760 1632 814 omnia
1659 757 1906 813 nondum
1935 766 2091 813 erant
2109 756 2349 826 impleta,
2380 754 2479 811 etsi
2505 752 2641 810 Iuda
2672 747 2951 822 peregrina·
3017 750 3018 757 ’

454 848 622 904 tionis
648 858 901 919 tempore
923 864 1123 921 agmen
1150 847 1393 903 duxisset
1419 848 1476 901 in
1501 846 1721 901 deserto
1748 848 1939 911 (Num.
1967 852 2077 914 2,3.
2110 849 2175 909 93
2204 848 2385 911 10.13)
2416 842 2757 913 primamque
2779 844 2953 891 sortem
3017 838 3018 877 ἰ

460 934 784 991 obtinuisset
810 936 868 990 in
899 944 1082 991 terrae
1109 934 1410 1005 promissae
1438 933 1825 988 distributione
1854 935 1985 997 (Ios.
2021 936 2147 998 14,6
2171 934 2311 1003 sq.>;
2342 938 2400 985 at
2430 929 2559 986 inde
2586 944 2617 983 a
2645 923 2848 982 Davide
2870 922 2954 976 im-

461 1022 600 1093 pleri
625 1031 818 1093 coepta
847 1031 990 1077 sunt.

536 1166 596 1222 5.
624 1197 702 1206 -
730 1163 982 1223 Praeter
1006 1163 1371 1239 primarium
1406 1162 1574 1223 hunc
1604 1163 1795 1221 finem
1832 1164 2055 1221 auctor
2088 1160 2357 1220 alterum
2392 1156 2832 1218 secundarium
2860 1150 2957 1210 sibi
3017 1238 3018 1241 Ἴ

459 1257 709 1319 videtur
743 1262 1174 1337 proposuisse,
1213 1264 1280 1319 ut
1311 1259 1375 1318 in
1409 1258 1596 1319 Saule
1636 1262 1699 1318 et
1738 1258 1975 1317 Davide
2015 1257 2311 1316 omnibus
2344 1255 2599 1332 regibus
2632 1246 2957 1311 israeliticis
3017 1290 3018 1303 ,

463 1354 746 1432 exempla
789 1360 1196 1432 proponeret,
1248 1370 1515 1432 quorum
1561 1353 1963 1431 oppositione
2008 1353 2439 1423 edocerentur,
2481 1349 2736 1427 qualem
2774 1360 2959 1421 regem

461 1450 624 1510 Deus
651 1451 890 1530 populo
921 1468 1033 1512 suo
1063 1468 1352 1529 praeesse
1376 1450 1589 1511 vellet.
3017 1428 3018 1450 ¹

531 1555 662 1610 Saul
691 1554 759 1611 ab
787 1556 968 1618 initio,
1002 1554 1267 1625 quamdiu
1299 1570 1396 1624 per
1438 1553 1763 1624 prophetam
1805 1552 1932 1608 duci
1974 1568 2034 1607 se
2062 1552 2213 1621 sivit,
2256 1552 2439 1607 omnia
2488 1548 2720 1605 feliciter
2756 1544 2959 1618 peregit:
3017 1550 3018 1615 ᾗ

463 1644 872 1712 quamprimum
903 1658 1030 1697 vero
1059 1642 1326 1698 Samuelis
1353 1642 1564 1697 monita
1593 1649 1967 1712 transgressus
1988 1638 2301 1696 inconsulto
2322 1642 2442 1693 Deo
2464 1653 2553 1693 res
2582 1650 2773 1709 gerere
2798 1630 2960 1691 voluit,
3017 1642 3018 1695 j

462 1729 593 1799 quin
621 1730 788 1784 etiam
828 1729 1093 1784 disertum
1121 1730 1225 1785 Dei
1255 1737 1607 1800 praeceptum
1656 1729 1860 1797 sprevit
1889 1729 2153 1798 vanisque
2190 1724 2635 1782 excusationibus
2676 1718 2962 1778 inobedien-
3017 1730 3018 1739 ¹

462 1818 597 1869 tiam
625 1831 782 1870 suam
821 1824 1004 1887 tegere
1049 1824 1280 1872 conatus
1307 1823 1410 1883 est,
1440 1832 1473 1871 a
1511 1818 1632 1871 Deo
1675 1814 1967 1871 derelictus
2003 1823 2061 1870 et
2086 1814 2324 1870 reiectus
2352 1811 2753 1881 rempublicam
2782 1820 2965 1863 summo

463 1901 763 1957 discrimini
791 1903 988 1958 obiecit
1011 1919 1179 1975 seque
1207 1908 1264 1958 et
1287 1901 1516 1958 domum
1540 1918 1698 1957 suam
1729 1900 1983 1973 perdidit.
2018 1901 2199 1957 David
2233 1909 2417 1957 autem
2442 1899 2635 1955 multis
2664 1906 2723 1953 et
2746 1893 2966 1969 gravibus
3017 1926 3018 1977 5

465 1990 640 2045 Saulis
667 1990 1267 2061 persecutionibus.non
1294 1990 1498 2045 fractus
1526 1989 1623 2045 sed
1646 1989 1921 2057 eruditus,
1953 1992 2134 2045 Deum
2154 2004 2372 2061 semper
2394 1985 2777 2058 interrogavit,
2810 1980 2965 2037 volun-

463 2078 565 2132 tati
583 2077 798 2133 divinae
813 2094 912 2148 per
941 2077 1236 2148 prophetas
1259 2076 1644 2132 manifestatae
1668 2077 1930 2144 obedivit,
1958 2085 2013 2132 et
2032 2092 2204 2148 quum
2231 2077 2343 2146 ipse
2369 2090 2591 2146 quoque
2615 2070 2965 2141 concupiscen—
3017 2088 3018 2147 }

465 2165 540 2220 tia
568 2174 624 2219 et
645 2180 784 2220 vana
815 2164 988 2237 gloria
1006 2164 1265 2235 abreptus
1293 2165 1346 2219 in
1379 2172 1598 2235 peccata
1630 2173 1773 2219 essct
1800 2166 2015 2236 lapsuS,
2038 2163 2366 2235 prophetam
2386 2162 2539 2217 vanis
2558 2155 2967 2215 excusationibus

467 2249 659 2307 fallere
691 2268 804 2307 non
843 2260 926 2307 est
961 2260 1219 2319 conatuS,
1262 2250 1361 2307 sed
1402 2252 1627 2307 humilis
1666 2266 1869 2321 poenas
1908 2252 2260 2306 annuntiatas
2302 2248 2542 2319 accepit,
2581 2257 2753 2319 atque
2780 2246 2875 2301 hac
2902 2257 2967 2295 ra·
3017 2314 3018 2317 Ἴ

466 2338 614 2395 tione
642 2338 872 2411 dignum
908 2355 966 2394 se
1011 2338 1258 2395 exhibuit
1297 2338 1502 2394 aeterni
1550 2338 1736 2393 throni
1773 2338 2161 2409 promissione,
2192 2336 2493 2407 domuique
2536 2351 2675 2391 suae
2720 2342 2966 2390 aeternum
3017 2392 3018 2397 η

467 2435 746 2497 sceptrum
774 2427 1076 2499 acquisivit.
3017 2410 3018 2441 3

1045 2614 1078 2695 ξ
1107 2617 1215 2677 20.
1249 2648 1338 2661 -
1365 2614 1460 2677 Dc
1489 2610 1815 2677 librorum
1842 2610 2125 2677 Samuel
2150 2609 2425 2698 oriqine.

548 2809 604 2866 1.
637 2839 717 2851 --
740 2806 1043 2876 Quoniam
1085 2804 1162 2863 ab
1209 2804 1645 2863 Alexandrinis
1687 2804 1836 2864 libri
1877 2804 2130 2864 Samuel
2168 2808 2233 2863 et
2267 2806 2325 2863 3.
2354 2807 2413 2862 4.
2448 2805 2695 2879 Regum
2734 2804 2815 2862 ita
2854 2802 2970 2858 sunt
3017 2812 3018 2817 ¹

467 2904 805 2975 coniuncti,
834 2907 902 2962 ut
929 2919 1125 2962 unum
1151 2918 1309 2978 opus
1332 2900 1581 2960 efficere
1603 2900 1961 2973 videantur,-
1988 2916 2131 2960 cum
2152 2900 2623 2977 antiquioribus
2650 2899 2841 2959 ctiam
2864 2912 2969 2955 mo·
3017 2940 3018 2943 η

468 2998 646 3059 derni
676 2999 874 3075 aliqui
917 2998 1295 3074 interpretes
1334 3014 1533 3057 unum
1573 3012 1711 3055 esse
1758 3002 2025 3073 quatuor
2067 2996 2374 3057 librorum
2410 2999 2741 3057 auctorem
2776 2990 2970 3071 opinati

468 3100 637 3153 sunt.
669 3096 864 3165 Quam
899 3093 1274 3153 sententiam
1302 3110 1440 3153 esse
1476 3109 1806 3153 erroneam
1846 3098 2039 3169 atque
2070 3092 2199 3152 duo
2227 3093 2485 3152 omnino
2514 3109 2713 3169 opera
2744 3108 2869 3151 esse
2896 3086 2971 3145 di-

468 3190 842 3267 stinguenda
864 3208 899 3249 a
924 3189 1188 3250 diversis
1221 3189 1582 3250 auctoribus
1608 3192 1892 3261 exarata,
1922 3206 2139 3249 eorum
2167 3189 2459 3249 narrandi
2489 3190 2723 3250 modus
2751 3202 2971 3266 prorsa>
3017 3248 3018 3259 ἶ

471 3286 794 3347 dissimilis
818 3286 1177 3346 manifestat
1200 3291 1388 3363 atque
1417 3292 1697 3362 tempus,
1732 3302 1854 3363 quo
1886 3291 2098 3345 exorta
2128 3290 2305 3359 sunt,
2336 3284 2692 3345 confirmat.

535 3392 789 3445 Duorum
839 3390 1205 3461 posteriorum
1251 3390 1520 3445 librorum
1558 3398 1753 3444 auctor
1782 3390 2108 3461 plerumque
2151 3388 2378 3445 brevem
2427 3388 2721 3445 dumtaxat
2766 3402 2928 3443 rernm
2951 3398 2973 3435 a

469 3478 699 3550 singulis
720 3478 940 3550 regibus
971 3486 1251 3550 gestarum
1277 3487 1635 3548 conspectum
1660 3476 1884 3533 exhibet
1926 3476 2170 3533 sontibus
2198 3475 2483 3545 indicatiS,
2516 3494 2583 3531 ex
2616 3478 2813 3549 quibus
2834 3477 2977 3529 lector

471 3566 628 3637 plura
653 3565 874 3621 haurire
903 3566 1073 3637 possit
1093 3565 1134 3633 ¹3
1164 3565 1220 3619 in
1245 3564 1522 3636 prioribus
1555 3565 1914 3637 allegationes
1952 3581 2145 3620 omnes
2174 3565 2412 3621 fontium
2438 3581 2671 3637 prorsus
2700 3563 2977 3621 desideran-

469 3662 578 3717 tur,
611 3661 666 3708 et
691 3652 982 3723 SamueliS,
1008 3653 1217 3721 SauliS,
1239 3651 1466 3707 Davidis
1494 3668 1585 3708 res
1611 3652 1761 3721 illae,
1794 3668 1929 3722 quas
1954 3662 2148 3708 auctor
2170 3668 2268 3722 pro
2288 3653 2399 3709 fine
2419 3669 2519 3707 suo
2548 3654 2797 3724 recipere
2815 3646 2975 3705 voluit.

469 3740 589 3797 fuse
619 3740 942 3813 plerumque
984 3748 1297 3796 narrantur.
1352 3742 1417 3795 ln
1448 3740 1845 3811 posterioribus
1885 3739 2119 3813 diligens
2162 3740 2555 3813 chronologiae
2586 3741 2731 3797 ratio
2771 3738 2977 3795 habetur

469 3844 665 3901 regum
689 3837 868 3884 aetate
903 3843 1311 3899 regnorumque
1342 3826 1635 3881 duratione
1661 3826 1943 3894 indicatis;
1976 3828 2033 3881 in
2069 3826 2222 3883 libris
2259 3828 2480 3884 Samuel
2524 3844 2628 3883 nec
2655 3822 2977 3891 chronologia

470 3916 740 3989 reperitur
757 3932 861 3971 nec
884 3916 1273 3987 chronologico
1303 3914 1496 3969 ordine
1527 3913 1822 3987 pleraeque
1847 3930 1934 3970 res
1959 3924 2085 3969 sunt
2110 3914 2429 3987 dispositae.
2465 3916 2527 3970 ln
2554 3920 2606 3971 3.
2631 3924 2691 3972 et
2710 3922 2765 3970 4.
2794 3917 2979 3983 Regum

469 4004 621 4060 libris
645 4013 840 4059 auctor
867 4002 936 4058 de
965 4003 1194 4073 singulis
1222 4002 1444 4075 regibus
1472 4017 1779 4072 eorumque
1806 4001 2007 4074 agendi
2034 4002 2203 4058 modo
2230 4018 2393 4057 suum
2422 4001 2689 4059 iudicium
2724 3998 2975 4069 exprimit.

469 4100 634 4164 atque
663 4092 918 4163 quisnam
943 4091 1014 4145 sit
1033 4090 1286 4145 internus
1304 4104 1494 4144 rerum
1515 4098 1925 4162 eventuumque
1944 4106 2137 4158 nexuS,
2160 4090 2441 4146 interdum
2472 4090 2841 4155 demonstran
2864 4086 2977 4157 prio-

469 4194 594 4235 rum
617 4194 747 4234 vero
777 4187 970 4233 auctor
999 4192 1161 4233 suum
1185 4176 1448 4232 iudicium
1477 4177 1565 4231 vix
1594 4192 1863 4247 umquam
1894 4177 2167 4247 patefacit,
2197 4177 2293 4233 sed
2324 4186 2421 4233 aut
2448 4178 2685 4235 aliorum
2714 4173 2981 4235 sententias

473 4268 728 4322 historice
759 4265 927 4321 refert
956 4273 1052 4319 aut
1076 4263 1372 4319 lectoribus
1392 4263 1655 4319 iudicium
1675 4266 1954 4336 relinquit.
1978 4263 2191 4334 Quibus
2221 4264 2381 4332 adde,
2409 4266 2468 4321 in
2484 4266 2877 4337 posterioribus
2896 4260 2977 4315 lin-

469 4370 633 4426 guam
662 4370 779 4409 esse
807 4352 1165 4423 impuriorem
1182 4394 1195 4418 ‚
1227 4367 1397 4421 quam
1425 4352 1481 4407 in
1519 4352 1817 4421 prioribuS.
1848 4384 1920 4393 -—-
1946 4355 2067 4410 Iam
2094 4353 2166 4409 ad
2192 4362 2413 4425 tempus
2454 4353 2602 4426 quod
2649 4356 2865 4412 attinet.
2892 4360 2982 4418 qno

469 4443 644 4497 exorti
673 4452 820 4511 sunt,
851 4440 980 4497 libri
1009 4444 1059 4494 3.
1092 4445 1145 4494 4.
1177 4442 1416 4511 Regum,
1449 4440 1543 4510 qui
1573 4439 1861 4495 historiam
1888 4456 2062 4513 usque
2093 4440 2163 4496 ad
2185 4446 2273 4497 37.
2307 4457 2357 4496 a.
2383 4442 2556 4497 exsilii
2580 4441 2865 4499 lechoniae
2886 4448 2981 4507 per·

531 4590 596 4652 (ι)
627 4588 713 4640 Cfr
739 4596 767 4640 3
796 4594 910 4652 Req.
943 4590 1108 4647 11‚4t;
1142 4592 1292 4647 14‚19.
1323 4592 1412 4647 293
1449 4594 1571 4644 15,7.
1606 4594 1662 4639 13
1685 4593 1780 4640 etc.
1814 4592 1887 4640 De
1917 4588 2145 4641 fontibus
2176 4590 2287 4641 istis
2311 4589 2538 4641 dicemus
2560 4590 2590 4654 §
2616 4595 2691 4641 24.
