3050 5184
410 279 531 336 598
611 294 685 336 nn
725 295 863 338 Novi
906 295 1073 340 resr.
1107 297 1299 342 umus
1328 296 1693 342 mmm-leis,
1732 313 1811 325 —
1840 298 1975 344 cAP.
2012 298 2111 342 111.
2145 299 2220 342 ne
2249 299 2560 342 EplsTOLls
2585 298 2950 342 cunonem.

412 427 568 492 (1‚1)‚
594 433 735 480 teste
754 424 963 482 oculari
984 427 1484 498 transfigurationis
1512 431 1703 497 (1‚17)‚
1725 429 1924 499 prioris
1947 428 2214 500 epistolae
2243 437 2471 485 auctore
2501 435 2574 494 (3,
2584 433 2656 498 1),
2684 429 2950 498 scriptam

414 525 533 566 esse
570 510 703 568 dicit
729 522 895 584 atque
922 529 1051 572 vere
1080 515 1445 586 apostolicum
1472 515 1729 586 spiritum
1764 517 1980 590 integra
2009 517 2221 588 prodit,
2249 516 2524 588 plerisque
2549 517 2718 572 nimis
2746 514 2948 571 durum

414 613 533 654 esse
560 598 869 656 videbatur.
900 601 1005 670 Qui
1046 602 1332 673 scrupulus
1374 620 1397 654 ι
1440 602 1659 659 criticos
1701 623 1727 656 ι
1773 604 2074 662 modernos
2113 620 2227 660 non
2253 602 2510 673 retinuit,
2535 603 2634 658 sed
2671 601 2746 658 ad
2772 617 2948 658 unum

415 701 607 742 omnes
634 703 756 744 eam
784 689 935 744 velut
961 690 1205 760 spuriam
1234 688 1565 759 traducunt,
1591 705 1733 759 quae
1761 700 1857 747 aut
1893 701 2127 749 exeunte
2163 707 2308 748 saec.
2346 697 2398 747 1.
2439 691 2736 760 (Ewald),
2767 697 2874 746 aut
2905 691 2948 744 in

416 773 595 844 priore
618 785 775 846 parte
803 793 947 833 saec.
987 783 1041 832 2.
1072 777 1351 846 (Creduer
1391 782 1551 847 etc.),
1585 788 1681 834 aut
1705 778 1889 835 medio
1917 781 2142 836 saeculo
2182 786 2236 836 2.
2269 779 2632 855 (Hilqenfeld
2657 783 2828 846 etc),
2863 787 2949 833 aut

416 862 558 916 circa
588 877 640 919 a.
675 868 795 919 170.
828 865 1203 933 (Davidson),
1239 874 1335 920 aut
1360 881 1413 921 a.
1454 871 1575 922 180.
1620 867 1954 934 (Volkmar)
1997 866 2068 924 ad
2094 868 2352 925 Petrinos
2379 876 2436 924 ct
2471 868 2737 924 Paulines
2763 866 2949 922 conci·

414 949 631 1006 liandos
658 952 1053 1024 (Neotubinq.)
1069 994 1083 1019 ,
1112 962 1205 1008 aut
1228 952 1298 1008 ad
1318 954 1600 1026 gnosticos
1627 954 2032 1026 impugnandos
2061 954 2350 1028 (Hofman
2371 959 2523 1024 etc),
2552 963 2650 1010 aut
2667 954 2741 1010 ad
2759 953 2950 1010 fideles

416 1036 486 1093 de
512 1037 793 1094 retardato
816 1039 1014 1094 Christi
1033 1039 1275 1095 adventu
1294 1041 1664 1096 consolandos
1683 1043 2108 1113 (Holtzmamz),
2131 1050 2227 1098 aut
2251 1043 2322 1098 ad
2345 1043 2529 1098 nescio
2556 1040 2690 1115 quid
2713 1041 2946 1097 conficta

415 1126 501 1180 sit.
531 1125 741 1193 Quibus
769 1127 1073 1182 arbitrariis
1109 1128 1501 1184 assertionibus
1527 1144 1644 1184 non
1667 1130 1949 1186 immorati
1978 1138 2304 1202 argumenta
2320 1171 2335 1199 ,
2366 1129 2567 1202 quibus
2601 1129 2947 1186 authentiam

414 1214 760 1285 impugnant,
791 1215 979 1286 paucis
1003 1214 1458 1272 examinabimus·

486 1301 785 1373 Epistolam
811 1310 1059 1358 nostram
1086 1311 1315 1358 monent
1336 1319 1537 1377 magna
1568 1305 1832 1361 affinitate
1859 1321 1987 1362 cum
2015 1306 2186 1362 Iudae
2209 1305 2440 1378 epistola
2464 1304 2746 1377 coniungi,
2774 1302 2946 1358 immo

416 1388 692 1460 integrum
714 1389 829 1446 fere
857 1399 1022 1462 caput
1050 1395 1102 1445 2.
1135 1406 1201 1445 ex
1230 1391 1324 1446 illa
1352 1407 1471 1448 esse
1500 1391 1845 1461 desumtum3
1873 1393 2140 1450 dedecere
2159 1402 2346 1450 autem
2367 1395 2596 1448 Petrum
2613 1392 2716 1448 tali
2732 1391 2946 1447 ratione

416 1477 640 1532 alterius
662 1479 909 1549 Apostoli
948 1479 1149 1549 scripta
1176 1477 1438 1549 expilare.
1470 1509 1539 1522 -
1575 1479 1920 1536 Affinitatem
1947 1481 2101 1538 haud
2127 1482 2306 1538 levem
2331 1481 2475 1536 inter
2515 1479 2656 1537 duas
2681 1480 2942 1551 epistolas

416 1565 675 1633 inveniri,
708 1573 919 1621 certum
944 1572 1057 1634 est;
1088 1574 1147 1620 at
1173 1564 1285 1620 duo
1310 1566 1481 1636 probe
1512 1577 1642 1623 sunt
1668 1567 1986 1624 adnotanda
2013 1589 2027 1623 ε
2059 1573 2136 1633 a.)
2165 1583 2198 1624 a
2226 1567 2404 1624 tribus
2431 1567 2665 1624 saeculis
2690 1566 2751 1623 id
2770 1576 2860 1622 ω
2885 1567 2938 1620 in

416 1653 807 1720 contro-versia,
839 1661 1027 1706 utrum
1050 1654 1245 1708 Petrus
1264 1670 1297 1709 a
1316 1654 1474 1722 luda,
1496 1671 1572 1710 an
1599 1655 1767 1711 Iudas
1789 1671 1822 1710 a
1847 1658 2012 1712 Petro
2031 1654 2370 1726 dependeat3
2399 1656 2529 1712 licet
2557 1655 2726 1728 igitur
2746 1656 2944 1710 Petrus

416 1755 447 1794 a
476 1739 613 1795 Iuda
638 1738 952 1809 dependere
980 1740 1182 1796 rectius
1208 1739 1445 1811 dicatur,
1478 1742 1550 1798 de
1571 1733 1778 1799 seraitz·
1803 1753 1991 1800 tamen
2017 1743 2328 1800 imitatione
2355 1759 2540 1800 sermo
2575 1759 2692 1798 non
2719 1750 2837 1804 est;
2871 1744 2938 1806 ὸς·

417 1827 657 1884 affinitas
684 1827 753 1883 ab
782 1826 1109 1884 adversariis
1138 1844 1305 1900 quam
1328 1830 1570 1886 maxime
1599 1837 1980 1904 exaggeratur,
2013 1831 2289 1901 siquidem
2316 1847 2431 1887 non
2453 1829 2731 1886 invenitur
2757 1830 2868 1885 nisi
2893 1831 2940 1882 in

415 1920 655 1984 2‚1·3‚3,
680 1923 845 1986 atque
872 1915 930 1969 in
950 1922 1069 1971 tota
1096 1915 1348 1987 epistola,
1382 1932 1522 1989 quae
1547 1919 1670 1989 plus
1692 1919 1974 1992 sexaginta
1999 1919 2246 1974 versibus
2267 1927 2502 1986 constat,
2531 1934 2646 1974 non
2667 1917 2772 1972 nisi
2803 1917 2940 1970 duo-

415 2004 609 2059 decim
634 2003 903 2060 maiorem
928 2003 1270 2059 minoremve
1296 2004 1716 2062 similitudinem
1748 2021 1876 2061 cum
1913 2004 2083 2062 Iudae
2120 2005 2351 2077 epistola
2389 2003 2618 2061 habent.
2656 2005 2938 2060 Immerito

416 2092 583 2163 igitur
614 2099 810 2146 auctor
840 2097 1065 2146 nostrae
1101 2091 1363 2162 epistolae
1393 2090 1590 2147 ludam
1625 2092 1894 2164 expilasse
1931 2093 2222 2162 asseritur3
2257 2091 2452 2150 eadem
2483 2093 2664 2163 potius
2692 2093 2937 2150 ratione.

416 2194 523 2251 qua
552 2179 610 2234 in
646 2178 829 2250 priore
866 2179 1081 2250 aliquos
1121 2187 1304 2234 textus
1350 2179 1604 2250 paulinos
1625 2221 1638 2248 ‚
1682 2181 1741 2235 in
1767 2181 1940 2236 altera
1983 2180 2198 2252 aliquos
2236 2188 2421 2237 textus
2461 2179 2634 2236 Iudae
2678 2177 2940 2235 adhibere

418 2267 607 2322 voluit.
640 2265 806 2322 Iudas
827 2267 885 2320 in
912 2281 1045 2321 suae
1066 2267 1330 2337 epistolae
1356 2267 1716 2338 inscriptione
1744 2267 2102 2339 apostolicam
2129 2283 2286 2324 suam
2315 2266 2642 2340 dignitatem
2659 2275 2936 2324 tacuerat:

414 2355 643 2410 minime
675 2353 845 2426 igitur
871 2352 1131 2410 dedecuit
1156 2356 1415 2422 Petrum,
1446 2361 1507 2409 ut
1536 2355 1838 2426 coapostoli
1867 2355 1954 2410 sui
1979 2354 2242 2427 epistolae
2265 2355 2535 2412 maiorem
2557 2355 2936 2411 auctoritatem

413 2441 754 2510 conciliaret,
787 2441 969 2512 aliqua
999 2450 1324 2513 argumenta
1350 2457 1415 2498 ex
1446 2442 1542 2498 illa
1567 2453 1936 2500 transumere.

481 2528 713 2586 Addunt
740 2527 1067 2598 adversarii,
1100 2527 1435 2597 haereticos,
1477 2529 1572 2601 qui
1601 2531 1653 2585 in
1695 2530 1925 2601 epistola
1961 2539 2150 2586 nostra
2187 2529 2594 2598 describuntur,
2639 2528 2936 2586 chimeram

412 2633 531 2676 esse
554 2633 658 2674 nec
686 2631 953 2688 umquam
981 2615 1242 2672 exsistere
1273 2617 1542 2688 potuisse;
1575 2617 1670 2672 sed
1697 2633 1796 2672 cur
1817 2617 1934 2674 fieri
1963 2633 2076 2672 non
2105 2617 2302 2688 potuit,
2335 2624 2398 2672 ut
2431 2616 2699 2673 haeretici
2720 2618 2936 2672 antino-

411 2706 639 2772 mistici,
671 2705 717 2760 si
745 2703 814 2760 de
844 2704 1034 2774 poenis
1060 2704 1117 2759 in
1154 2703 1338 2760 futuro
1366 2703 1568 2760 iudicio
1597 2703 1897 2760 subeundis
1923 2705 2313 2771 monebantur,
2345 2703 2591 2760 futuram
2623 2703 2936 2761 retributio-

412 2812 537 2850 nem
566 2793 819 2849 ludibriis
846 2791 1235 2864 impugnarent
1252 2795 1277 2847 ἓ
1306 2823 1377 2832 -
1403 2795 1579 2848 Porro
1603 2801 1888 2852 auctorem
1915 2792 2211 2863 epistolae,
2247 2792 2378 2848 licet
2409 2791 2616 2863 ubique
2643 2791 2934 2848 lectoribus

410 2901 469 2938 se
498 2883 648 2937 velut
679 2880 1011 2952 Apostolum
1036 2883 1263 2936 Petrum
1297 2879 1586 2948 obtrudat,
1619 2878 1724 2936 sibi
1750 2888 1942 2936 tamen
1973 2895 2084 2936 non
2113 2889 2368 2936 constare
2401 2887 2458 2935 et
2478 2879 2553 2934 ad
2587 2898 2614 2930 ι
2643 2880 2932 2950 Apostolo-

410 2987 535 3026 rum
574 2977 928 3040 pracceptum
966 2988 991 3018 ιο
1028 2967 1179 3023 velut
1212 2967 1283 3023 ad
1318 2967 1588 3024 maiorem
1625 2967 2012 3024 auctoritatem
2045 2982 2348 3040 provocare
2385 2967 2514 3037 (3,2)
2539 2966 2762 3037 dicunt;
2799 2975 2857 3024 at
2879 2967 2930 3022 in

414 3061 541 3114 loco
568 3057 783 3113 obiecto
811 3071 924 3111 non
948 3055 1019 3110 ad
1049 3056 1412 3126 apostolicum
1428 3097 1442 3122 ,
1478 3055 1577 3111 sed
1614 3054 1686 3111 ad
1712 3054 2050 3112 dominicum
2078 3063 2438 3127 praeceptum
2465 3063 2758 3126 provocat,
2791 3053 2928 3126 quod

414 3144 713 3201 lectoribus
740 3145 847 3199 iam
874 3158 971 3214 per
994 3159 1197 3198 eorum
1225 3143 1523 3214 Apostolos
1553 3148 1600 3207 (α
1632 3143 2029 3214 Apostolorum
2055 3148 2374 3198 vestrorum
2410 3143 2478 3213 ι),
2509 3143 2658 3199 inter
2683 3158 2824 3214 quos
2841 3144 2930 3196 Pe·

407 3243 527 3289 trus
554 3249 667 3287 non
698 3232 825 3300 fuit,
858 3232 929 3286 sit
957 3232 1388 3302 promulgatum.
1421 3261 1489 3270 -—
1529 3228 1742 3286 Deinde
1781 3245 1974 3285 omnes
2011 3230 2263 3301 paulinas
2291 3230 2554 3301 epistolas
2597 3239 2790 3285 auctor
2820 3230 2924 3284 iam

408 3319 727 3391 cognovisse
752 3327 808 3373 et
831 3333 931 3388 pro
954 3318 1249 3388 scripturis
1274 3318 1449 3374 sacris
1468 3317 1786 3373 adhibuisse
1810 3318 2074 3374 asseritur
2098 3323 2404 3387 (3,15.16),
2433 3316 2492 3374 id
2519 3317 2669 3389 quod
2689 3326 2924 3388 tempore

408 3407 711 3479 apostolico
738 3407 858 3461 fieri
884 3421 996 3460 non
1033 3407 1228 3476 potuit.
1258 3409 1332 3460 At
1358 3409 1558 3462 Petrus
1584 3404 1939 3477 expressione
1971 3427 1996 3456 a
2024 3407 2083 3461 in
2111 3405 2367 3461 omnibus
2395 3405 2643 3476 epistolis
2669 3427 2696 3456 u
2727 3405 2808 3460 uti
2833 3419 2924 3476 per

408 3512 466 3552 se
496 3501 664 3566 patet,
694 3494 817 3549 illas
833 3493 1107 3564 intelligit,
1140 3509 1280 3565 quae
1304 3494 1421 3549 eius
1446 3501 1698 3564 tempore
1721 3493 1835 3548 iam
1861 3495 2116 3566 vulgatae
2143 3494 2278 3550 etin
2301 3492 2748 3550 Christianorum
2769 3490 2928 3546 mani·

405 3591 509 3640 bus
531 3590 705 3638 erant.
734 3580 896 3650 Quod
920 3588 1105 3635 autem
1130 3581 1253 3636 illas
1276 3582 1572 3652 Scriptuiis
1596 3580 1940 3650 adnumeret,
1966 3580 2023 3636 id
2047 3581 2254 3651 optime
2281 3595 2340 3636 se
2363 3579 2560 3649 habet3
2593 3579 2745 3636 unde
2771 3580 2920 3636 enim.

406 3671 512 3726 nisi
542 3687 609 3728 ex
638 3668 1037 3740 Apostolorum
1072 3669 1385 3724 testimonio
1422 3669 1537 3724 sive
1573 3668 1779 3739 scripto
1815 3668 1928 3723 sive
1968 3667 2200 3730 tradito..
2239 3667 2413 3725 libros
2448 3666 2592 3722 Novi
2630 3669 2782 3723 Test.
2821 3681 2922 3720 esse

408 3759 701 3831 inspiratos
728 3755 891 3812 nobis
915 3755 1191 3810 innotuit?
1216 3787 1287 3795 —
1313 3758 1553 3811 Demum
1583 3756 1723 3828 stylo
1744 3753 2040 3810 secundam
2066 3754 2356 3826 epistolam
2383 3771 2416 3810 a
2445 3755 2632 3825 priore
2651 3754 2920 3811 dissentire

406 3848 587 3913 aiunt3
622 3854 678 3900 at
708 3843 870 3898 huius
897 3839 1237 3896 difficultatis
1264 3841 1603 3912 probabilem
1635 3842 1967 3896 solutionem
2001 3842 2112 3896 iam
2149 3839 2414 3897 indicavit
2451 3841 2509 3896 S.
2548 3845 2920 3913 Hieronymus

406 3933 497 4006 (ad
529 3931 725 3988 Hedib.
760 3947 845 4002 ep.
884 3933 1119 3997 120‚11).
1150 3928 1359 3984 Eadem
1384 3929 1592 3984 scilicet
1620 3928 1856 3995 ratione,
1889 3943 1996 4000 qua
2027 3928 2294 3998 epistolae
2323 3927 2398 3984 ad
2423 3928 2714 3985 Hebraeos
2742 3933 2916 3984 aucto·-

404 4038 529 4077 rem
557 4023 613 4076 S.
644 4019 909 4084 Paulum,
950 4020 1293 4086 scriptorem
1330 4025 1515 4071 autem
1546 4019 1600 4073 S.
1635 4017 1976 4072 Clementem
2013 4015 2180 4072 fuisse
2202 4015 2463 4083 diximus,
2493 4018 2698 4072 Petrus
2719 4029 2916 4088 quoque

404 4117 625 4164 nostrae
670 4106 934 4178 epistolae
982 4112 1175 4160 auctor
1221 4112 1367 4159 recte
1414 4103 1634 4172 dicitur,
1683 4103 1810 4163 licet
1865 4103 1912 4158 ei
1955 4103 2105 4158 solae
2141 4103 2446 4158 sententiae
2489 4104 2754 4175 solusque
2798 4099 2913 4158 ordo

404 4211 715 4268 nexusque,
756 4194 850 4249 uni
887 4201 1074 4248 autem
1110 4208 1177 4247 ex
1216 4192 1331 4248 eius
1354 4189 1632 4263 discipulis
1659 4189 1824 4246 dictio
1850 4189 2228 4262 sermonisque
2257 4199 2483 4246 ornatus
2513 4189 2844 4256 debeantur3
2868 4187 2910 4240 id

401 4283 643 4337 insinuat
675 4283 729 4338 S.
772 4281 1171 4352 Hieronymus,
1216 4279 1306 4336 ubi
1345 4281 1574 4334 Petrum
1631 4299 1654 4328 α
1700 4295 1800 4350 pro
1838 4279 2160 4334 necessitate
2208 4293 2398 4334 rerum
2448 4277 2570 4334 aliis
2612 4293 2771 4334 usum
2813 4290 2910 4332 esse

404 4367 793 4439 interpretibus
829 4389 851 4418 ι
882 4368 1091 4424 asserit.
1119 4368 1377 4422 Ceterum
1401 4364 1690 4434 addamuS,
1722 4369 1778 4422 S.
1812 4369 2040 4422 Petrum
2065 4365 2173 4420 alio
2197 4365 2368 4420 modo
2405 4365 2562 4438 loqui
2588 4364 2832 4423 debuisse
2865 4362 2908 4415 in

407 4457 589 4526 priore
640 4457 1018 4526 paraenetica,
1072 4456 1179 4510 alio
1236 4454 1403 4509 modo
1449 4455 1507 4509 in
1551 4455 1724 4522 altera
1776 4454 2045 4524 polemica
2087 4453 2347 4524 epistola,
2388 4461 2554 4524 atque
2591 4461 2707 4509 tam
2761 4463 2905 4524 parva

410 4558 526 4598 esse
565 4543 675 4598 duo
704 4543 903 4612 scripta
921 4585 934 4608 ,
967 4558 1107 4612 quae
1135 4541 1294 4597 nobis
1320 4543 1565 4614 reliquit,
1599 4551 1660 4596 ut
1689 4551 1900 4596 certum
1931 4557 1996 4597 ex
2025 4541 2133 4596 illis
2159 4539 2424 4596 iudicium
2453 4540 2524 4596 de
2549 4542 2694 4614 stylo
2717 4538 2907 4611 petrino

388 4628 569 4706 gnobis
596 4629 891 4684 efformare
918 4646 1027 4683 non
1062 4632 1347 4699 possimus.
