3050 5184
834 316 910 359 nr:
949 315 1112 359 unm
1156 316 1247 361 1on
1290 316 1429 359 rma
1470 316 1548 359 nr
1591 314 1858 361 omerus.
2506 306 2620 365 307

118 444 401 515 gationibus
426 444 833 514 demonstrans,
864 463 937 503 ne
964 447 1037 503 de
1063 448 1373 505 visibilibus
1400 448 1626 521 quidem
1658 448 1841 519 rebus,
1873 450 2003 521 quia
2031 465 2223 505 earum
2249 453 2490 507 rationes
2512 468 2622 509 non

120 532 447 603 perspiciant,
491 533 747 589 homines
784 550 943 605 posse
979 533 1253 604 iudicare,
1285 536 1356 591 ab
1392 535 1549 591 omni
1591 537 1887 592 temerario
1924 536 2130 593 iudicio
2167 537 2238 593 de
2265 537 2624 595 invisibilibus

119 619 469 687 providentiae
494 623 707 676 normis
734 620 1010 678 efficacius
1028 636 1125 678 eos
1144 622 1433 680 absterret.

180 774 230 827 4.
258 804 338 813 —-
372 772 505 831 Non
558 772 902 850 incongrue
955 776 1168 833 tamen
1223 774 1537 844 statuitur,
1585 779 1837 852 praeter
1879 775 2160 853 primum
2212 775 2393 836 illum
2435 778 2626 836 finem

118 872 415 927 auctorem
445 868 511 927 id
543 884 797 945 quoque
828 868 1203 941 intendisse,
1238 875 1307 931 ut
1337 870 1401 930 in
1433 872 1584 930 lobo
1621 871 2008 947 gravissimis
2047 870 2508 931 calamitatibus
2545 872 2626 931 af·

119 962 261 1022 ssicto
290 963 615 1040 exemplar
642 964 985 1042 patientiae
1017 972 1427 1044 proponeret,
1452 984 1577 1043 quo
1604 968 1894 1027 omnium
1923 970 2202 1027 aetatum
2221 966 2512 1028 homines
2537 968 2630 1027 in-

119 1058 461 1131 citarentur,
507 1065 581 1119 ut
616 1062 681 1119 in
718 1062 909 1122 rebus
947 1062 1229 1123 adversis
1265 1066 1394 1124 Deo
1430 1062 1653 1124 fideles
1690 1062 2105 1123 adhaererent
2140 1063 2220 1123 ab
2258 1080 2460 1139 eoque
2500 1064 2632 1123 solo

116 1157 589 1217 consolationem
619 1162 683 1217 et
709 1158 1017 1219 auxilium
1046 1164 1393 1236 sperarent.

168 1270 351 1335 Longe
378 1270 671 1339 augustius
694 1279 749 1326 ct
775 1270 1072 1342 perfectius
1091 1273 1387 1343 patientiae
1414 1273 1697 1344 exemplar
1715 1272 1876 1329 nobis
1895 1272 2122 1345 quidem
2140 1280 2224 1327 est
2245 1274 2520 1328 Dominus
2537 1274 2629 1337 N.‚

114 1357 189 1424 qui
212 1372 315 1413 nos
334 1356 555 1421 incitat,
584 1367 647 1413 ut
676 1374 745 1413 ex
769 1358 889 1415 eius
911 1374 1103 1415 amore
1130 1359 1519 1415 tribulationes
1547 1376 1662 1415 non
1689 1368 1906 1417 tantum
1935 1358 2304 1431 perferamuS,
2339 1360 2438 1416 sed
2467 1360 2632 1415 etiam

114 1440 387 1515 diligamus
414 1453 473 1500 et
494 1444 733 1503 libenter
760 1447 1189 1517 amplectamur,
1230 1446 1594 1503 nihilominus
1619 1447 1780 1503 nobis
1803 1462 2026 1519 quoque
2062 1448 2196 1503 utile
2239 1462 2358 1502 esse
2398 1447 2470 1518 pii
2514 1446 2632 1502 lobi

116 1533 409 1603 exemplum
426 1530 621 1587 docuit
638 1535 696 1589 S.
718 1534 989 1598 Iacobus,
1014 1548 1187 1605 quum
1204 1534 1342 1590 illud
1360 1534 1688 1591 Christianis
1706 1545 2059 1607 proponeret,
2082 1543 2146 1589 ut
2163 1550 2229 1589 ex
2246 1549 2316 1589 eo
2338 1533 2630 1599 discerent,

118 1640 137 1665 ⁸
162 1620 421 1691 quoniam
458 1619 777 1677 misericors
804 1629 889 1677 est
927 1621 1204 1677 Dominus
1230 1630 1286 1677 et
1312 1622 1607 1679 miserator
1651 1644 1676 1673 u
1723 1624 1864 1691 (lac.
1905 1622 2083 1693 5,11);
2124 1620 2400 1677 immerito
2448 1630 2633 1677 autem

115 1706 160 1759 S.
188 1707 640 1779 Chrysoscomus
669 1708 927 1780 (Synops.
956 1709 1014 1765 S.
1045 1709 1269 1779 script.)
1301 1716 1483 1765 totum
1520 1709 1645 1765 libri
1673 1710 1842 1765 finem
1870 1708 2010 1766 dixit
2045 1724 2166 1765 esse
2195 1708 2634 1765 exhortationem

114 1793 167 1848 ad
192 1796 609 1865 poenitentiam.

612 2001 647 2083 ξ
677 2004 739 2065 lu..
772 2038 861 2048 —
888 2002 985 2065 De
1017 1998 1177 2065 libri
1198 1998 1313 2066 Iob
1343 1999 1598 2089 orz'qz‘ne
1629 2013 1692 2066 et
1719 1999 2126 2089 inteyritate.

176 2212 227 2268 1.
260 2245 340 2255 ——
372 2212 548 2271 lnter
568 2211 769 2271 varias
801 2214 1142 2273 sententias
1172 2214 1250 2273 de
1289 2212 1437 2273 libri
1480 2212 1722 2290 origine
1761 2212 2207 2289 probabilitate
2240 2209 2414 2271 omni
2449 2208 2638 2269 desti-

112 2310 353 2368 tuuntur
384 2324 587 2384 quum
618 2308 795 2378 illae,
829 2324 987 2385 quae
1016 2310 1333 2369 mosaicae
1372 2313 1481 2369 aut
1506 2310 1966 2369 antemosaicae
1993 2308 2182 2368 aetati
2213 2324 2370 2385 opus
2403 2304 2637 2365 adscri-

110 2400 273 2473 bunt,
307 2408 453 2465 tum
480 2403 661 2477 illae,
688 2421 851 2483 quae
878 2409 1167 2482 tempore
1201 2404 1403 2465 exsilii
1431 2409 1542 2465 aut
1567 2409 1712 2482 post
1741 2404 2036 2464 exsilium
2062 2403 2296 2464 librum
2326 2402 2636 2480 prodiisse

110 2498 329 2559 dieunt.
2457 2511 2467 2519 ·

168 2612 327 2667 Haud
362 2613 526 2684 pauci
546 2614 681 2668 olim
711 2614 811 2684 ipsi
840 2612 973 2669 lobo
1002 2614 1087 2669 vel
1117 2614 1215 2669 uni
1242 2630 1307 2669 ex
1340 2614 1455 2670 eius
1479 2614 1672 2669 amicis
1701 2612 1907 2669 librum
1944 2612 2244 2668 attribuere
2276 2627 2390 2667 non
2418 2610 2635 2665 dubita-

110 2708 241 2767 runt,
269 2709 443 2772 atque
469 2702 753 2772 Oriqenes
783 2700 980 2761 Iobum
1008 2699 1325 2773 librumque
1352 2702 1471 2757 eius
1508 2704 1699 2773 Moyse
1735 2700 1875 2755 dixit
1911 2700 2306 2771 antiquiorem.
2337 2700 2516 2768 Quem
2549 2713 2638 2752 se-

108 2788 207 2843 cuti
231 2786 495 2843 nonnulli
525 2790 851 2857 interpretes
882 2788 1150 2861 (Pineda,
1181 2788 1536 2865 Bonfrerius
1559 2794 1691 2853 ete.)
1723 2796 1946 2859 propter
1975 2786 2283 2843 idiotismos
2310 2786 2632 2844 nonnullos,

111 2890 235 2944 quos
258 2890 394 2931 cum
422 2878 479 2931 S.
510 2878 867 2946 Hieronymo
896 2875 1200 2945 arabismos
1227 2877 1315 2932 vel
1344 2876 1716 2932 chaldaismos
1744 2875 2124 2947 appellarunt,
2151 2888 2289 2945 opus
2317 2888 2383 2927 ex
2417 2870 2639 2927 arabico

113 2962 179 3016 vel
206 2962 503 3019 chaldaico
532 2978 787 3019 sermone
818 2978 915 3035 per
936 2965 1167 3035 Moysen
1204 2964 1441 3019 aliumve
1478 2964 1808 3035 scriptorem
1850 2961 2110 3019 hebraice
2150 2962 2480 3016 translatum
2521 2972 2639 3013 esse

108 3050 475 3107 coniecerunt.
501 3052 658 3121 Quae
677 3051 949 3113 sententia
968 3060 1117 3123 reete
1136 3052 1616 3122 praetermittitur,
1641 3049 1917 3121 siquidem
1941 3048 2089 3117 libri,
2107 3048 2201 3120 qui
2220 3046 2291 3103 ob
2310 3046 2438 3119 styli
2456 3054 2512 3101 et
2530 3046 2640 3101 lin-

110 3152 233 3206 guae
260 3138 566 3210 puritatem
593 3138 739 3193 inter
769 3138 1063 3219 praecipua
1091 3136 1479 3195 hebraicarum
1508 3138 1796 3193 literarum
1831 3144 2191 3192 monumenta
2221 3149 2396 3189 unum
2431 3149 2498 3189 ex
2527 3132 2640 3204 pri-

108 3227 201 3279 mis
228 3226 370 3282 locis
400 3235 663 3296 occupat,
706 3220 1097 3297 primigenium
1136 3233 1353 3282 textum
1390 3224 1715 3282 hebraicum
1745 3224 1942 3291 fuisse,
1975 3222 2142 3280 hodie
2187 3238 2380 3277 omnes
2407 3235 2640 3277 consen-

110 3314 259 3367 tiunt.
286 3312 612 3369 Hebraeum
640 3329 878 3385 quoque,
913 3317 1000 3371 cul
1024 3314 1140 3378 Lex
1168 3314 1407 3368 mosaica
1436 3314 1656 3385 cognita
1684 3322 1822 3382 erat,
1853 3320 2140 3368 auctorem
2176 3325 2324 3377 esse,
2353 3309 2505 3364 solus
2532 3306 2640 3361 iam
2677 3360 2682 3365 .

108 3402 384 3474 catalogus
415 3410 769 3472 peccatorum
807 3400 1071 3473 ostendit,
1116 3416 1355 3472 quorum
1391 3416 1548 3456 reum
1579 3416 1637 3455 se
1666 3415 1785 3455 esse
1815 3399 1916 3455 Iob
1945 3408 2110 3471 negat
2148 3393 2272 3469 (lob
2303 3401 2527 3459 24341
2561 3394 2644 3450 cfr

110 3489 294 3545 lixod.
322 3494 491 3559 2235
520 3504 631 3560 sq.,
664 3492 1026 3557 Levit.19,9;
1063 3494 1187 3555 25,2
1224 3502 1369 3559 sqq„
1412 3491 1577 3544 Dent.
1621 3492 1749 3556 24,9
1777 3492 1923 3553 etc.).
1973 3516 2045 3527 —
2081 3486 2258 3559 Moysi
2298 3485 2402 3556 ipsi
2438 3480 2641 3539 librum

108 3575 471 3633 attribuerunt
498 3576 752 3631 nonnulli
774 3578 967 3632 Patres
986 3576 1066 3649 (S.
1096 3574 1378 3645 Method„
1413 3574 1775 3645 Polychron„
1801 3576 1860 3631 S.
1883 3576 2150 3639 Hieron„
2178 3572 2494 3645 Philippus
2513 3574 2640 3639 etc.)

112 3672 159 3715 et
182 3662 312 3719 inde
331 3680 367 3721 a
393 3679 540 3720 saec.
576 3671 659 3719 15.
690 3662 860 3720 multi
884 3664 1215 3732 interpretes
1242 3664 1511 3733 (Tostat.‚
1539 3663 1844 3729 Caietam„
1874 3662 2182 3725 Bellarm„
2203 3661 2422 3723 Sanos„
2443 3663 2642 3720 Huet„

112 3754 257 3807 [loss.
292 3752 445 3823 ete),
479 3752 823 3823 argumentis
866 3761 1055 3807 autem
1088 3750 1420 3813 sententiam
1457 3766 1616 3805 suam
1653 3766 1768 3805 non
1799 3752 2273 3805 demonstrarunt.
2305 3749 2447 3803 Nam
2474 3744 2644 3800 Thal-

112 3840 473 3895 mudistarum
503 3838 759 3907 traditio,
793 3838 1061 3915 adquam
1088 3838 1343 3899 nonnulli
1370 3845 1693 3910 provocant,
1726 3836 1786 3893 in
1815 3837 1920 3893 hac
1951 3837 2272 3909 quaestione
2295 3835 2504 3889 incerta
2531 3841 2610 3887 est
2627 3876 2640 3889 .

116 3929 371 3995 ⁸{uoniam
398 3927 469 3983 de
495 3926 611 3982 lobi
636 3936 814 3983 aetate
845 3926 953 3997 ipsi
976 3926 1122 3987 inter
1150 3940 1209 3983 se
1240 3940 1409 3999 quam
1435 3925 1674 3981 maxime
1707 3924 2058 3993 dissentiunt,
2085 3934 2142 3979 et
2177 3923 2304 3997 styli
2341 3919 2643 3977 similitudo

112 4015 247 4070 inter
270 4030 471 4086 poema
502 4024 753 4079 nostrum
782 4022 841 4069 et
866 4015 1080 4069 cantica
1108 4014 1317 4087 Moysis
1342 4012 1519 4069 maior
1546 4029 1660 4068 non
1679 4020 1784 4081 est,
1811 4028 1979 4085 quam
2015 4012 2156 4068 inter
2188 4010 2336 4065 idem
2365 4023 2560 4079 poema
2591 4014 2646 4061 et

116 4102 385 4157 canticum
411 4101 820 4174 quodcumque.
844 4132 913 4141 --
938 4101 1113 4157 Multo
1143 4099 1501 4161 debilioribus
1524 4109 1732 4167 autem,
1753 4101 1798 4155 si
1826 4101 1948 4155 fieri
1976 4107 2170 4171 potest,
2201 4094 2542 4167 argumentis
2567 4095 2646 4148 ni-

115 4198 321 4259 tuntur,
347 4190 442 4261 qui
458 4191 624 4246 aetati
644 4189 819 4245 exsilii
839 4190 1021 4261 operis
1035 4188 1303 4265 originem
1317 4187 1645 4244 attribuunt.
1677 4190 1902 4243 Frustra
1935 4187 2083 4242 enim
2112 4184 2180 4240 ad
2210 4182 2450 4239 auctoris
2478 4182 2644 4237 finem

116 4286 449 4345 provocant,
482 4279 577 4350 qui
618 4278 837 4333 exsules
876 4276 1155 4337 consolari
1195 4276 1457 4343 voluerit,
1488 4291 1620 4331 nam
1656 4276 1782 4331 finis
1821 4275 1909 4330 hic
1938 4282 2023 4329 est
2055 4288 2206 4329 mera
2237 4272 2414 4337 fictio,
2443 4270 2644 4325 etenim

118 4364 205 4419 lob
226 4366 746 4431 innoeentissimus,
778 4365 861 4421 uti
886 4365 1001 4421 iam
1021 4363 1291 4432 diximus,
1310 4379 1427 4421 non
1446 4365 1626 4434 potuit
1654 4371 2067 4434 repraesentare
2087 4360 2356 4431 populum
2385 4358 2556 4414 Israel
2573 4356 2646 4413 ob

114 4462 333 4519 peccata
368 4453 683 4521 gravissima
726 4468 757 4507 a
784 4455 905 4509 Deo
935 4452 1206 4525 punitum.
1246 4454 1475 4507 Frustra
1516 4466 1739 4523 quoque
1775 4452 1846 4506 ad
1883 4448 2350 4506 chaldaismorum
2387 4446 2646 4517 frequen-

114 4538 243 4597 tiam
266 4548 603 4611 provocant3
632 4554 765 4599 nam
791 4539 1059 4596 idiotismi
1087 4540 1197 4605 illi,
1226 4539 1319 4611 qui
1342 4538 1667 4595 chaldaismi
1689 4538 1877 4594 vocari
1904 4538 2112 4602 solent,
2147 4538 2203 4591 in
2227 4533 2484 4591 omnibus
2513 4549 2647 4605 poe-

116 4628 273 4683 matis
299 4626 621 4701 frequentes
653 4636 803 4685 sunt.
843 4630 1069 4683 Frustra
1108 4627 1334 4685 demum
1377 4626 1758 4682 rationalistae
1797 4632 2045 4681 satanam
2093 4624 2650 4691 intercessionemque
