3050 5184
757 309 941 353 vAmA
985 306 1413 353 narrouanism
1459 307 1677 351 niumm
1716 308 2083 352 srsrsmra.
2578 292 2691 351 173

174 441 542 509 efformarunt3
569 442 629 497 10
651 440 1069 499 narrationibus
1092 449 1279 497 autem
1301 438 1508 496 factum
1534 447 1592 495 et
1617 438 1887 495 iudicium
1914 440 1991 495 ita
2016 440 2266 510 copulari
2291 449 2347 496 et
2374 438 2693 511 permisceri

171 536 369 597 censet,
392 536 452 583 nt
473 530 638 600 plane
665 527 1099 585 confundantur.
1128 527 1456 599 Interpretis
1495 526 1668 599 igitur
1694 542 1897 583 munus
1924 542 2043 583 esse
2072 528 2296 596 statuit,
2339 536 2403 583 ut
2430 528 2489 583 in
2522 542 2691 583 evan-

171 615 347 685 gelicis
377 616 792 693 narrationibus
830 615 1040 673 sactum
1077 630 1280 687 purum
1308 630 1341 671 a
1367 622 1746 686 spectatorum
1773 622 1830 669 et
1867 623 2157 670 auctorum
2186 614 2405 671 iudiciis
2441 622 2687 687 separet;

171 718 332 772 quare
353 703 600 775 inquirat
617 712 858 776 oportet,
885 718 1161 776 quaenam
1189 702 1453 759 adiuncta
1473 702 1546 758 ob
1564 718 1866 776 erroneum
1878 701 2149 759 iudicium
2168 701 2311 759 forte
2330 703 2441 758 sint
2462 702 2687 769 omissa,

176 805 428 859 quaenam
457 790 570 847 alia
595 790 808 849 addita.
837 793 940 847 Ex.
977 807 1060 864 gr.
1081 790 1356 849 Dominus
1382 790 1454 847 N.
1491 789 1739 862 quinque
1764 788 2002 861 panibus
2024 790 2269 863 quinque
2294 790 2469 847 millia
2507 790 2689 845 homi-

171 892 289 931 num
320 878 548 935 satiasse
581 887 874 948 narratur-3
905 879 1019 935 iam
1055 893 1187 935 vcro
1225 878 1332 933 hoc
1365 877 1492 933 fieri
1517 893 1633 934 non
1658 878 1841 949 potuit
1857 920 1872 946 ‚
1912 876 2218 949 supplenda
2249 878 2419 951 igitur
2455 887 2539 933 est
2578 877 2686 933 cir-

167 966 478 1023 cumstantia
515 965 792 1039 quaedam
831 964 904 1023 ab
942 966 1294 1039 evangelistis
1329 964 1562 1035 omissa3
1601 980 1680 1021 sc.
1729 964 1979 1023 Christus
2002 965 2121 1036 ipse
2157 981 2349 1023 revera
2381 981 2496 1022 non
2538 965 2689 1021 dedit

165 1051 258 1107 nisi
278 1054 518 1127 quinque
552 1069 727 1125 panes
755 1052 1116 1124 hordeaceos,
1146 1053 1242 1110 sed
1271 1068 1373 1109 sua
1400 1050 1731 1109 liberalitate
1760 1053 2034 1124 permovit
2061 1052 2223 1121 31103,
2251 1062 2315 1109 ut
2336 1053 2445 1125 ipsi
2468 1070 2689 1124 quoque

165 1154 320 1206 panes
365 1150 420 1197 et
464 1140 662 1213 pisces,
704 1156 846 1213 quos
883 1156 1074 1199 secum
1116 1140 1454 1210 habuerunt,
1484 1140 1633 1199 inter
1656 1155 1929 1214 pauperes
1955 1139 2382 1209 distribuerent,
2413 1140 2509 1214 qui
2548 1140 2687 1197 nihil

163 1228 478 1297 attulerant3
511 1244 584 1285 en
608 1236 794 1285 totum
819 1228 1154 1285 miraculum
1187 1228 1450 1299 disparet.
1452 1230 1654 1285 Nonne
1690 1228 1917 1300 mirum,
1945 1228 2095 1301 quod
2118 1227 2392 1285 eiusmodi
2430 1227 2685 1287 absurdi-

165 1322 292 1371 tates
318 1315 486 1373 hodie
511 1316 698 1375 adhuc
722 1316 1004 1373 interdum
1031 1316 1412 1373 venditentur?

225 1497 279 1553 5.
309 1494 657 1555 —Interea
685 1497 902 1556 autem
929 1494 1100 1555 aliud
1131 1497 1408 1572 systema
1437 1494 1767 1572 paullatim
1798 1498 1895 1554 est
1924 1493 2273 1565 excultum,
2297 1493 2465 1571 quod
2494 1492 2683 1553 hodie

168 1590 532 1669 praeplacet.
565 1590 972 1669 Mythicismus
991 1590 1244 1651 biblicus
1269 1593 1545 1661 vocatur,
1570 1591 1721 1667 quia
1739 1590 1937 1651 libros
1956 1606 2165 1651 sacros
2196 1589 2420 1651 eodem
2450 1590 2517 1651 in
2544 1591 2683 1651 loco

159 1683 331 1745 habet
358 1704 486 1764 quo
518 1686 798 1747 carmina
827 1686 1072 1764 aliaque
1102 1703 1295 1765 opera
1319 1686 1750 1764 mythologica
1779 1687 2203 1747 ethnicorum.

220 1816 270 1870 S.
303 1817 530 1873 Semler
559 1816 772 1887 primus
801 1816 1016 1889 aliquas
1043 1818 1260 1873 Veteris
1301 1818 1449 1872 Test.
1482 1817 1833 1874 narrationes
1880 1817 1971 1886 (de
2011 1819 2278 1875 Samsone
2318 1822 2448 1886 etc.)
2476 1817 2681 1891 mythis

167 1898 560 1973 adnumeravit,
590 1906 634 1961 1.
667 1906 736 1961 G.
765 1904 1066 1961 Ez'clalrorn
1088 1904 1146 1959 in
1171 1904 1398 1961 historia
1429 1906 1724 1961 creationis
1753 1914 1809 1960 et
1848 1905 2037 1976 lapsus
2064 1912 2523 1977 protoparentum
2557 1920 2677 1978 my·

165 1988 274 2045 11103
312 1992 552 2061 invenit,
579 1995 626 2046 Ι.
658 1994 779 2050 Seu.
811 1996 1007 2048 Vater
1033 1994 1094 2063 (†
1122 1996 1305 2059 1826.)
1339 1992 1579 2047 mosaica
1608 1993 1973 2049 Pentateuchi
2002 1991 2211 2065 origine
2246 2000 2445 2065 negata
2472 1991 2678 2066 mythi-

161 2076 370 2135 cismum
409 2078 483 2135 ad
512 2094 702 2135 omnes
741 2080 906 2153 Legis
943 2079 1116 2135 libros
1144 2079 1389 2136 extendit
1413 2088 1468 2135 et
1491 2084 1555 2135 L.
1586 2080 1660 2136 de
1687 2084 1883 2137 Wette
1910 2082 1974 2152 (†
2009 2085 2190 2149 1849.)
2223 2081 2469 2153 reliquos
2510 2080 2681 2137 libros

166 2164 432 2239 historicos
457 2168 679 2222 Veteris
705 2168 855 2222 Test.
882 2167 1089 2240 mythis
1114 2175 1324 2222 scatere
1352 2166 1654 2224 contendit.
1680 2167 1928 2224 Audacia
1963 2178 2018 2225 et
2044 2169 2324 2241 impietate
2353 2168 2673 2241 praedeces-

165 2268 298 2309 sores
327 2270 595 2325 superans
621 2254 829 2311 David
853 2257 956 2311 Fr.
985 2256 1227 2311 Strauss
1257 2256 1320 2325 (†
1360 2258 1541 2323 1875.)
1568 2271 1775 2312 novum
1813 2265 2050 2327 systema
2087 2257 2396 2331 Evangeliis
2436 2256 2674 2329 applica-

167 2340 254 2409 01,
283 2340 376 2398 sed
399 2344 518 2399 cius
541 2342 814 2400 sententia
839 2342 910 2398 ab
927 2342 1084 2398 initio
1103 2356 1309 2414 paucos
1332 2342 1542 2399 invenit
1558 2351 1779 2416 apertos
1802 2346 2055 2414 asseclae,
2086 2360 2263 2417 usque
2284 2343 2419 2400 dum
2451 2344 2677 2416 triginta

169 2426 268 2483 lere
293 2429 445 2485 annis
469 2438 662 2503 postea
691 2429 761 2485 ab
795 2434 938 2487 ΕΜ.
970 2435 1172 2487 Reman
1196 2430 1411 2503 poetice
1448 2440 1715 2488 exornata
1741 2432 1946 2487 iterum
1970 2432 2155 2505 spargi
2192 2442 2387 2504 coepta
2414 2441 2499 2487 031
2521 2440 2576 2486 01
2607 2431 2676 2487 ab

170 2516 402 2573 0010111113
426 2516 730 2573 incredulis
755 2533 960 2593 magno
983 2534 1110 2574 cum
1132 2519 1334 2590 plausu
1366 2526 1609 2591 recepta.
1638 2520 1869 2575 Praeter
1899 2519 2003 2575 hos
2034 2518 2375 2592 mythicismi
2401 2528 2672 2586 auctoreS,

167 2602 392 2677 plerique
415 2604 754 2677 interpretes
775 2606 1157 2677 protestantici
1183 2606 1364 2679 magis
1389 2605 1643 2661 minusve
1672 2605 1726 2661 ei
1754 2604 1967 2675 favent,
1994 2616 2159 2678 atque
2186 2606 2407 2679 mythos
2423 2607 2483 2662 in
2506 2608 2678 2663 sacris

161 2688 296 2747 libris
322 2694 562 2749 inveniri
586 2694 918 2764 concedunt,
939 2692 1046 2749 etsi
1063 2692 1354 2750 historiam
1383 2692 1663 2749 iudaicam
1687 2702 1743 2751 et
1765 2693 2139 2766 evangelicam
2162 2694 2220 2749 in
2250 2711 2449 2765 genere
2478 2693 2673 2750 admit·

159 2786 280 2835 tant.
309 2782 636 2854 systematis
660 2790 848 2837 autem
873 2780 1236 2837 fundamenta
1266 2781 1561 2854 praecipua
1584 2787 1715 2837 sunt
1743 2779 1901 2837 haec.
1933 2786 2019 2850 a.)
2042 2782 2313 2849 Miracula
2338 2789 2393 2836 et
2421 2782 2673 2837 vaticinia

163 2876 274 2920 sunt
299 2867 660 2939 impossibilia
677 2911 691 2937 ,
725 2884 857 2941 ergo
884 2870 945 2924 in
967 2870 1287 2925 narratione
1315 2884 1442 2925 vere
1469 2868 1733 2925 historica
1768 2869 1953 2925 locum
1986 2885 2102 2925 non
2134 2868 2360 2925 habent.
2384 2872 2676 2925 Assertum

165 2952 258 3009 hoc
283 2972 396 3012 esse
427 2972 753 3024 erroneum,
785 2954 986 3013 docent
1014 2956 1334 3028 philosophi
1358 2966 1413 3013 et
1441 2956 1795 3029 apologetae3
1817 2956 2075 3013 addimus
2093 2965 2277 3012 autem
2299 2956 2587 3012 historiam
2607 2974 2673 3012 ex

161 3039 380 3099 lontibus
407 3044 691 3101 historicis
715 3059 834 3099 0330
864 3043 1306 3115 diiudicandum,
1336 3061 1450 3100 non
1478 3061 1549 3101 ex
1578 3044 1971 3116 praeiudicatis
1998 3044 2351 3117 opinionibus
2375 3044 2675 3101 0110111130-

159 3126 288 3185 dam.
309 3162 374 3172 —
395 3133 474 3199 ὁ.)
493 3136 568 3187 At
591 3132 771 3187 sontes
796 3122 1021 3188 nostros
1039 3148 1168 3189 vere
1198 3132 1494 3188 historicos
1515 3148 1637 3188 0330
1662 3141 1898 3206 negant,
1920 3131 2361 3189 Pentateuchum
2386 3134 2537 3189 enim
2560 3149 2673 3189 non

160 3232 184 3269 a
206 3218 380 3291 Moyse
409 3235 529 3275 esse
555 3219 856 3293 seriptum,
887 3220 984 3275 sed
1012 3220 1190 3276 exsilii
1217 3228 1314 3276 aut
1339 3220 1509 3277 etiam
1536 3219 1745 3277 Esdrae
1773 3228 1955 3277 aetate
1980 3236 2099 3277 csse
2126 3221 2515 3291 terminatum,
2540 3221 2673 3277 reli-

155 3320 274 3373 quos
309 3306 482 3364 libros
520 3306 814 3364 historicos
843 3308 1222 3363 Pentateucho
1259 3324 1378 3363 esse
1413 3308 1783 3373 recentioreS,
1812 3309 2261 3380 propheticorum
2299 3324 2518 3381 quoque
2550 3326 2674 3366 ma-

159 3407 302 3463 gnam
325 3404 546 3467 partem
583 3410 704 3452 0330
731 3395 1132 3465 conscriptam,
1162 3404 1459 3467 postquam
1495 3411 1613 3462 reS‚
1640 3411 1783 3469 quae
1818 3395 2065 3467 praedici
2102 3394 2375 3464 feruntur,
2404 3396 2519 3453 iam
2552 3413 2673 3453 eve·

161 3490 368 3553 nerunt,
394 3483 698 3556 Evangelia
721 3482 948 3539 demum
973 3482 1105 3539 satis
1132 3481 1230 3538 diu
1266 3490 1393 3553 post
1414 3483 1642 3539 Domini
1673 3490 1913 3539 mortem
1939 3499 2084 3539 saec.
2112 3490 2165 3539 2.
2195 3499 2313 3539 esse
2344 3484 2671 3556 composita.

162 3568 218 3622 ln
243 3569 657 3627 introductione
694 3570 922 3643 speciali
954 3569 1302 3627 authentiam
1329 3570 1583 3627 omnium
1616 3570 1889 3627 librorum
1926 3586 2211 3627 sacrorum
2242 3571 2671 3639 vindicabimus;

165 3655 362 3714 interim
401 3667 592 3716 autem
634 3658 894 3733 gratuitis
927 3658 1400 3715 rationalistarum
1436 3657 1835 3715 assertionibus
1878 3668 2227 3715 constantem
2260 3668 2317 3716 et
2355 3660 2674 3716 unanimem

167 3744 472 3803 ludaeorum
493 3756 549 3803 et
568 3746 1014 3804 Christianorum
1030 3746 1388 3802 traditionem
1412 3745 1482 3801 de
1500 3746 1769 3802 librorum
1790 3763 2075 3803 sacrorum
2092 3763 2322 3804 suorum
2340 3748 2553 3821 origine
2572 3765 2675 3820 op-

170 3834 417 3902 ponimuS,
442 3850 590 3907 quac
618 3834 906 3907 hucusque
931 3834 1103 3891 nullis
1129 3834 1470 3907 argumentis
1497 3833 1822 3893 labefactari
1848 3835 2047 3907 potuit.
2068 3866 2137 3877 -—
2158 3841 2231 3905 c.)
2254 3840 2305 3893 A
2322 3835 2531 3909 mythis
2552 3852 2673 3893 om-

165 3920 296 3977 nium
313 3924 650 3995 populorum
673 3922 904 3979 historia
929 3932 986 3979 ct
1007 3922 1303 3995 religiones
1325 3922 1681 3993 inceperunt,
1702 3938 1834 3995 ergo
1863 3939 1931 3978 ex
1957 3924 2209 3997 analogia
2232 3921 2675 3981 concludendum

167 4015 264 4077 est,
291 4026 320 4065 a
345 4010 555 4085 mythis
582 4008 916 4067 ludaeorum
953 4018 1008 4065 et
1035 4010 1476 4067 Christianorum
1503 4010 1833 4083 religionem
1858 4010 2129 4068 inchoari.
2156 4016 2233 4067 At
2256 4011 2510 4085 analogia
2537 4010 2675 4067 haec

175 4108 498 4170 pernegatur.
529 4097 880 4155 Christianae
907 4098 1190 4171 religionis
1218 4098 1458 4171 origines
1484 4114 1600 4154 non
1625 4098 1683 4154 10
1712 4096 1976 4156 fabulosis
1992 4099 2335 4171 temporibus
2356 4106 2485 4153 sunt
2512 4112 2674 4169 quae-

170 4182 377 4255 rendae,
408 4185 613 4259 quibus
641 4185 851 4241 ethnici
878 4185 1119 4258 origines
1143 4201 1270 4243 suas
1295 4183 1647 4254 adscribunt;
1679 4202 1745 4243 eo
1768 4195 2041 4261 tempore,
2074 4202 2184 4259 quo
2210 4184 2485 4252 Dominus
2511 4200 2675 4256 appa-

171 4270 280 4340 ruit,
301 4273 500 4329 Iudaea
519 4274 638 4331 iam
655 4272 871 4329 dudum
899 4272 1093 4329 habuit
1121 4289 1249 4330 suos
1269 4272 1594 4345 scriptorcs3
1619 4273 1839 4330 Iudaeis
1854 4283 2042 4329 autem
2069 4289 2157 4329 res
2176 4289 2273 4329 sua
2292 4280 2475 4329 aetate
2497 4282 2679 4346 gestas

172 4361 497 4417 narrantibus
533 4378 647 4418 non
689 4362 876 4417 minor
915 4360 1054 4417 fides
1086 4361 1340 4431 debetur,
1378 4376 1546 4432 quam
1581 4362 1810 4419 Graecis
1837 4362 2213 4433 Romanisque
2252 4377 2342 4417 res
2376 4375 2505 4417 suas
2538 4361 2677 4417 scri-

169 4441 417 4506 bentibus.
456 4452 636 4506 Porro
665 4448 950 4506 Christtun
977 4446 1276 4519 discipulos
1304 4449 1623 4521 reliquisse,
1655 4466 1750 4521 qui
1776 4464 1865 4505 res
1888 4465 1919 4505 a
1942 4464 2001 4505 se
2028 4449 2171 4505 visas
2213 4448 2459 4505 ecclesiis
2500 4449 2677 4505 tradi-

165 4530 347 4599 derint.
393 4538 498 4609 ipsi
540 4536 846 4594 adversarii
891 4536 1232 4607 concedunt;
1276 4552 1413 4592 num
1449 4552 1642 4593 omnes
1681 4535 1811 4593 illac
1848 4536 2112 4593 ecclesiae
2149 4538 2239 4593 vix
2277 4536 2674 4610 quinquaginta

165 4630 242 4675 aut
276 4626 552 4697 sexaginta
600 4624 760 4681 annis
805 4632 930 4697 post
973 4624 1156 4681 ultimi
1195 4623 1450 4695 Apostoli
1493 4632 1734 4681 mortem
1782 4626 1893 4681 iam
1935 4641 2022 4683 res
2071 4635 2255 4700 gestas
2300 4625 2530 4683 Domini
2573 4624 2674 4681 sibi
