3050 5184
361 301 400 355 4
1413 303 1893 348 PROLEGOMENA.·

363 441 562 498 melius
585 441 868 510 refutaret,
893 442 952 496 in
977 441 1246 507 originem
1265 437 1535 493 librorum
1563 443 1821 492 accurate
1844 433 2149 506 inquisivit,
2179 433 2637 506 primigeniorum
2660 440 2924 490 textuum

362 530 648 586 historiam
679 529 972 602 diligenter
1001 526 1308 590 enarravit,
1341 525 1701 596 antiquarum
1724 523 2042 578 versionum
2070 522 2343 594 originem
2370 520 2719 593 investigavit
2748 530 2807 576 et
2830 522 2922 575 in-

369 618 558 673 dolem
600 616 916 688 descripsit,
971 615 1196 671 demum
1239 613 1539 685 praemissa
1583 611 1959 683 disputatione
2000 609 2070 666 de
2116 611 2531 682 scripturarum
2576 609 2925 666 obscuritate

361 707 684 778 praecipuos
705 707 1055 776 interpretes,
1081 717 1320 774 quorum
1339 716 1508 773 opera
1532 697 1907 771 intelligendis
1930 699 2233 769 scripturis
2256 698 2559 772 plurimum
2580 697 2919 760 inserviunt,

362 794 705 850 enumeravit
733 801 789 848 et
816 790 1159 848 diiudicavit.

430 883 586 938 Circa
615 881 762 938 idem
789 890 1036 950 tempus,
1070 894 1181 950 quo
1214 881 1285 934 R.
1317 878 1510 934 Simon
1540 877 1831 934 historiam
1870 879 2117 934 criticam
2154 876 2427 934 librorum
2468 890 2753 932 sacrorum
2784 891 2925 931 eon-

363 969 531 1038 didit,
560 969 652 1026 alii
683 970 896 1041 linguas
932 982 1118 1044 sacras
1145 965 1464 1038 diligentius
1494 975 1739 1022 tractare
1776 975 2107 1038 coeperunt,
2139 965 2431 1022 historiam
2466 975 2522 1020 et
2551 966 2918 1037 antiquitates

362 1058 551 1129 populi
573 1057 775 1113 iudaici
799 1056 1077 1112 sollertius
1104 1055 1526 1126 investigarunt,
1560 1063 1725 1126 atque
1754 1054 2147 1126 philologiam
2172 1069 2429 1121 sacram,
2458 1055 2786 1110 historiam
2814 1073 2917 1110 sa-

365 1162 558 1212 cram,
589 1145 1076 1216 archaeoloqiam
1119 1142 1442 1206 biblicam,
1475 1157 1615 1214 quas
1642 1143 1985 1214 antiquiores
2012 1141 2422 1198 introductores
2455 1144 2632 1216 magis
2660 1143 2918 1199 minusve

362 1249 490 1289 cum
518 1234 791 1290 librorum
815 1233 1062 1305 ipsorum
1089 1231 1323 1288 historia
1355 1231 1786 1299 coniunxerant,
1816 1230 1965 1286 velut
1994 1229 2307 1301 disciplinas
2338 1239 2619 1301 separatas
2650 1232 2915 1288 excolue-

369 1331 516 1377 runt.
555 1320 806 1377 Ulterius
845 1321 1125 1394 progressi
1159 1319 1323 1376 multi
1363 1319 1835 1390 interpretationis
1870 1334 2092 1391 quoque
2134 1327 2424 1390 praecepta
2441 1360 2456 1387 ‚
2502 1335 2642 1390 quae
2681 1322 2914 1376 Pati-um

373 1418 554 1466 aetate
581 1411 640 1466 in
667 1411 823 1466 libris
843 1408 1260 1465 introductoriis
1283 1407 1401 1464 sola
1429 1407 1679 1478 exposita
1704 1415 1880 1476 erant,
1912 1415 2199 1478 tamquam
2222 1406 2570 1478 disciplinam
2598 1417 2909 1479 separatam

273 1485 279 1491 ’
367 1499 470 1554 sub
504 1499 668 1555 titulo
707 1499 1199 1555 Hermeneuticae
1232 1512 1448 1553 sacrae
1482 1494 1832 1552 tradiderunt
1870 1503 2037 1566 atque
2076 1495 2479 1551 introductioni
2518 1497 2693 1552 solam
2731 1496 2907 1552 histo-

359 1588 500 1643 riam
528 1587 786 1659 originiS,
818 1586 1280 1656 conservationis,
1312 1584 1727 1657 propagationis
1753 1584 2027 1640 librorum
2059 1598 2348 1640 sacrorum
2376 1585 2738 1655 reliquerunt.

437 1759 497 1816 3.
528 1789 609 1800 —
645 1757 822 1817 Licet
853 1755 936 1817 de
968 1755 1460 1816 Introductionis
1500 1755 1745 1814 ambitu
1772 1771 1898 1812 non
1928 1771 2049 1814 una
2086 1754 2167 1814 sit
2200 1754 2494 1815 omnium
2524 1755 2835 1814 sententia
2859 1755 2909 1826 ⁵,

361 1859 532 1914 recte
573 1859 814 1924 tamen,
857 1854 911 1913 si
945 1853 1024 1912 ad
1064 1853 1254 1912 huius
1286 1850 1659 1928 disciplinae
1694 1850 2027 1910 historiam
2058 1854 2121 1910 et
2160 1850 2351 1910 finem
2380 1851 2740 1922 attenditur,
2772 1852 2913 1912 eius

368 1955 814 2028 argumentum
851 1950 1179 2028 proprium
1214 1949 1613 2026 quaestiones
1641 1964 1777 2006 esse
1812 1947 2109 2008 dicuntur
2142 1947 2220 2006 de
2249 1947 2556 2009 librorum
2586 1966 2911 2008 sacrorum

361 2049 632 2126 origine,
684 2047 1187 2118 conservatione,
1245 2045 1727 2124 propagatione,
1782 2043 2327 2121 interpretatione,
2383 2050 2453 2105 ut
2502 2046 2618 2105 hac
2664 2046 2912 2107 ratione

363 2145 641 2223 legentes
684 2144 1086 2215 edoceantur,
1133 2143 1453 2220 quodnam
1501 2140 1585 2200 sit
1632 2141 2025 2218 singulorum
2071 2141 2383 2201 librorum
2426 2146 2905 2219 argumentum.

363 2258 667 2319 quaenam
695 2257 910 2300 eorum
938 2239 1184 2299 indoles
1201 2283 1216 2310 ‚
1243 2256 1403 2316 quae
1427 2237 1668 2316 puritas
1698 2242 1905 2298 textus
1928 2253 2166 2312 eorum,
2196 2255 2354 2316 quae
2378 2237 2657 2316 genuina
2683 2255 2911 2299 eorum

361 2337 972 2416 interpretandorum
1011 2337 1193 2396 ratio,

429 2517 510 2572 Ex
537 2512 973 2569 Introductionis
1004 2512 1217 2586 origine
1251 2520 1308 2568 et
1334 2511 1567 2568 historia
1600 2513 1735 2567 satis
1773 2511 1984 2581 elucet,
2014 2510 2293 2582 duplicem
2320 2510 2497 2583 finem
2536 2513 2589 2568 ei
2614 2528 2736 2569 esse
2764 2516 2907 2570 assi-

359 2611 620 2675 gnatum3
652 2616 980 2673 praeparare
1015 2601 1166 2656 enim
1201 2601 1427 2656 iuvenes
1456 2598 1529 2656 ad
1566 2601 1981 2672 scripturarum
2012 2600 2435 2671 explicationem
2470 2617 2771 2672 earumque
2800 2619 2907 2658 au-

357 2690 674 2746 ctoritatem
711 2689 781 2746 ab
811 2688 1231 2745 incredulorum
1267 2687 1677 2745 obiectionibus
1715 2687 1995 2744 vindicare
2028 2688 2323 2743 voluerunt
2349 2687 2533 2744 sixtus
2560 2690 2688 2744 Sen.
2726 2698 2783 2744 et
2808 2693 2905 2745 Ri-

357 2861 498 2909 teurs
523 2859 592 2908 du
629 2861 691 2909 N.
720 2861 775 2908 T.
807 2858 951 2908 Paris
983 2861 1118 2908 1693.
1153 2859 1292 2914 Quae
1321 2857 1492 2906 omnia
1527 2870 1627 2905 una
1659 2870 1776 2906 eum
1817 2869 1993 2906 eorum
2024 2855 2407 2906 defensionibus
2442 2856 2657 2907 collecta
2693 2860 2814 2906 sunt
2845 2857 2899 2907 in

309 2966 318 2975 -
355 2937 576 2989 editione
603 2938 874 2989 Roterdam
911 2941 1200 2988 1685-1699.
1233 2943 1262 2985 5
1285 2935 1405 2986 voll.

415 3019 482 3081 (5)
511 3018 766 3068 Moderni
786 3016 1188 3068 introductores
1209 3016 1472 3067 catholici
1495 3015 1639 3064 vario
1666 3016 1821 3065 modo
1841 3015 2093 3064 ambitum
2120 3014 2522 3064 introductionis
2548 3015 2813 3066 definiunt.

414 3097 698 3149 Historicas
723 3099 774 3146 et
800 3095 1201 3157 archaeologicas
1221 3095 1543 3158 quaestiones
1565 3094 2103 3158 interpretationisque
2131 3095 2330 3157 regulas
2354 3109 2468 3145 cum
2500 3095 2713 3148 historia
2743 3095 2899 3148 libro·

355 3194 469 3231 rum
495 3177 809 3238 coniungunt
835 3176 880 3224 Ι.
909 3177 971 3223 H.
997 3175 1250 3223 Ian-§sens
1279 3173 1693 3238 (Hermeneutica
1720 3187 1879 3224 sacra.
1915 3174 2091 3224 Leodii
2134 3179 2277 3237 1818,
2318 3179 2370 3226 et
2396 3177 2728 3242 saepissime),
2763 3179 2807 3228 1.
2836 3182 2897 3229 Β.

355 3260 544 3310 Glaire
571 3252 943 3319 (Introduction
971 3257 1066 3302 etc.
1089 3253 1233 3302 Paris
1261 3257 1396 3304 1843.
1417 3255 1572 3318 sqq.)‚
1598 3257 1643 3304 1.
1670 3255 1854 3304 Dixon
1876 3253 1935 3312 (Α
1956 3253 2181 3316 general)
2210 3255 2562 3306 Introduction
2585 3261 2682 3316 etc,
2706 3257 2902 3308 Dublin

355 3337 532 3396 1852.),
564 3339 619 3387 U.
650 3333 848 3386 Ubazdi
875 3331 1229 3396 (introductio.
1262 3335 1449 3382 Romae
1481 3333 1659 3398 1877.).

413 3413 851 3478 interpretationis
888 3412 1089 3475 regulas
1127 3425 1243 3461 cum
1280 3413 1496 3463 historia
1534 3412 1782 3464 librorum
1815 3414 2125 3477 coniungunt
2174 3415 2225 3465 T.
2264 3418 2306 3465 1.
2342 3419 2509 3478 Lamy
2542 3416 2899 3480 (introductio.

351 3497 650 3546 mechliniae
681 3497 815 3545 1866.
847 3494 998 3556 ειη),
1029 3494 1084 3542 F.
1119 3493 1424 3554 Viqouroux
1450 3496 1502 3542 et
1526 3497 1582 3544 L.
1615 3496 1826 3544 Bacuez
1852 3494 2077 3558 (Manuel
2105 3493 2345 3558 biblique.
2376 3497 2521 3546 Paris
2556 3497 2831 3560 1878-80.).

411 3577 676 3626 Librorum
713 3573 980 3624 historiam
1017 3571 1258 3622 historiae
1295 3585 1469 3623 sacrae
1494 3573 1829 3623 inseruerunt
1866 3577 1931 3624 D.
1968 3574 2253 3636 Haneberq
2286 3573 2609 3638 (Gescbichte
2638 3576 2730 3626 der
2765 3577 2897 3628 bibl.

351 3656 714 3718 Offenbarung.
745 3653 840 3705 Ed.
870 3657 917 3702 4.
948 3652 1270 3716 Regensburg
1305 3653 1478 3716 1876.),
1510 3654 1553 3703 Ι.
1587 3653 1775 3704 Danko
1801 3652 2043 3716 (Historia
2072 3653 2399 3705 revelationis
2422 3659 2483 3706 V.
2514 3659 2566 3705 et
2590 3657 2651 3706 N.
2682 3657 2738 3708 Τ.
2764 3658 2903 3708 Vin-

351 3737 577 3787 dobonae
608 3738 938 3798 1862-1867.),
965 3737 1034 3785 Η.
1063 3732 1331 3784 ΖεσῙιοΙεῙιε
1356 3732 1601 3796 (Historia
1622 3747 1765 3784 sacra
1794 3735 1852 3783 V.
1876 3733 1931 3782 Τ.
1956 3734 2051 3784 Ed.
2083 3739 2128 3784 3.
2166 3733 2499 3784 Vindobonae
2527 3737 2705 3792 1888.).
2834 3783 2847 3794 ,

407 3816 576 3868 Solam
608 3815 852 3866 librorum
890 3815 1158 3865 historiam
1193 3815 1295 3864 sere
1333 3816 1561 3863 tractant
1600 3814 1654 3863 in
1694 3812 1799 3863 suls
1836 3812 2309 3864 introductionibus
2340 3816 2393 3864 in
2432 3819 2721 3879 Utrumque
2756 3820 2898 3869 Test.

351 3901 422 3948 Μ.
465 3901 522 3947 Α.
565 3896 752 3946 Schola
787 3894 1112 3958 (Einleitung.
1153 3893 1305 3945 Goeln
1353 3899 1488 3946 1845.
1542 3894 1696 3958 sqq.).
1739 3895 1830 3944 Fr.
1874 3895 2087 3944 Kaulen
2126 3894 2281 3956 (Einl.
2330 3895 2575 3958 Freiburg
2624 3899 2756 3946 1876.
2808 3899 2899 3947 Ed.

349 3984 395 4026 3.
429 3977 604 4038 1890),
639 3976 690 4024 in
727 3974 1194 4025 Introductionibus
1221 3975 1274 4024 in
1311 3975 1472 4025 Vetus
1500 3976 1637 4024 Test.
1668 3977 1713 4024 1.
1744 3978 1802 4025 G.
1850 3973 2038 4022 Herbst
2070 3977 2124 4023 et
2159 3975 2217 4022 B.
2260 3975 2425 4024 Welte
2456 3975 2714 4038 (Freiburg
2745 3981 2904 4026 1840-

349 4058 463 4120 44.)‚
491 4060 551 4106 F.
577 4057 616 4105 Ι.
645 4054 852 4105 Rcusch
877 4053 1140 4118 (Freiburg
1164 4059 1296 4106 1859.
1329 4053 1424 4104 Ed.
1455 4059 1503 4103 ⁴.
1532 4054 1704 4114 1870.),
1750 4054 1825 4100 W.
1852 4051 2055 4102 Schenz
2084 4051 2423 4116 (Regensburg
2452 4056 2626 4118 1887.),
2650 4055 2703 4104 in
2730 4057 2905 4105 intro-

351 4134 675 4186 ductionibus
713 4134 765 4182 in
790 4136 988 4184 Novum
1015 4137 1148 4185 Test.
1183 4139 1223 4184 1.
1241 4138 1298 4184 L.
1328 4137 1450 4197 Huy
1483 4133 1597 4197 (Ed.
1640 4137 1687 4182 4.
1729 4135 1985 4192 Stuttgart
2016 4133 2193 4193 1842),
2238 4135 2297 4183 F.
2321 4137 2387 4185 X.
2422 4133 2740 4197 Reithmayr
2776 4137 2903 4198 (Re-

349 4215 597 4277 gensburg
635 4215 808 4272 1852),
841 4219 908 4265 H.
945 4214 1012 4264 de
1051 4215 1310 4274 Valroqer
1342 4213 1504 4275 (Paris
1537 4211 1711 4272 1861.),
1749 4215 1809 4262 Α.
1844 4213 2025 4261 Maier
2056 4211 2323 4275 (Freiburg
2360 4215 2539 4276 1852.),
2573 4217 2625 4263 Α.
2656 4211 2907 4268 Mesmcr'

351 4296 652 4358 (Oeniponte
687 4297 869 4357 1858),
898 4295 938 4342 1.
968 4297 1182 4356 Lanqen
1213 4291 1475 4356 (Freiburg
1515 4291 1696 4354 1868.),
1730 4295 1796 4342 Μ.
1826 4293 2021 4342 Aberle
2046 4291 2312 4354 (Freiburg
2342 4295 2517 4355 1877.).

409 4373 552 4424 Soles
573 4373 1006 4436 interpretationis
1035 4373 1228 4435 regulas
1251 4373 1465 4421 tradunt
1497 4373 1556 4420 T.
1586 4371 1859 4420 Ranolder
1890 4371 2148 4434 (Hermen.
2183 4371 2393 4422 biblicae
2420 4373 2688 4436 principia.
2724 4375 2913 4427 Budae

355 4459 488 4504 1838.
516 4453 610 4502 Ed.
651 4460 696 4502 2.
733 4455 884 4515 1859),
917 4454 969 4502 F.
995 4456 1057 4503 Χ.
1085 4453 1311 4503 Patr-itii
1341 4454 1392 4502 S.
1413 4453 1450 4499 1.
1484 4453 1577 4513 (De
1604 4451 1868 4513 interpret.
1906 4449 2184 4501 Bibliorum
2223 4452 2494 4503 institutio.
2524 4455 2711 4502 Rornae
2744 4458 2890 4505 1845.

349 4532 442 4582 Ed.
469 4539 514 4580 2.
551 4532 710 4594 1876),
731 4535 773 4581 Ι.
800 4531 1135 4592 Kalama-uber
1162 4531 1570 4592 (Hermcneutica
1598 4529 1720 4580 bibl.
1752 4544 1919 4594 gener.
1952 4532 2183 4582 Viennae
2214 4532 2371 4594 1850),
2400 4537 2542 4586 F-X-
2572 4532 2901 4594 Reicmnayr

356 4609 558 4673 (Lehrb.
591 4611 647 4675 d.¹
673 4611 794 4660 bibl.
823 4611 1204 4662 Hermeneutik.
1237 4612 1483 4672 Kempten
1515 4611 1675 4672 1874.)
1706 4614 1801 4660 etc.

421 4689 604 4741 Eadem
630 4689 843 4740 varietas
873 4690 924 4738 in
955 4689 1332 4750 protestanticis
1359 4687 1823 4740 introductionibus
1854 4692 2121 4752 reperitur.
