3050 5184
659 338 732 382 m:
774 338 1182 385 maureceni
1226 340 1589 387 Aneunauro
1633 342 1707 385 Ετ
1747 339 2123 385 marmana.
2540 323 2655 383 185

161 465 246 523 nis
287 467 534 542 quintus
574 458 982 532 Pentateuchi
1019 471 1181 533 liber
1223 476 1498 544 vocatur,
1542 473 1689 549 quia
1731 496 1761 525 «
1798 472 2206 532 summariam
2245 471 2523 548 aliquam
2560 486 2655 530 re-

163 561 504 636 petitionem
535 566 814 626 continet
841 584 1058 627 eorum
1076 613 1090 639 ‚
1124 584 1284 645 quae
1313 568 1380 628 in
1403 569 1721 647 prioribus
1750 568 1930 628 libris
1960 568 2089 627 sive
2116 574 2292 645 gesta
2322 568 2453 625 sive
2483 582 2649 644 prae-

157 664 320 732 cepta
365 660 715 722 referuntur
745 684 776 717 »
826 660 1226 742 (Theodorei.)
1273 665 1573 742 legesque
1619 665 1746 724 iam
1792 663 2215 741 promulgatas
2258 661 2547 741 explanat
2591 667 2651 721 et

159 753 418 814 inculcat.
453 759 736 834 Namque
765 760 818 818 si
850 759 1075 819 ultima
1103 761 1308 838 capit-a
1338 758 1637 839 (31.-35.)
1656 806 1671 832 ,
1703 777 1863 838 quae
1892 759 2119 820 saltem
2150 778 2225 820 ex
2255 764 2429 836 parte
2458 759 2535 819 ab
2566 757 2652 817 al-

159 855 273 907 tero
300 852 598 929 scriptore
631 855 807 930 operi
840 856 1175 917 terminato
1201 861 1349 916 sunt
1374 856 1620 929 addita,
1654 861 2059 933 seponuntur,
2093 855 2653 916 Deuteronomium

159 944 334 1004 tribus
377 949 786 1010 concionibus
825 951 926 1011 die
968 955 1024 1012 1.
1059 970 1143 1011 m.
1181 954 1276 1011 12.
1310 969 1366 1012 a.
1400 954 1497 1012 40.
1534 970 1571 1012 a
1602 954 1813 1031 Moyse
1852 951 2087 1012 habitis
2119 956 2391 1021 constat,
2426 950 2655 1027 quibus

159 1039 438 1103 beneficia
465 1062 502 1105 a
530 1048 659 1105 Deo
688 1047 918 1124 partim
947 1048 1074 1109 iam
1105 1052 1361 1126 accepta
1390 1049 1617 1127 partim
1648 1050 1959 1125 promissa
1984 1048 2156 1108 velut
2184 1050 2553 1124 argumenta
2580 1044 2658 1104 ad

157 1134 354 1214 Legem
384 1142 890 1219 amplectendam
920 1149 1358 1222 proponuntur
1387 1148 1452 1203 et
1479 1146 1604 1204 Lex
1634 1145 1800 1222 ipsa,
1835 1144 2046 1223 paucis
2087 1144 2267 1203 novis
2307 1142 2659 1221 praeceptis

156 1230 390 1307 additis,
431 1238 830 1315 paraenetica
872 1240 1071 1300 forma
1111 1240 1444 1319 repetitur.
1488 1239 1824 1301 Summum
1872 1240 2019 1301 libri
2070 1244 2511 1317 argumentum
2558 1237 2661 1297 hic

155 1336 506 1408 conspectus
537 1333 790 1393 exbibet
821 1351 835 1393 :

207 1424 532 1484 Exonnmu
558 1432 750 1496 (1,1-5)
779 1429 1108 1485 concionum
1137 1439 1557 1503 argumentum,
1590 1439 1837 1501 tempus,
1866 1430 2052 1487 locum
2074 1428 2285 1485 definit.

207 1510 424 1571 eonem
452 1530 652 1571 Pnnu
681 1520 966 1586 (1,6-4‚40)
995 1519 1358 1575 enumeratis
1394 1518 1624 1573 divinis
1665 1515 1951 1588 beneficiis
1988 1516 2075 1572 ad
2101 1520 2308 1589 Leqem
2344 1516 2658 1571 observan-

155 1596 270 1652 dam
295 1602 608 1657 auditores
636 1602 998 1659 exhortatur.

211 1692 251 1741 1.
278 1690 592 1761 praecipuis
611 1692 1066 1761 peregrinationis
1088 1692 1378 1749 eventibus
1404 1692 1645 1751 narratis
1664 1694 1881 1765 Moyses
1904 1690 2295 1763 benignitatem
2318 1699 2373 1747 et
2394 1689 2659 1745 iustitiam

333 1774 582 1832 dlvinam
605 1778 950 1835 demonstrat
974 1781 1279 1850 (1,6-3‚29),

206 1866 253 1914 2.
281 1871 340 1917 ut
363 1863 496 1919 inde
521 1864 778 1931 deducat,
809 1864 1004 1922 foedus
1031 1882 1159 1922 cum
1187 1869 1306 1921 Deo
1334 1867 1537 1923 initum
1564 1881 1683 1923 esse
1711 1864 2114 1922 observandum
2146 1870 2389 1934 (4‚1-40).

209 1948 507 2007 interiectis
535 1952 726 2023 paucis
748 1953 994 2009 versibus
1022 1953 1092 2008 de
1120 1954 1352 2010 urbibus
1378 1954 1578 2027 refugii
1604 1953 1886 2026 (4,4ι-49),

207 2036 421 2095 Coucro
461 2054 702 2097 Amana
735 2044 1066 2109 (5‚1-26‚19)
1106 2047 1290 2096 totam
1333 2040 1595 2114 foederis
1633 2042 2031 2097 oeconomiam
2068 2040 2306 2096 duabus
2344 2038 2657 2111 partibus,

157 2136 256 2177 nna
280 2126 570 2195 penei-ali,
597 2127 800 2185 altera
825 2128 1093 2199 speciali,
1123 2128 1315 2184 denuo
1341 2132 1639 2201 proponit.
1952 2168 1963 2181 .

211 2217 251 2264 1.
274 2214 338 2267 In
362 2212 630 2285 qenerali
665 2222 838 2287 parte
875 2220 1191 2284 (5,1-11,32)
1228 2216 1463 2287 repetito
1499 2214 1762 2288 decalogo
1801 2215 2209 2287 rationibusque
2245 2213 2527 2278 indicatiS,
2560 2227 2657 2267 cur

401 2302 560 2356 Deus
587 2317 686 2371 per
711 2304 938 2374 Moysen
966 2304 1170 2375 Legem
1202 2304 1631 2375 promulgaverit
1654 2308 1916 2370 (5‚1-38),
1947 2302 2185 2373 primum
2211 2300 2537 2357 mandatum
2563 2315 2663 2354 ex-

403 2388 648 2459 plicatur
681 2398 846 2460 atque
873 2391 1054 2445 omnis
1086 2391 1322 2446 societas
1355 2406 1483 2445 cum
1519 2390 1777 2461 gentibus
1810 2390 2137 2463 prohibetur
2170 2392 2476 2457 (6‚1-7,26).
2509 2388 2664 2458 Quae

399 2486 464 2531 ut
489 2474 822 2545 profundius
850 2478 1112 2545 inculcet,
1143 2480 1364 2550 Moyses
1391 2477 1597 2549 gratias
1626 2486 1681 2532 et
1709 2492 1917 2548 poenas
1952 2476 2167 2531 divinas
2197 2476 2397 2531 iterum
2426 2476 2484 2531 in
2511 2490 2661 2530 men·

403 2572 520 2617 tem
541 2572 782 2633 revocat,
805 2564 1062 2621 victorias
1087 2564 1156 2620 de
1179 2564 1532 2621 chanaanitis
1554 2564 1916 2636 reportandas
1940 2564 2231 2635 promittit,
2255 2566 2458 2635 Legem
2480 2562 2662 2619 obser-

403 2650 664 2705 vantibus
701 2651 946 2707 divinam
975 2651 1450 2722 benedictionem,
1485 2667 1612 2707 eam
1642 2652 2173 2725 transgredientibus
2214 2650 2663 2706 maledictionem

405 2738 728 2809 promulgat
759 2742 1108 2809 (8,1-11,32).

213 2824 258 2874 2.
283 2824 347 2877 In
367 2830 548 2895 parte
588 2825 832 2897 speciali
861 2827 1153 2898 praecipua
1195 2828 1378 2884 officia
1417 2828 1625 2899 populo
1665 2826 1904 2882 inculcat
1942 2829 2297 2895 (12,1-26‚19)
2332 2846 2345 2879 :
2378 2825 2550 2880 relate
2592 2823 2660 2879 ad

403 2914 612 2979 Deum,
643 2914 733 2968 cui
752 2913 970 2969 debitus
995 2916 1176 2970 cultus
1203 2915 1545 2973 exhibendus
1572 2918 1855 2982 (12‚1·32),
1879 2929 1909 2969 a
1936 2930 2045 2985 quo
2071 2928 2375 2984 numquam
2404 2920 2488 2966 est
2511 2926 2661 2967 rece-

407 2998 656 3055 dendum
707 3002 992 3069 (itm—18),
1021 3002 1178 3057 cuius
1212 3012 1504 3073 praecepta
1541 3001 1612 3057 de
1646 3001 1899 3057 ciborum
1935 3000 2289 3056 distinctione
2326 2997 2665 3054 observanda

409 3088 808 3158 (ua-1523),
839 3104 1029 3143 coram
1060 3104 1168 3160 quo
1197 3090 1302 3145 tria
1345 3090 1478 3146 festa
1511 3090 1805 3161 quotannis
1845 3087 2175 3144 celebranda
2215 3095 2342 3142 sunt
2370 3090 2661 3155 (16‚1-17);

402 3204 476 3215 -—
505 3174 681 3229 relate
703 3175 773 3230 ad
799 3176 1048 3246 publicos
1068 3176 1167 3231 Dei
1181 3177 1430 3245 vicarios,
1447 3178 1486 3232 i.
1510 3193 1560 3233 e.
1586 3177 1647 3231 in
1663 3176 1773 3231 vita
1790 3176 1938 3231 civili
1954 3178 2023 3230 ad
2048 3174 2255 3230 iudices
2276 3178 2664 3241 (16,18-17,13)

407 3271 463 3317 et
493 3261 709 3318 futuros
751 3278 908 3335 reges
951 3268 1288 3333 (mu-20),
1338 3265 1396 3319 in
1425 3264 1537 3319 vita
1580 3264 1835 3335 religiosa
1878 3262 1949 3318 ad
1990 3261 2305 3319 sacerdotes
2342 3266 2568 3330 (18‚1-8)
2611 3270 2667 3316 et

407 3348 714 3420 prophetas
769 3354 1062 3420 (18‚9-22);
1100 3381 1174 3392 -—
1217 3354 1389 3407 relate
1439 3350 1510 3406 ad
1570 3353 1945 3422 proximorum
1996 3351 2167 3405 vitam
2215 3353 2569 3419 (19‚1-21‚23)
2612 3357 2669 3404 et

409 3435 555 3491 bona
591 3446 816 3493 externa
855 3447 1022 3509 atque
1061 3438 1132 3493 ad
1159 3439 1456 3494 relationes
1484 3439 1667 3493 virum
1701 3439 1847 3494 inter
1874 3448 1929 3493 et
1955 3438 2248 3493 mulierem
2278 3441 2565 3505 (22,1-30).
2597 3468 2668 3477 —

411 3523 627 3592 Quibus
655 3526 805 3579 varia
835 3534 1126 3597 praccepta
1157 3525 1226 3581 de
1258 3526 1549 3581 sanctitate
1580 3534 1636 3581 et
1666 3525 1934 3582 munditie
1961 3525 2153 3597 populi
2180 3523 2461 3581 adduntur
2490 3530 2667 3593 (23,1-

408 3617 614 3689 aeae).
1435 3638 1442 3645 ·

219 3694 430 3754 Couc1o
458 3713 690 3755 'rann
730 3699 1095 3773 (27‚1-30‚20)
1133 3704 1348 3757 itmm
1377 3702 1575 3757 variis
1601 3703 1967 3772 arqumentis
2003 3700 2092 3756 ad
2126 3706 2325 3775 Leqem
2351 3702 2667 3757 observan-

167 3776 282 3833 dam
307 3784 668 3841 exhortatur.

227 3874 264 3920 1.
302 3869 586 3929 Iordanem
626 3876 956 3946 transgressi
995 3876 1202 3947 Legem
1245 3874 1520 3947 lapidibus
1558 3874 1857 3932 inscribere
1896 3874 2158 3931 iubentur
2198 3883 2365 3946 atque
2403 3873 2668 3930 benedic-

343 3959 518 4016 tiones
553 3957 1082 4033 maledictionesque
1125 3963 1476 4035 promulgare
1492 4006 1506 4031 ,
1548 3978 1691 4034 quae
1732 3978 1861 4017 cum
1898 3961 2213 4019 divinorum
2249 3970 2671 4033 praeceptorum

345 4044 729 4104 observatione
756 4050 843 4105 vel
870 4050 1162 4105 violatione
1191 4051 1517 4105 coniunctae
1544 4059 1675 4105 sunt
1703 4054 1995 4119 (ma-26),

225 4134 270 4184 2.
293 4130 414 4189 hinc
439 4136 750 4192 accuratius
778 4147 1130 4208 exponuntur
1165 4136 1308 4193 bona
1339 4146 1394 4193 et
1421 4138 1599 4205 mala,
1633 4153 1775 4208 quae
1797 4152 1831 4192 a
1858 4138 2006 4210 Lege
2033 4136 2348 4209 dependent
2382 4138 2669 4206 msa-68),

228 4220 271 4269 3.
298 4226 452 4292 atque
480 4222 726 4279 bonitate
747 4222 932 4281 divina
967 4224 1240 4281 celebrata
1271 4240 1462 4281 omues
1490 4222 1565 4281 ad
1591 4223 1916 4280 fidelitatem
1944 4240 2075 4297 erga
2097 4226 2278 4280 Deum
2302 4232 2672 4295 provocantur

343 4312 726 4381 (29,1·30,20).

177 4468 284 4521 832}
306 4472 364 4523 ab
392 4474 741 4527 Alexandrinis
779 4476 986 4541 quidem
1027 4480 1080 4527 et
1123 4480 1173 4527 S.
1203 4478 1508 4541 Hieronymo
1548 4478 1681 4527 verti
1714 4477 2225 4535 Deuteronomium,
2264 4490 2295 4526 a
2336 4475 2501 4525 chald.
2532 4489 2675 4541 para-

178 4544 346 4635 beaste
382 4558 543 4607 autem
580 4560 634 4607 et
674 4570 706 4606 a
743 4558 871 4621 Syro
912 4558 1101 4607 rectius
1141 4556 1380 4619 explicari
1431 4557 1671 4608 alterum
1710 4558 1859 4619 Leyis
1895 4556 2209 4617 exemplam
2241 4556 2425 4605 etenim
2463 4554 2527 4605 de
2566 4554 2675 4605 eolo

179 4630 328 4685 quinto
353 4632 676 4685 Pentateuchi
706 4634 836 4687 libro
863 4634 969 4685 illis
997 4636 1050 4685 in
1072 4635 1197 4685 locis
1215 4649 1320 4685 nou
1347 4634 1530 4697 agitur.
