3050 5184
447 287 526 344 34
605 303 879 349 HISTORIA
909 303 1158 349 CANOMS
1195 302 1533 355 U‘rmusQUE
1570 302 1963 348 TESTAMENTI.
1992 318 2075 333 -·-
2102 301 2231 345 CAP.
2268 301 2333 343 11.
2370 297 2503 343 CAN.
2536 293 2785 339 vmssms
2810 290 3025 371 “1‘138‘12

527 428 718 485 Card.
748 433 914 499 Huqo
942 434 1002 496 (†
1033 434 1214 495 1260.)
1243 430 1408 485 variis
1441 430 1498 485 in
1535 429 1671 485 loeis
1708 444 1869 486 suam
1910 429 2241 486 sententiam
2269 430 2545 491 enuntiat.
2586 427 2685 485 sed
2720 427 2915 483 simul
2980 444 3025 483 ss

457 517 512 573 S.
544 517 869 590 Hieronymi
903 519 1232 575 sententiam
1259 533 1372 573 non
1411 517 1559 573 clare
1592 518 1932 589 perspexisse
1960 516 2227 585 ostendit,
2271 518 2401 588 quia
2429 516 2565 590 quid
2594 524 2740 573 esset
2768 532 3025 589 apocry

452 601 595 670 phus
614 600 755 658 liber
780 603 1058 675 ignoravit
1083 600 1216 669 (Cir.
1247 602 1398 658 Prol.
1423 602 1484 658 in
1513 604 1649 672 los.;
1682 602 1738 659 in
1762 602 1965 672 Eccli.;
1996 604 2055 659 in
2088 602 2273 659 Iudith
2312 607 2462 668 ete.).
2504 601 2718 656 Clarius
2744 600 3013 668 loquitu

451 688 578 744 Nic.
623 692 901 760 Lyranus
929 692 991 760 (†
1019 693 1220 757 1341.),
1261 710 1287 741 α
1327 690 1452 746 illos
1489 690 1691 760 libros,
1732 690 1829 762 qui
1857 688 2164 747 secundum
2196 690 2599 762 Hieronymum
2634 702 2752 742 non
2792 684 2929 741 sint
2966 684 3025 737 d·

451 791 691 845 canone,
717 785 972 849 receptos
1003 793 1122 833 esse
1155 776 1224 833 ab
1247 777 1519 846 Ecclesia,
1555 786 1617 833 ut
1647 776 1705 834 in
1732 777 1797 834 iis
1826 776 1897 833 ad
1926 792 2147 833 morum
2178 776 2629 833 informationem
2658 774 2929 846 legatur,
2972 770 3021 825 li

452 871 539 917 cet
564 879 758 919 eorum
785 864 1086 921 auctoritas
1109 864 1182 921 ad
1207 865 1557 936 probandum
1586 881 1671 933 ea,
1702 866 1922 937 quaein
1950 864 2359 921 contentionem
2383 864 2625 931 veniant,
2657 861 2853 917 minus
2890 860 3024 915 ido·

452 964 555 1005 nea
585 950 836 1007 videatur
862 972 889 1004 υ
935 952 1138 1019 (Praei.
1167 952 1226 1007 in
1267 953 1308 1008 l.
1340 952 1513 1020 Tob.;
1541 953 1600 1008 in
1628 952 1669 1009 1.
1707 952 1909 1009 Esther
1936 956 2098 1020 etc.);
2138 960 2387 1008 ceterum
2427 958 2645 1022 praeter
2687 947 3025 1021 fragment

451 1036 650 1092 Esther
678 1054 870 1094 omnes
891 1038 1062 1095 libros
1089 1038 1619 1095 deuterocanonicos
1644 1038 1843 1095 eadem
1872 1054 2001 1095 cum
2023 1038 2331 1111 diligentia,
2362 1054 2472 1109 qua
2502 1038 3011 1108 protoeanonicos

451 1123 840 1195 interpretatus
864 1135 975 1196 est,
1003 1136 1170 1199 atque
1197 1124 1344 1183 idem
1375 1126 1565 1183 θανά.
1598 1131 1771 1199 Huyo
1802 1125 1949 1183 l'ecit.
1975 1128 2033 1183 S.
2060 1128 2369 1183 ‚Antonino
2397 1127 2462 1196 (†
2492 1128 2673 1192 1459.)
2698 1123 2842 1180 libri
2872 1123 3025 1177 deu-

453 1214 821 1268 terocanoniei
859 1232 882 1265 «
915 1213 1058 1270 forte
1085 1214 1256 1271 talem
1299 1214 1505 1270 habent
1551 1215 1934 1271 auctoritatem
1952 1257 1966 1284 ,
1998 1214 2218 1285 qualem
2256 1212 2463 1269 habent
2496 1211 2643 1269 dicta
2672 1220 3024 1268 sanctor-un

453 1298 740 1355 doctorum
769 1301 1076 1372 approbata
1111 1301 1182 1357 ab
1211 1303 1452 1358 Ecclesia
1495 1322 1521 1353 ν
1558 1304 1805 1369 (Summa
1842 1303 2014 1389 theol.
2047 1303 2154 1359 111.
2190 1302 2357 1373 18,6),
2388 1299 2486 1357 sed
2520 1300 2620 1357 sibi
2649 1300 2707 1355 in
2742 1299 3025 1355 doctrina

454 1402 552 1443 sua
579 1402 694 1442 non
733 1396 970 1445 constat.
1011 1392 1196 1461 Atque
1245 1394 1520 1446 Testatus
1560 1390 1623 1460 (†
1671 1394 1851 1459 1455.)
1892 1404 2112 1461 quoque
2152 1390 2315 1445 variis
2340 1390 2397 1443 in
2438 1388 2573 1444 locis
2608 1387 2913 1444 contraria
2966 1386 3025 1441 dn

455 1490 650 1531 eorum
675 1478 1004 1533 auctoritate
1031 1487 1087 1533 et
1110 1476 1376 1549 dignitate
1403 1477 1593 1546 tradit,
1626 1477 1907 1534 interdum
1937 1493 2104 1534 omne
2136 1476 2430 1533 discrimen
2460 1477 2605 1532 inter
2631 1476 2807 1547 primi
2839 1484 2907 1531 et
2938 1490 3025 1529 se·

454 1562 621 1619 cundi
666 1566 894 1621 canonis
941 1564 1111 1620 libros
1149 1580 1385 1637 negans,
1436 1565 1721 1621 interdum
1762 1565 2034 1637 prioribus
2078 1564 2411 1637 posteriores
2450 1565 2616 1635 longe
2660 1572 3025 1635 postponen:

455 1651 571 1717 (Csr
595 1652 808 1708 Comm.
831 1653 890 1707 in
918 1653 974 1708 ll.
1002 1655 1141 1725 Reg.
1177 1654 1244 1708 In
1283 1654 1434 1709 Prol.
1479 1654 1588 1725 gal.
1640 1669 1734 1723 qu.
1768 1659 1855 1709 28.
1896 1658 2021 1721 29.;
2054 1656 2121 1708 In
2161 1650 2337 1724 praef.
2389 1650 2623 1723 primam
2648 1654 2706 1707 S.
2738 1653 2925 1707 Hier.
2976 1652 3025 1705 ir

455 1740 637 1795 Paral.
671 1756 765 1811 qu.
795 1746 882 1807 7.;
914 1742 980 1795 In
1014 1740 1166 1795 Prol.
1196 1740 1255 1795 in
1292 1742 1503 1812 Evang.
1538 1756 1633 1812 qu.
1666 1742 1735 1811 2).
1763 1739 2015 1796 Tandem
2042 1740 2229 1795 card.
2268 1742 2593 1796 caietanus
2624 1747 2829 1795 eontra
2864 1741 3025 1795 Con·

456 1827 577 1881 eilia
616 1826 800 1882 omnia
831 1836 888 1883 et
933 1843 1126 1883 omnes
1171 1831 1362 1884 Patres
1407 1828 1581 1883 solius
1631 1829 1689 1883 S.
1737 1828 2061 1900 Hieronymi
2108 1827 2466 1896 sententiam,
2508 1835 2673 1898 prout
2713 1827 2839 1897 ipse
2896 1843 3025 1882 eam

456 1914 744 1984 intellexit,
773 1913 1074 1970 tenendam
1099 1914 1308 1971 statuit.
1348 1934 1374 1966 α
1399 1916 1482 1972 Ne
1509 1915 1780 1985 turberis,
1812 1916 2009 1987 inquit,
2040 1916 2086 1970 si
2124 1914 2323 1971 alicubi
2360 1915 2631 1985 repereris
2666 1913 2846 1970 libros
2880 1917 3025 1971 istos·

459 2001 1021 2073 (deuteroeanonicos)
1048 2001 1192 2057 intra
1245 2003 1541 2059 canonicos
1568 2004 1854 2076 supputari
1886 2002 1973 2059 vel
2016 2018 2047 2058 a
2094 2002 2263 2059 sacris
2308 2002 2563 2059 conciliis
2604 2002 2691 2057 vel
2718 2016 2751 2057 a
2795 2003 3025 2058 sancti<

457 2089 811 2145 Ductoribus·
843 2090 986 2147 Nam
1013 2088 1086 2145 ad
1123 2090 1448 2161 Hieronymi
1493 2091 1688 2146 limam
1715 2088 2033 2146 reducenda
2064 2099 2195 2146 sunt
2240 2098 2355 2146 tam
2392 2090 2559 2145 verba
2603 2088 3025 2147 Conciliorum.

457 2192 624 2249 quam
665 2178 990 2244 Doctorum,
1021 2186 1077 2233 et
1117 2176 1267 2233 iuxta
1293 2176 1440 2234 illius
1468 2178 1799 2235 sententiam
1827 2178 1953 2235 libri
1980 2177 2070 2233 isti
2118 2194 2230 2234 non
2259 2186 2391 2234 sunt
2412 2176 2692 2243 canonici,
2722 2177 2762 2232 i.
2807 2193 2869 2233 e.
2906 2196 3025 2234 non

458 2274 588 2321 sunt
613 2266 895 2336 regulares
923 2264 997 2319 ad
1023 2263 1358 2321 firmandum
1389 2279 1474 2332 ea,
1501 2280 1645 2337 quae
1672 2274 1801 2321 sunt
1825 2264 1980 2334 fidei,
2010 2274 2239 2337 possunt
2260 2274 2447 2321 tamen
2476 2264 2585 2321 dici
2606 2264 2869 2320 canonici
2897 2266 2942 2321 i.
2972 2282 3025 2320 e.

459 2352 738 2424 regulares
766 2350 838 2407 ad
867 2351 1305 2409 aedificationem
1333 2350 1600 2408 fidelium.
1626 2353 1767 2408 Cum
1797 2352 1903 2409 hac
1930 2352 2081 2408 enim
2107 2350 2459 2409 distinctione
2504 2352 2817 2409 discernere
2848 2362 3025 2424 pote-

459 2440 534 2496 ris
550 2448 606 2495 et
634 2438 778 2495 dieta
807 2440 1098 2512 Augustini
1113 2441 1174 2496 in
1191 2448 1245 2497 2.
1275 2440 1346 2496 de
1372 2441 1569 2495 Doctr.
1588 2440 1793 2497 Christ.
1815 2440 1957 2497 libro
1974 2450 2031 2496 et
2058 2441 2260 2512 scripta
2284 2440 2341 2496 in
2360 2440 2530 2496 Conc.
2554 2440 2889 2496 Florentino
2916 2440 3025 2497 sul]

463 2528 712 2600 Eugenio
755 2528 851 2583 IV.
881 2528 1196 2600 scriptaque
1223 2528 1282 2583 in
1310 2526 1737 2599 provincialibus
1772 2527 2029 2585 Conciliis
2054 2527 2599 2600 Carthaginiensibus
2626 2535 2683 2583 et
2718 2528 2792 2583 ab
2829 2530 3025 2585 Inno-

459 2614 639 2671 centio
669 2623 725 2671 et
749 2615 968 2671 Gelasio
996 2614 1354 2671 Pontificibus
1383 2636 1434 2672 n.
1467 2615 1681 2672 Eodem
1709 2615 1825 2672 sere
1854 2624 2125 2687 tempore,
2160 2631 2269 2687 quo
2296 2616 2591 2671 Caietanus
2620 2615 2757 2671 haec
2786 2617 3023 2688 scripsit

463 2706 532 2774 (a.
549 2706 749 2772 isam),
767 2702 1385 2761 Pseudorei'ormatores
1405 2704 1463 2759 in
1481 2703 1733 2760 Helvetia
1754 2712 1809 2760 et
1826 2704 2123 2759 Germania
2144 2703 2672 2760 deuterocanonicos
2691 2702 2870 2759 libros
2894 2706 3023 2760 reii·

458 2806 584 2847 cere
611 2800 934 2863 coeperunt,
967 2800 1021 2847 et
1068 2791 1330 2864 quoniam
1359 2792 1693 2848 senonensis
1738 2790 1967 2847 Concilii
2014 2789 2329 2859 decretum,
2362 2807 2473 2862 quo
2514 2791 2749 2864 catalogi
2774 2792 3023 2848 concilii

458 2877 668 2949 Carth.‚
696 2880 1004 2935 Innocentii
1033 2888 1089 2936 et
1113 2880 1322 2937 Gelasii
1349 2879 1817 2951 approbabantur,
1849 2877 1921 2935 ad
1949 2878 2317 2935 dirimendam
2336 2878 2492 2935 litem
2529 2896 2643 2935 non
2668 2876 3023 2945 sufficiebat,

460 2966 531 3022 ad
557 2966 891 3023 oecumenici
917 2966 1147 3025 Concilii
1172 2966 1554 3024 definitionem
1578 2967 1901 3023 sollemnem
1929 2965 2333 3025 deveniendum
2360 2976 2501 3023 erat.

520 3168 788 3226 Quarta-no
819 3173 862 3217 6.
883 3196 947 3205 -
966 3170 1136 3217 Canon
1165 3170 1361 3218 Veteris
1389 3170 1527 3218 Test.
1554 3185 1586 3217 a
1618 3170 1835 3218 Concilio
1864 3170 2154 3218 Tridentino
2180 3170 2245 3217 ad
2276 3174 2499 3218 nostram
2528 3184 2681 3231 usque
2710 3174 2956 3219 aetatem.

541 3345 634 3404 16.
665 3378 748 3389 —
775 3346 990 3421 ltaque
1021 3345 1288 3405 Concilii
1324 3345 1679 3406 Tridentini
1714 3345 1935 3407 Patres
1979 3350 2125 3423 post
2156 3346 2493 3425 repetitam
2532 3350 2597 3407 et
2629 3344 3010 3423 diligentem

461 3441 844 3517 quaestionis
881 3442 1352 3515 tractationem,
1397 3447 1468 3503 ut
1500 3457 1725 3502 omnes
1767 3441 2222 3519 intelligerent,
2264 3464 2294 3499 «
2328 3444 2557 3521 quibus
2594 3442 3009 3522 potissimum

463 3537 841 3599 testimoniis
881 3541 946 3598 et
987 3537 1320 3615 praesidiis
1355 3538 1422 3599 in
1457 3537 1904 3599 confirmandis
1942 3538 2347 3616 dogmatibus
2378 3542 2443 3599 et
2478 3540 2910 3601 instaurandis
2948 3543 3009 3601 in

463 3633 740 3693 Ecclesia
766 3633 1046 3694 moribus
1083 3633 1372 3712 Synodus
1415 3635 1501 3695 sit
1534 3652 1819 3706 usura»,
1851 3636 1917 3695 in
1959 3635 2165 3711 primo
2196 3652 2311 3697 suo
2349 3636 2603 3697 decreto
2642 3635 3009 3715 dogmatico

461 3728 651 3807 (Sess.
701 3731 796 3791 IV.
837 3731 926 3791 De
969 3731 1288 3791 canonicis
1341 3730 1597 3811 Script.)
1642 3748 1864 3792 omnes
1908 3732 2153 3792 Veteris
2200 3736 2267 3793 et
2317 3733 2473 3793 Novi
2519 3734 2687 3793 Test.
2729 3733 2937 3795 libros
2974 3752 3008 3793 a

459 3824 640 3887 Cone.
676 3826 1075 3899 Florentino,
1113 3827 1393 3900 Gelasio,
1423 3828 1790 3889 Innocentio
1826 3828 1909 3901 1.,
1949 3830 2133 3889 Gonc.
2174 3828 2515 3901 Africani8‚
2556 3828 2619 3889 S.
2654 3832 3005 3907 Augustino

459 3926 855 3984 enumeratos
882 3946 912 3979 «
937 3927 1078 4002 pari
1101 3928 1342 4001 pietatis
1369 3922 1601 4003 affectu
1628 3930 1683 3985 et
1706 3924 2045 3986 reverentia
2070 3948 2098 3981 ι»
2124 3924 2569 4003 suscipiendos
2594 3943 2731 3986 esse
2762 3926 3002 3987 docue-

459 4020 948 4081 runtanathema
970 4021 1253 4082 dicentes
1280 4022 1361 4093 ei,
1390 4045 1420 4075 «
1444 4020 1716 4099 quioillos
1742 4022 2020 4101 integros
2047 4038 2191 4082 cum
2207 4022 2504 4083 omnibus
2527 4023 2658 4083 suis
2679 4022 2968 4101 partibus
2984 4068 2999 4091 ‚

457 4119 646 4193 prout
674 4116 739 4175 in
769 4117 1051 4189 Ecclesia
1075 4118 1384 4178 catholica
1427 4116 1553 4196 legi
1582 4123 2048 4180 consueverunt
2076 4123 2140 4179 et
2180 4119 2247 4179 in
2284 4118 2483 4179 veteri
2514 4117 2766 4197 vulgata
2806 4119 3001 4179 latina

458 4211 734 4273 editione
781 4213 1116 4286 habentur,
1155 4232 1272 4291 pro
1311 4219 1494 4275 sacr-⁸23
1532 4222 1591 4275 et
1619 4214 1923 4276 canonicis
1972 4231 2100 4276 non
2146 4216 2458 4293 receperit
2484 4238 2539 4275 ».
2574 4216 2741 4286 Quae
2770 4216 2993 4285 verba,

459 4308 575 4367 etsi
609 4309 961 4370 clarissima
986 4314 1222 4383 essent,
1256 4328 1385 4371 non
1413 4328 1672 4371 omnem
1700 4311 2194 4372 controversiam
2219 4312 2385 4371 inter
2415 4311 2745 4391 theologos
2776 4312 2995 4373 catho-

459 4400 610 4461 licos
647 4405 1094 4479 terminarunt,
1129 4410 1515 4483 quapropter
1544 4407 1898 4468 Concilium
1932 4408 2329 4479 Vaticanum,
2363 4413 2432 4468 ut
2460 4423 2715 4468 omnem
2743 4407 2991 4469 dubita-

457 4496 695 4558 tionem
723 4517 984 4578 prorsus
1021 4501 1414 4575 excluderet,
1441 4502 1883 4564 Tridentinum
1918 4504 2243 4566 decretum
2279 4504 2673 4565 confirmavit
2697 4508 2762 4564 et
2793 4506 2989 4583 expli-

465 4594 672 4655 cavit:
705 4618 734 4650 «
765 4597 829 4657 Si
861 4598 1002 4677 quis
1043 4599 1239 4659 libros
1265 4600 1545 4677 integros
1588 4616 1735 4661 cum
1770 4600 2067 4663 omnibus
2108 4601 2239 4663 suis
2268 4600 2583 4679 partibus,
2618 4604 2809 4679 prout
2846 4600 2986 4663 illos
