3050 5184
396 259 515 318 510
595 277 671 321 niz
714 277 859 322 Νονι
890 277 1056 322 Τεετ.
1104 277 1298 322 manis
1338 279 1694 325 ms'romcls.
1741 297 1821 307 —
1863 281 1991 344 cAP.
2037 281 2132 324 ιιι.
2167 281 2241 324 nr:
2283 279 2516 331 ousnro
2559 275 2882 320 numano.

394 406 705 464 Palaestina
747 417 940 464 exorta
983 409 1120 466 alias
1155 409 1415 466 ecclesias
1454 409 1674 467 invasit.
1705 413 1848 468 Tota
1877 427 2098 484 quoque
2131 407 2557 483 argumentandi
2583 408 2720 463 ratio
2739 408 2891 461 Evau-

396 494 625 564 gelistae
651 494 923 564 ostendit,
954 497 1071 551 eius
1107 497 1343 552 lectores
1380 498 1493 554 iam
1530 499 1664 554 satis
1691 497 1788 554 diu
1815 499 1872 554 in
1905 498 2018 554 fide
2051 498 2368 571 evangelica
2401 496 2598 551 vixisse
2625 503 2784 565 atque
2809 507 2894 564 pro

396 581 537 638 lacte
581 583 706 639 cibo
746 582 927 642 solido
966 583 1289 656 indiguisse.
1316 615 1385 626 -—
1417 587 1625 641 Utrum
1667 601 1798 642 vero
1841 587 1896 643 S.
1932 587 2169 642 Ioannes
2210 584 2361 641 exsul
2406 584 2467 639 in
2506 586 2705 639 Patmo
2742 580 2896 634 insula

396 667 601 741 degens
638 686 709 726 an
740 686 809 725 ex
842 671 1033 730 exsilio
1074 671 1355 744 Ephesum
1396 689 1651 729 reversus
1680 673 1884 729 librum
1915 671 2152 730 ediderit
2166 716 2181 742 ,
2209 669 2658 728 dissentientibus
2695 669 2829 722 inter
2851 683 2899 720 se

395 757 654 814 Patribus
679 756 901 814 definiri
925 775 1040 814 non
1064 767 1275 830 poust3
1302 760 1536 817 alteram
1558 769 1745 817 tamen
1769 762 2104 818 sententiam
2125 759 2198 817 ob
2225 759 2609 832 gravissimum
2632 759 2690 813 S.
2717 752 2901 812 lrenaei

397 845 773 901 testimonium
800 844 1224 917 praeferendam
1253 847 1526 908 ficimus

710 1046 753 1136 ἓ
780 1053 847 1114 8.
878 1085 964 1097 -
990 1050 1087 1115 De
1118 1050 1352 1138 quarti
1381 1051 1744 1140 Evanqelii
1764 1051 1860 1118 ad
1876 1050 2229 1140 synoptico
2255 1048 2608 1118 relatione.

478 1251 536 1310 1.
565 1281 642 1292 —
666 1249 827 1311 Satis
855 1268 1143 1330 magnam
1173 1253 1591 1314 differentiam
1621 1257 1916 1331 quartum
1941 1255 2105 1318 inter
2134 1257 2198 1314 et
2219 1253 2340 1314 tria
2362 1252 2574 1331 priora
2601 1245 2905 1324 Evangelia

402 1345 811 1418 intercedere,
846 1349 1061 1410 Patres
1094 1349 1219 1409 iam
1247 1355 1658 1424 monuerunt;
1691 1351 2012 1411 immerito
2039 1354 2251 1414 autem
2279 1348 2568 1410 moderni
2605 1368 2636 1400 «
2669 1341 2852 1405 critici
2879 1363 2902 1394 »

402 1440 479 1502 de
508 1444 906 1521 oppositione
936 1445 1208 1524 quadam
1238 1445 1538 1524 et'pugna
1557 1491 1571 1516 ,
1605 1463 1762 1523 quae
1787 1448 1952 1508 inter
1979 1448 2090 1507 illa
2117 1446 2487 1514 inveniatur,
2520 1443 2872 1520 loquuntur.

468 1557 689 1622 Patres,
734 1573 907 1629 quum
936 1559 993 1614 S.
1029 1559 1298 1614 Ioannem
1341 1559 1666 1630 spirituale
1711 1559 2070 1632 Evangelium
2109 1559 2288 1616 tribus
2334 1556 2610 1632 prioribus
2659 1551 2905 1610 addidisse

400 1642 588 1699 dicant
606 1643 811 1710 (clem.
834 1643 1011 1700 Alex.
1034 1644 1181 1716 apud
1199 1647 1331 1702 EuS.
1353 1647 1428 1702 Η.
1450 1649 1510 1702 Ε.
1532 1648 1632 1702 VI.
1658 1651 1752 1716 1⁴3
1776 1648 1833 1703 S.
1855 1651 2104 1720 Auyust.
2120 1645 2192 1703 de
2209 1647 2379 1703 Cous,
2395 1647 2606 1716 Evang.
2634 1643 2682 1698 1.
2704 1647 2756 1708 ⁵3
2777 1642 2903 1702 atej,

399 1739 787 1802 argumentum
830 1730 897 1786 ab
934 1732 1295 1804 Evangelistis
1333 1737 1639 1789 tractatum
1666 1734 1907 1790 maxime
1935 1740 2218 1806 spectant3
2249 1732 2508 1789 moderni
2544 1738 2736 1788 autem
2767 1727 2904 1782 etiam

398 1819 457 1872 in
484 1816 720 1872 docendi
746 1817 936 1884 modo,
967 1835 1137 1890 quem
1164 1821 1437 1876 Dominus
1475 1819 1630 1876 iuxta
1657 1822 1989 1895 Synopticos
2014 1831 2072 1877 et
2099 1823 2253 1878 iuxta
2281 1823 2338 1877 S.
2367 1822 2640 1876 Ioannem
2665 1813 2903 1876 tenuerit,

400 1919 662 1976 magnam
690 1903 1062 1962 differentiam
1090 1915 1241 1963 recte
1266 1907 1582 1973 inveniunt,
1609 1909 1887 1964 immerito
1929 1917 2114 1964 autem
2152 1907 2519 1975 concludunt,
2545 1913 2646 1976 aut
2673 1901 2905 1978 8111οΡῐί-

401 2007 595 2048 corum
612 1999 711 2047 aut
740 1993 958 2049 loannis
980 1995 1361 2052 narrationem
1378 2011 1496 2052 esse
1516 1995 1894 2052 reiiciendam.
1915 1997 2115 2054 Paucis
2132 1996 2303 2068 igitur
2321 2008 2668 2067 exponamus
2693 1996 2905 2063 oportet.

400 2077 681 2136 undenam
708 2095 881 2152 quum
905 2081 965 2136 in
992 2081 1159 2138 rebus
1202 2084 1440 2138 narratis
1480 2092 1602 2139 tum
1639 2081 1700 2138 in
1729 2082 1966 2140 docendi
1993 2083 2288 2153 method0,
2316 2098 2460 2155 quae
2487 2081 2738 2136 Domino
2775 2077 2908 2134 attri-

400 2165 607 2238 buitur,
639 2167 951 2224 differentia
985 2170 1056 2224 sit
1082 2179 1295 2227 exorta.
1332 2171 1513 2240 Quam
1537 2172 1584 2227 si
1612 2170 1805 2227 adesse
1829 2172 2211 2241 concedimus,
2239 2186 2466 2227 omnem
2491 2177 2682 2224 tamen
2711 2165 2909 2238 opposi-

402 2254 611 2310 tionem
633 2263 689 2310 et
717 2271 963 2328 pugnam
988 2258 1137 2314 inter
1162 2259 1546 2331 Evangelistas
1575 2267 1783 2316 temere
1812 2259 1982 2315 statui
2009 2259 2383 2315 ostendemus,

480 2409 539 2464 2.
567 2439 647 2448 —-
675 2406 790 2476 Qui
820 2406 897 2467 ad
929 2406 1245 2486 duplicem
1275 2407 1337 2468 S.
1369 2409 1620 2470 Ioannis
1645 2410 1835 2468 finem
1859 2409 2228 2480 attenderit,
2262 2407 2636 2487 praeprimis
2663 2421 2792 2464 non
2817 2401 2908 2461 mi-

402 2500 661 2575 rabitur,
696 2503 863 2580 quod
892 2507 961 2564 in
995 2521 1195 2566 rerum
1224 2511 1616 2566 narratarum
1652 2505 1965 2566 selectione
1997 2523 2034 2565 a
2063 2503 2654 2584 praedecessoribus
2683 2501 2812 2561 suis
2839 2497 2908 2558 di-

404 2601 715 2659 scesserit.
760 2601 1008 2661 Etenim
1048 2605 1117 2661 ut
1158 2617 1377 2662 eorum
1414 2602 1836 2663 narrationem
1879 2603 2256 2682 compleret,
2291 2601 2412 2662 alia
2450 2600 2615 2660 facta
2642 2598 2906 2673 dictaque

404 2696 634 2756 referre
664 2696 916 2770 debuit,
936 2697 1166 2775 quihus
1182 2693 1865 2776 manifestatio'gloriae
1891 2697 2140 2759 divinae
2165 2696 2482 2776 Unigeniti
2507 2695 2736 2756 clarius
2759 2693 2910 2753 inno-

404 2797 689 2854 tesceret.

471 2909 651 2962 Pauca
680 2913 898 2962 tantum
927 2923 1054 2963 cum
1080 2907 1391 2980 synopticis
1419 2909 1655 2965 Ioannes
1675 2909 1992 2964 communia
2015 2906 2202 2976 habet,
2227 2907 2338 2985 duo
2365 2923 2445 2963 sc.
2472 2905 2763 2972 miracula,
2789 2915 2908 2974 quae

405 2994 630 3065 repetit,
672 3003 735 3048 ut
776 2994 1125 3050 occasionem
1168 2995 1438 3066 praeclari
1486 2996 1758 3051 sermonis
1805 2995 1877 3052 de
1913 2998 1971 3052 S.
2017 2994 2360 3051 Eucharistia
2403 2993 2646 3064 explicet
2683 2996 2904 3060 (6‚1-2lj.

406 3091 568 3152 atque
599 3081 882 3137 historiam
919 3081 1216 3152 passioniS‚
1250 3083 1335 3139 cui
1362 3083 1568 3138 multas
1609 3083 1853 3139 minutas
1893 3097 1980 3139 res
2021 3081 2092 3138 ab
2134 3083 2257 3139 aliis
2298 3081 2716 3154 praetermissas
2755 3075 2904 3134 addit.

404 3169 686 3224 Eusebius
716 3171 807 3236 (H.
835 3171 899 3224 E.
928 3169 1032 3224 111.
1060 3174 1149 3238 24)
1172 3179 1227 3225 et
1251 3170 1307 3226 S.
1330 3173 1726 3241 Hieronymus
1753 3169 1842 3236 (de
1871 3172 1990 3225 Vir.
2023 3170 2101 3226 ill.
2135 3175 2211 3236 9.)
2237 3185 2301 3225 ea
2329 3169 2388 3224 in
2412 3176 2612 3241 quarto
2636 3163 2907 3236 Evangelio

405 3255 655 3328 suppleta
687 3264 907 3326 putant,
942 3271 1084 3327 quae
1111 3258 1384 3313 Dominus
1421 3267 1550 3314 ante
1579 3258 1802 3315 loannis
1841 3259 1997 3328 Bapt.
2043 3257 2419 3329 captivitatem
2451 3264 2670 3328 egerat3
2709 3263 2764 3310 at
2792 3253 2907 3307 haee

406 3343 698 3399 minimam
732 3343 859 3398 libri
892 3353 1103 3415 partem
1140 3345 1485 3400 constituunt
1512 3349 1866 3414 (1,19-4,⁴5);
1908 3345 2120 3417 reliqua
2152 3359 2281 3415 pars
2319 3344 2388 3400 de
2425 3342 2624 3400 eodem
2659 3351 2905 3413 tempore.

406 3429 476 3486 de
514 3448 622 3502 quo
660 3431 971 3502 synoptica‚
998 3433 1131 3504 agit.
1155 3433 1383 3488 Rectius
1424 3433 1708 3507 Synoptici
1736 3432 1805 3488 de
1835 3431 1920 3498 iis,
1955 3449 2098 3503 quae
2126 3433 2399 3488 Dominus
2435 3431 2490 3486 in
2517 3431 2768 3488 Galilaea
2793 3427 2904 3499 agit.

406 3517 687 3589 scripsisse
713 3518 994 3593 dicuntur,
1020 3529 1186 3591 atque
1215 3523 1452 3576 loannes
1475 3536 1542 3576 ea
1570 3519 1866 3586 addidisse,
1899 3536 2040 3592 quae
2068 3528 2196 3576 ante
2221 3519 2492 3592 passionis
2522 3516 2905 3575 hebdomadam

408 3607 761 3678 ierosolymis
787 3614 842 3661 et
866 3607 922 3660 in
952 3605 1156 3663 iudaea
1176 3624 1207 3663 a
1226 3609 1467 3664 Domino
1498 3616 1650 3680 gesta
1679 3617 1734 3663 et
1763 3607 1910 3664 dicta
1929 3616 2088 3678 sunt;
2111 3606 2182 3664 de
2202 3607 2319 3664 eius
2337 3605 2642 3663 ministerio
2673 3605 2906 3678 galilaico

407 3695 555 3752 enim
578 3696 638 3751 in
666 3703 864 3766 quarto
894 3695 1191 3768 Evangelio
1228 3711 1402 3766 pauca
1428 3695 1729 3752 traduntur
1758 3701 2098 3764 (1,43-2,12;
2129 3699 2394 3762 4‚43-54;
2421 3699 2716 3764 6‚1-·1,13).

476 3785 587 3840 Cur
604 3791 789 3838 autem
808 3783 863 3838 S.
882 3783 1117 3838 loannes
1134 3783 1277 3838 hanc
1295 3792 1510 3853 partem
1533 3783 1680 3838 vitae
1697 3783 2006 3839 dominicae
2026 3785 2282 3854 supplere
2303 3783 2558 3851 voluerit,
2579 3798 2650 3837 ex
2668 3779 2907 3852 primario

409 3873 525 3928 eius
562 3871 670 3927 fine
704 3882 829 3944 apte
858 3872 1179 3944 explicatur.
1213 3873 1463 3943 Namque
1490 3881 1553 3927 ut
1583 3871 1879 3928 lectoribus
1907 3871 2018 3926 suis
2045 3871 2222 3943 magis
2257 3871 2546 3943 magisque
2575 3867 2905 3941 persuadeat,

413 3981 437 4012 α
465 3961 591 4032 quia
620 3962 775 4016 Iesus
802 3963 872 4018 sit
900 3961 1151 4017 Christus
1174 3958 1344 4014 Filius
1368 3961 1501 4026 Dei,
1525 3961 1583 4015 in
1612 3973 1782 4031 quem
1809 3958 2098 4016 credentes
2123 3957 2369 4016 habituri
2399 3959 2509 4013 sint
2539 3958 2709 4013 vitam
2735 3976 2782 4024 n,
2813 3958 2910 4009 Do·

408 4050 619 4102 minum
663 4048 775 4104 illis
815 4050 876 4105 in
916 4048 1054 4104 loeis
1094 4046 1309 4119 illisque
1346 4047 1403 4103 in
1448 4046 1824 4104 occasionibus
1851 4047 2120 4118 sequitur.
2150 4047 2208 4102 in
2249 4045 2451 4117 quibus
2493 4044 2728 4116 gloriam
2769 4055 2908 4098 suam

408 4136 608 4190 clarius
634 4137 1007 4192 manifestavit
1032 4143 1089 4193 et
1116 4134 1461 4190 divinitatem
1490 4151 1648 4190 suam
1667 4134 1918 4204 'apertius
1941 4135 2203 4199 asseruit,
2223 4133 2278 4188 id
2305 4133 2456 4205 quod
2471 4133 2533 4188 in
2561 4130 2756 4188 diebus
2775 4129 2908 4186 festis

409 4223 647 4279 maxime
678 4223 833 4294 fecit,
856 4223 1078 4296 quando
1106 4221 1178 4278 ad
1205 4221 1435 4278 domum
1463 4222 1640 4277 Patris
1667 4221 1753 4276 sui
1781 4220 2046 4277 ascendit.
2068 4221 2269 4277 Procul
2296 4219 2470 4276 dubio
2498 4219 2668 4276 etiam
2693 4219 2752 4276 in
2772 4215 2907 4274 Gali-

411 4312 523 4366 laea
550 4311 741 4366 multis
767 4311 1049 4367 miraculis
1076 4310 1380 4381 potentiam
1406 4325 1565 4365 suam
1589 4307 1836 4364 divinam
1854 4308 2352 4381 pulcherrimisque
2375 4305 2722 4363 sermonibus
2742 4303 2905 4361 inlini·
3002 4351 3003 4354 ,

408 4407 524 4454 tam
550 4414 705 4455 suam
744 4401 1067 4471 sapientiam
1100 4397 1580 4464 manifestaveram
1606 4404 1663 4451 at
1701 4396 1756 4452 S.
1789 4400 2052 4465 loanneS,
2085 4405 2146 4452 ut
2181 4396 2460 4469 gnosticos
2498 4396 2570 4451 de
2611 4391 2905 4451 abscondita

410 4500 507 4540 sua
534 4491 689 4556 γνῶσι
716 4487 879 4542 stulte
908 4485 1285 4561 superbientes
1312 4484 1710 4551 confunderet,
1736 4485 2042 4540 Dominum
2068 4499 2257 4540 eoram
2287 4482 2628 4555 principibus
2655 4490 2711 4538 et
2734 4480 2906 4536 docto·
3002 4485 3003 4552 ᾖ

410 4572 561 4627 ribus
582 4572 751 4628 Israel
778 4573 1117 4628 divinitatem
1142 4589 1301 4630 suam
1327 4571 1544 4644 magnis
1571 4571 1848 4628 miraculis
1876 4580 1931 4628 et
1963 4571 2292 4628 sublimibus
2315 4571 2667 4628 sermonibus
2689 4581 2906 4626 assei-en·
3002 4607 3003 4610 η
