3050 5184
576 315 654 358 ns
693 315 928 360 essone
967 315 1214 360 vn'rams
1254 315 1635 360 ‘rt-:suumn
1682 316 1835 360 Λυσι)
1876 315 2141 361 romeos.
2544 301 2614 360 17

120 447 264 513 piati
297 453 549 516 quatuor
575 445 593 480 ¹
617 445 834 518 integro
861 446 1065 518 populo
1103 446 1514 518 promulgasse,
1548 447 1917 519 apocalyptica
1947 447 2122 502 forma
2152 447 2327 519 gentis
2354 454 2409 502 et
2435 447 2627 502 aetatis

119 546 239 586 suae
263 532 674 602 persuasionem
700 533 770 588 de
791 533 968 590 Esdra
996 534 1224 590 canonis
1251 533 1549 591 collectore
1576 543 1631 591 et
1659 535 2071 608 promulgatore
2099 534 2369 605 exprimit.

187 699 336 760 Cum
357 699 726 762 Iudaeorum
744 701 1082 762 traditione
1105 703 1452 763 sententiae
1471 703 1725 763 Patrum
1746 703 1928 781 plane
1954 706 2308 781 congruunt
2322 745 2337 774 ,
2366 701 2473 780 qui
2500 719 2628 763 om-

119 812 217 855 nes
243 795 503 856 Esdram
531 796 790 858 tradunt
816 798 1006 876 primi
1035 799 1291 860 canonis
1320 797 1853 876 promulgatorem
1880 815 2039 858 esse.

175 918 324 972 Inter
349 919 543 974 Patres
570 919 821 974 nonnulli
851 913 1072 991 quidem
1100 920 1170 975 ab
1197 921 1512 993 apocrypho
1543 926 1578 975 4
1610 918 1816 976 Esdrae
1843 919 1984 976 libro
2012 917 2326 992 dependent
2362 918 2631 986 (Tertull-

118 1001 176 1058 de
199 1005 351 1060 cultu
379 1004 512 1061 fem.
545 1007 591 1062 Ι.
619 1013 682 1075 33
714 1007 890 1062 Clem.
922 1006 1095 1063 Alex.
1123 1010 1324 1065 Strom.
1359 1010 1406 1064 1.
1443 1013 1538 1076 123
1564 1011 1623 1064 S.
1650 1008 1836 1064 Basil.
1864 1005 1937 1065 ad
1958 1007 2097 1064 Chil.
2136 1023 2221 1078 ep.
2259 1013 2417 1078 42‚5;
2461 1007 2633 1063 Theo—

123 1091 283 1148 ἀοι-ει.
314 1093 377 1148 in
406 1094 547 1148 Can.
582 1093 818 1162 Praef.);
853 1103 911 1150 at
949 1094 1017 1151 ab
1047 1112 1111 1152 eo
1138 1112 1253 1151 non
1279 1094 1554 1167 dependet
1588 1097 1645 1153 S.
1678 1099 1955 1152 Irenaeus
1984 1100 2051 1164 (c.
2087 1095 2240 1152 haer.
2277 1097 2380 1152 111.
2421 1101 2483 1153 21
2524 1095 2629 1152 cl'r.

127 1180 228 1234 nis.
254 1183 326 1236 Η.
358 1183 424 1236 E.
453 1183 524 1236 V.
553 1187 658 1237 20:
687 1203 710 1234 α
734 1184 886 1238 Deus
903 1183 1190 1254 inspiravit
1207 1183 1432 1250 Esdrae,
1460 1193 1521 1238 ut
1544 1182 1987 1254 praecedentium
2012 1184 2404 1254 prophetarum
2428 1198 2632 1240 sermo-

139 1281 414 1324 momnes
443 1270 648 1326 iterum
680 1270 736 1325 in
763 1270 1016 1328 ordinem
1047 1271 1323 1342 redigeret
1349 1271 1719 1344 [ἀνατάξασθαι]
1748 1272 1888 1328 etin
1914 1271 2205 1344 pristinum
2232 1279 2439 1328 statum
2470 1271 2631 1328 resti-

145 1363 270 1411 tueret
291 1356 750 1429 [ἀποκατασθῆναι]
775 1359 978 1430 populo
1005 1359 1302 1414 mosaicam
1330 1359 1729 1432 legislationem
1758 1359 1836 1431 υ),
1866 1375 1969 1416 nec
1993 1363 2052 1416 S.
2080 1359 2523 1430 chrysostomus
2553 1358 2631 1426 (in

141 1441 264 1498 flebr.
295 1445 458 1502 hom.
492 1451 588 1514 8,4
614 1466 627 1500 :
663 1467 690 1497 ε
715 1445 875 1501 alteri
901 1461 1090 1502 rursus
1117 1445 1234 1504 viro
1261 1447 1498 1504 mirabili
1524 1447 1731 1503 Esdrae
1758 1447 2073 1521 inspiravit,
2104 1456 2165 1503 ut
2190 1446 2316 1503 illos
2340 1447 2437 1520 [sc.
2459 1446 2631 1504 libros

131 1544 280 1588 §seros
307 1532 465 1590 bello
497 1533 730 1604 ablatos]
759 1534 962 1590 iterum
987 1533 1196 1602 ederet,
1231 1544 1286 1590 et
1314 1534 1522 1604 effecit,
1551 1545 1614 1590 ut
1644 1551 1718 1590 ex
1743 1535 2017 1606 reliquiis
2049 1539 2524 1609 componerentur
2550 1535 2628 1607 ιι),

127 1633 204 1674 nec
225 1627 439 1678 amor
463 1621 786 1694 Synopseos
812 1624 872 1678 S.
901 1622 1024 1678 Sor.
1039 1663 1060 1692 ‚
1091 1637 1232 1694 quae
1257 1624 1478 1678 nomine
1506 1624 1562 1680 S.
1594 1622 1879 1679 Athanasii
1904 1624 2059 1679 citari
2086 1624 2227 1680 solet
2254 1631 2419 1696 atque
2446 1622 2627 1694 paullo

123 1715 222 1772 post
243 1709 363 1765 eius
393 1717 638 1766 aetatem
665 1709 1027 1766 Alexandriae
1054 1709 1362 1781 conscripta
1392 1718 1476 1766 est
1507 1715 1623 1777 (Ps.
1653 1711 1793 1766 Atlc.
1823 1713 1953 1782 Syn.
1987 1710 2108 1780 20),
2140 1727 2241 1766 nec
2265 1711 2324 1766 S.
2368 1709 2629 1766 Isidorus

121 1796 268 1868 Πίῳ.
298 1797 566 1872 (Etymol.
600 1798 698 1853 VI.
729 1803 762 1854 3
791 1793 808 1852 ἑ
844 1817 870 1849 α
903 1797 1303 1854 Bibliothecam
1334 1799 1550 1854 Veteris
1579 1800 1729 1854 Test.
1760 1796 1961 1854 Esdras
1987 1798 2164 1854 scriba
2200 1806 2323 1870 post
2347 1798 2627 1854 incensam

117 1883 300 1954 Iegem
329 1901 363 1940 a
393 1885 722 1954 Chaldaeis,
754 1901 924 1958 quum
954 1885 1145 1942 Iudaei
1173 1886 1375 1942 reversi
1401 1895 1582 1941 esseut
1612 1886 1939 1952 Ierusalem,
1971 1885 2153 1941 divino
2182 1886 2399 1942 afflatus
2424 1884 2628 1955 Spiritu

117 1973 370 2042 reparavit
409 1981 726 2045 cunctaque
765 1974 926 2045 Legis
963 1989 1028 2029 ac
1069 1973 1464 2045 prophetarum
1507 1975 1813 2041 volumina,
1858 1989 1998 2046 quae
2045 1973 2265 2030 fuerant
2304 1989 2337 2030 a
2378 1973 2628 2046 gentibus

111 2069 385 2132 corrupta,
417 2063 686 2127 correxit,
715 2070 1001 2133 totumque
1027 2063 1199 2117 Vetus
1234 2063 1383 2116 Test.
1413 2061 1470 2116 in
1509 2061 1698 2132 viginti
1734 2061 1872 2117 duos
1908 2060 2079 2117 libros
2114 2062 2424 2131 constituit,
2454 2071 2517 2117 ut
2546 2070 2630 2116 tot

112 2158 274 2204 esent
297 2149 428 2204 libri
455 2150 513 2204 in
535 2151 713 2221 Lege,
739 2157 875 2220 quot
897 2148 1243 2206 habebantur
1270 2159 1327 2205 et
1352 2150 1541 2205 literae
1572 2154 1645 2218 n).
1675 2147 1771 2205 Cl'r
1796 2148 1961 2204 etiam
1984 2149 2173 2206 abab.
2203 2153 2405 2207 Maur.
2438 2150 2622 2205 Instit.

109 2235 226 2291 cler.
253 2244 328 2293 54
357 2237 606 2308 aliosque
634 2239 983 2293 recentiores.

177 2404 348 2474 Quae
379 2407 592 2465 autem
618 2403 769 2465 huic
805 2404 1152 2464 sententiae
1183 2405 1587 2477 obiiciantur,
1618 2405 1916 2483 pleraque
1949 2403 2118 2465 falsis
2162 2404 2510 2483 suppositis
2537 2405 2628 2463 ni-

117 2505 356 2573 tuntur3
383 2500 630 2579 reliqua
665 2504 874 2561 autem
911 2506 1040 2560 tam
1081 2500 1237 2562 levia
1265 2505 1438 2574 sunt,
1472 2504 1542 2562 ut
1568 2501 1888 2578 antiquam
1926 2505 1988 2562 et
2016 2505 2407 2562 constantem
2438 2500 2623 2562 tradi-

115 2597 346 2656 tionem
373 2613 502 2657 non
531 2597 868 2657 infirment.

169 2718 572 2774 Rationalistae
609 2718 726 2774 sola
763 2711 1093 2790 praeiudicia
1135 2733 1234 2774 sua
1273 2717 1432 2774 nobis
1467 2717 1799 2782 obtrudunt;
1848 2717 2053 2774 etenim
2090 2733 2162 2774 ne
2207 2734 2335 2774 vera
2381 2717 2630 2773 vaticinia

113 2803 400 2861 ⁴idmittere
426 2813 714 2878 cogantur,
739 2807 985 2862 Danielis
1010 2805 1208 2862 librum
1233 2822 1347 2860 non
1375 2807 1478 2862 nisi
1505 2806 1859 2862 machabaico
1880 2815 2129 2876 tempore
2147 2814 2400 2862 exortum
2414 2804 2627 2875 dicunt,

109 2901 276 2964 atque
301 2893 467 2950 etiam
499 2889 635 2950 alios
672 2892 818 2950 haud
854 2909 1062 2966 paucos
1095 2894 1266 2950 libros
1301 2893 1759 2965 protocanonicos
1790 2893 1962 2949 Esdra
2000 2901 2249 2950 asserunt
2285 2909 2403 2948 esse
2440 2908 2630 2948 recen-

111 2981 296 3036 tiores..
331 2983 417 3038 De
449 2981 601 3037 hisce
628 2991 812 3037 autem
845 2983 903 3038 in
931 2981 1346 3038 introductione
1377 2981 1602 3052 speciali
1629 2997 1873 3053 agemus.
1908 2983 2091 3036 —Ut
2117 2996 2271 3035 suam
2304 2983 2632 3037 sententiam

113 3067 174 3124 de
201 3083 418 3125 canone
445 3068 661 3124 iudaico
688 3072 908 3126 saeculo
939 3076 988 3126 1.
1012 3075 1148 3142 post
1171 3069 1302 3126 Chr.
1334 3078 1526 3125 exorto
1551 3068 1962 3136 demonstrent,
1991 3069 2157 3140 aliqui
2186 3068 2438 3124 catholici
2458 3069 2631 3124 inter-

115 3165 294 3224 pretae
329 3159 602 3224 (Movers,
641 3159 846 3214 Nickes
883 3162 1016 3224 etc.)
1053 3156 1126 3213 ad
1149 3165 1362 3213 textum
1395 3155 1801 3214 thalmudicum
1826 3155 2121 3228 quemdam
2158 3165 2484 3227 provocant,
2523 3173 2633 3227 quo

115 3244 369 3300 rabbinos
403 3245 642 3300 iuniores
663 3243 732 3300 de
753 3244 1025 3302 librorum
1051 3244 1420 3316 quorumdam
1447 3243 1809 3300 canonicitate
1843 3243 2119 3301 dubitasse
2146 3253 2409 3316 appareat
2428 3244 2630 3316 (tract.

117 3332 384 3388 laddum
415 3334 518 3389 ΠΙ.
546 3337 633 3401 5);
671 3340 726 3388 at
751 3333 857 3388 isto
885 3333 945 3387 in
969 3332 1123 3399 loco,
1155 3331 1296 3387 sicut
1321 3333 1379 3387 in
1408 3332 1595 3387 multis
1634 3331 1929 3400 similibuS‚
1961 3331 2175 3388 rabbini
2210 3347 2323 3387 non
2359 3330 2429 3387 de
2466 3331 2635 3387 stabi-

117 3418 294 3475 liendo
320 3435 532 3476 canone
559 3429 755 3492 agunt,
787 3417 885 3475 sed
912 3418 983 3474 de
1008 3419 1277 3475 librorum
1302 3420 1359 3474 in
1387 3434 1515 3475 eum
1541 3427 1887 3491 receptorum
1912 3419 2121 3474 maiore
2149 3419 2429 3474 minoreve
2457 3418 2636 3491 digni-

119 3517 246 3562 tate.
295 3510 495 3580 Neque
526 3508 730 3564 rectius
779 3507 872 3564 alii
921 3507 1152 3578 (Danlto
1197 3511 1328 3573 etc.)
1377 3507 1723 3580 genealogias
1773 3505 2041 3579 quasdam
2090 3506 2548 3577 Paralipomenon
2582 3515 2639 3562 et

119 3601 146 3648 2
161 3595 316 3651 Esdr.
341 3595 630 3662 obiiciunt,
653 3611 789 3668 quas
811 3596 956 3651 ultra
981 3594 1281 3650 Nehemiae
1309 3603 1544 3650 aetatem
1564 3594 1793 3664 produci
1813 3603 2065 3662 censent3
2093 3611 2223 3650 nam
2241 3595 2509 3665 imprimis
2524 3611 2639 3650 non

119 3692 354 3749 constat,
388 3700 525 3739 num
550 3684 666 3739 ulla
692 3683 751 3738 in
777 3683 856 3739 eis
883 3697 1116 3754 persona
1149 3681 1480 3749 nominetur,
1513 3697 1654 3753 quae
1680 3682 1855 3738 Esdra
1881 3683 1952 3737 sit
1982 3682 2280 3752 recentior,
2313 3681 2371 3737 id
2407 3697 2565 3750 vero,
2595 3682 2641 3736 si

123 3769 484 3828 demonstrari
507 3780 710 3844 posset,-
730 3770 866 3827 nihil
890 3769 1040 3828 aliud
1062 3770 1341 3843 probaret,
1367 3770 1472 3826 nisi
1489 3769 1642 3825 libris
1659 3770 1771 3825 illis
1786 3768 2173 3826 recentissimis
2190 3769 2337 3825 idem
2355 3769 2635 3834 accidisse,
2676 3805 2695 3812 -

121 3858 256 3928 quod
282 3859 716 3931 antiquioribuS,
749 3859 948 3930 quibus
975 3873 1008 3914 a
1035 3857 1250 3914 iuniore
1275 3871 1446 3914 manu
1473 3859 1683 3931 glossas
1709 3855 1974 3929 quasdam
2002 3873 2119 3913 esse
2155 3855 2367 3912 additas
2393 3858 2637 3929 plerique

122 3947 368 4005 ‹·atholici
393 3946 750 4005 consentiunt
773 3945 878 4012 (cfr
907 3950 1079 4003 Corn.
1108 3962 1151 4001 a
1173 3950 1321 4019 Lap.
1347 3945 1404 4000 in
1424 3951 1459 4001 2
1483 3943 1644 4002 Esdr.
1680 3945 1887 4016 12,11).

191 4119 244 4175 3.
291 4149 372 4160 —
400 4117 608 4178 Canon
649 4129 1096 4176 Ati-:nunninus
1137 4130 1247 4175 ssu
1287 4114 1811 4174 Hemsmsunun.
1844 4145 1922 4156 ·—
1962 4114 2012 4172 A
2051 4111 2494 4189 palaestinensi
2536 4111 2633 4172 di-

133 4227 320 4274 versus
349 4212 552 4274 fuisse
579 4210 748 4272 haud
784 4210 1104 4271 immerito
1139 4214 1429 4271 censetur
1455 4225 1682 4282 canon,
1710 4225 1838 4286 quo
1867 4207 2078 4269 Iudaei
2106 4208 2488 4269 alexandrini
2527 4224 2635 4269 seu

135 4307 492 4370 Hellenistae
539 4308 896 4378 utebantur,
931 4308 1068 4385 qui,
1117 4322 1309 4385 quum
1350 4307 1713 4366 hebraicam
1761 4305 2037 4384 linguam
2080 4305 2464 4382 ignorarent,
2498 4305 2637 4364 loco

187 4483 240 4546 11)
265 4485 322 4536 ln
355 4485 596 4550 Vulqata
631 4481 840 4546 quidem
875 4480 1062 4544 legitur
1087 4479 1299 4530 Esdram
1332 4481 1589 4531 ducentos
1620 4483 1860 4544 quatuor
1895 4475 2055 4529 libros
2093 4477 2401 4536 restituisse;
2443 4482 2497 4529 at
2522 4491 2635 4528 ver·

133 4562 306 4612 &num
347 4563 688 4615 orientalium
725 4560 992 4611 lectionem
1033 4562 1332 4622 nonayinta
1362 4563 1601 4624 quatuor
1632 4571 1745 4609 esse
1772 4557 2111 4622 recipiendam
2136 4571 2311 4608 omnes
2338 4559 2640 4623 interpretes

141 4645 450 4696 oenaeutiunt.
479 4646 560 4696 De
587 4646 616 4692 4
645 4639 846 4692 Esdrae
873 4637 992 4704 libri
1018 4639 1210 4703 origine
1237 4637 1314 4689 ct'r
1340 4638 1490 4700 infra
1511 4639 1543 4703 §
1568 4643 1599 4688 9
1618 4653 1666 4702 p.
1694 4643 1759 4688 49
1783 4651 1860 4702 sq.

903 4728 1154 4777 consen
1188 4729 1460 4778 conrasi).
1495 4728 1721 4775 Ina-non.
1754 4753 1816 4763 —
1846 4729 1886 4775 2.
