3050 5184
741 344 819 388 ns
860 342 1209 388 rsAmoaun
1250 340 1621 386 ascensuro
1661 340 1738 386 er
1778 343 2214 389 mercium-rs.
2637 325 2754 385 323

164 474 617 544 praedictiones
644 483 835 531 autem
862 474 933 530 de
959 474 1201 530 Domino
1237 472 1457 529 Christo
1486 480 1544 529 et
1571 472 1641 528 de
1669 474 1910 531 Ecclesia
1939 490 1970 530 e
2008 475 2262 548 gentibus
2287 470 2672 553 congreganda
2701 479 2758 526 et

162 561 263 617 de
305 562 625 635 evangelica
654 563 937 634 republica
970 570 1029 617 et
1052 560 1123 617 de
1150 559 1465 633 apostolicis
1488 560 1994 635 praedicationibus
2029 579 2142 618 non
2171 561 2244 618 ad
2272 562 2376 619 alia
2407 560 2548 616 sama
2575 558 2780 640 appii--

165 665 435 717 cemus,
460 651 603 707 sicut
640 649 833 707 Iudaei
874 648 1057 707 facere
1086 650 1331 705 solent...
1362 648 1662 705 Sciendum
1699 650 1851 705 enim
1885 652 1997 720 est,
2041 649 2344 721 prophetas
2383 664 2494 704 non
2535 653 2754 703 tantum

172 736 207 789 s
204 744 400 793 utura
429 736 780 809 praedicere,
811 737 912 793 sed
938 738 1107 794 etiam
1133 738 1445 809 praesentia
1478 745 1537 793 et
1564 737 1862 809 praeterita
1881 753 2183 813 ¹narrare...
2217 738 2305 793 Sic
2341 736 2511 792 etiam
2539 734 2756 790 divinus

166 823 391 879 David
422 834 477 881 et
503 825 901 881 beneficiorum
927 825 1062 881 olim
1090 840 1123 880 a
1148 827 1270 880 Deo
1298 825 1636 881 collatorum
1661 826 1916 881 meminit
1953 834 2009 881 et
2039 826 2218 898 longis
2247 832 2372 896 post
2408 822 2640 879 saeculis
2669 820 2754 876 fu-

168 920 337 967 tura
379 922 815 981 praemonstrat;
847 929 1029 985 neque
1069 922 1289 969 tantum
1331 912 1507 969 utitur
1534 910 1718 967 verbis
1759 912 2000 968 hominis
2040 912 2414 979 vaticinantIS,
2447 908 2544 966 sed
2587 910 2756 965 etiam

174 998 271 1055 ad
280 1000 575 1055 monitoris
598 1009 656 1055 et
676 1000 1028 1073 legislatoris,
1054 1009 1110 1056 et
1132 999 1301 1057 modo
1324 1000 1600 1057 moralem
1623 999 1932 1057 doctrinam
1959 1000 2140 1069 affert,
2167 999 2336 1056 modo
2361 998 2752 1071 dogmaticam,

174 1096 253 1141 et
294 1086 635 1144 ludaeorum
670 1087 955 1145 interdum
992 1088 1331 1144 calamitates
1369 1087 1648 1160 deplorat,
1679 1087 1961 1144 interdum
1991 1088 2235 1161 gentium
2271 1087 2438 1143 saluti
2466 1086 2752 1158 praecinit,

176 1190 375 1245 saepe
398 1184 589 1231 autem
615 1176 845 1232 Domini
870 1175 1076 1232 Christi
1108 1183 1232 1231 tum
1264 1176 1576 1246 passionem
1607 1184 1728 1231 tum
1755 1176 2213 1232 resurrectionem
2239 1174 2575 1231 vaticinatur
2603 1192 2629 1224 ι)
2667 1174 2756 1239 (In

178 1262 417 1317 Psalm.
449 1264 713 1335 Proleg.).
744 1263 989 1320 Mediam
1012 1263 1159 1320 hanc
1192 1263 1341 1319 viam
1361 1272 1619 1319 tenentes
1645 1263 1778 1319 satis
1809 1264 2015 1319 multos
2039 1264 2294 1319 Psalmos
2319 1277 2440 1318 esse
2465 1260 2755 1317 messiani-

180 1364 325 1419 ωε,
356 1364 489 1405 cnm
516 1350 794 1423 plerisque
825 1350 1084 1407 Patribus
1112 1359 1169 1407 et
1193 1350 1481 1407 catholicis
1505 1350 1904 1423 interpretibus
1931 1350 2312 1423 agnoscimus3
2342 1350 2492 1405 inter
2521 1364 2616 1405 eos
2653 1364 2754 1403 au-

182 1446 321 1492 tem
339 1437 435 1493 alii
454 1437 525 1493 de
544 1437 765 1495 Christo
784 1454 1025 1510 regnove
1048 1439 1167 1494 eius
1184 1438 1264 1495 ita
1288 1447 1479 1510 agunt,
1501 1447 1566 1493 ut
1589 1454 1814 1495 omnem
1835 1437 2000 1495 aliam
2023 1438 2446 1511 explicationem
2469 1445 2750 1507 respuant,

182 1531 377 1597 atque
397 1524 461 1581 hi
478 1525 679 1581 literali
698 1542 859 1583 sensu
880 1525 951 1581 de
970 1526 1190 1583 Christo
1206 1526 1554 1599 explicentur
1566 1535 1786 1599 oportet
1801 1532 1918 1595 (Ps.
1939 1532 1995 1583 2.
2021 1532 2108 1583 15.
2127 1532 2217 1583 21.
2240 1533 2331 1583 44.
2356 1532 2445 1583 71.
2467 1530 2554 1581 86.
2583 1528 2749 1590 109.).

184 1612 391 1668 Maior
411 1621 497 1669 est
522 1630 789 1669 numerus
814 1630 1009 1669 corum
1024 1658 1039 1685 ,
1071 1614 1165 1686 qui
1192 1614 1449 1686 proxime
1484 1614 1714 1686 quidem
1739 1612 2011 1671 Davidem
2046 1614 2133 1671 vel
2171 1614 2356 1671 alium.
2375 1628 2568 1685 regem
2593 1610 2752 1668 davi-

188 1699 395 1755 dicum
427 1702 657 1773 eiusque
687 1701 799 1757 fata
827 1702 915 1758 vel
942 1717 1177 1775 regnum
1203 1702 1523 1774 respiciunt,
1554 1703 1632 1757 ita
1657 1711 1846 1758 tamen
1873 1710 1937 1759 ut
1961 1701 2124 1758 simul
2149 1701 2428 1758 Christum
2455 1701 2543 1756 vel
2563 1715 2654 1759 res
2681 1699 2752 1755 ad

189 1802 337 1843 eum
366 1787 711 1859 pertinentes
736 1798 1207 1861 praemonstrent,
1238 1798 1409 1861 atque
1444 1787 1503 1845 hi
1537 1789 1718 1861 typice
1753 1789 2058 1845 messianici
2089 1798 2240 1847 recte
2273 1788 2651 1860 appellantur3
2685 1787 2752 1842 iis

189 1883 399 1931 autem
425 1891 541 1931 non
568 1884 788 1932 tantum
806 1876 1253 1953 ,adnumerentur
1288 1885 1508 1950 oportet
1535 1877 1642 1945 illi,
1677 1878 1772 1949 qui
1806 1878 1866 1933 in
1900 1880 2059 1933 Novo
2085 1878 2234 1933 Test.
2267 1875 2374 1933 hac
2409 1876 2624 1931 ratione
2651 1890 2750 1931 ex-

192 1962 488 2032 plicantur
510 1968 626 2031 (Ps.
659 1970 745 2020 34.
792 1970 882 2021 68.
926 1970 1048 2030 108,
1092 1970 1253 2033 etc.),
1284 1964 1383 2021 sed
1410 1964 1491 2021 illi
1518 1981 1768 2036 quoque,
1803 1980 1942 2036 quos
1981 1964 2331 2020 communior
2369 1962 2749 2035 interpretatio

189 2049 486 2107 catholica
526 2050 599 2107 ad
627 2052 910 2108 Christum
947 2052 1119 2109 refert
1157 2056 1273 2118 (Ps.
1314 2059 1367 2109 3.
1410 2058 1467 2107 4.
1504 2059 1558 2107 5.
1599 2058 1655 2108 9.
1713 2058 1795 2118 10,
1840 2058 1990 2118 etc.),
2023 2052 2189 2107 Pauci
2227 2051 2298 2107 de
2334 2049 2558 2107 homine
2604 2050 2748 2105 iusto

188 2139 519 2209 generatim
556 2140 804 2209 proxime
845 2149 1048 2213 agunt,
1086 2140 1184 2197 sed
1228 2140 1454 2212 plenum
1496 2149 1554 2195 et
1587 2140 1896 2212 perfectum
1938 2144 2101 2194 suum
2141 2154 2364 2194 sensum
2405 2153 2519 2193 non
2559 2152 2748 2193 conse·

190 2234 477 2295 quantur,
507 2226 612 2281 nisi
640 2226 708 2283 de
733 2228 891 2282 iusto
916 2228 1024 2280 κατ’
1054 2227 1255 2298 ἔξοχήν,
1282 2226 1319 2281 i.
1352 2243 1401 2284 c.
1434 2225 1505 2283 de
1533 2226 1784 2295 Christo,
1817 2225 2058 2283 secundo
2083 2224 2318 2294 Adamo,
2349 2226 2514 2281 simul
2537 2225 2746 2281 intelli-

188 2320 434 2383 gantur3
458 2313 565 2369 hos
582 2313 750 2387 igitur
763 2314 1025 2371 eminenti
1039 2330 1139 2370 suo
1154 2330 1319 2371 sensu
1333 2314 1615 2370 Christum
1629 2314 1947 2385 praedicere
1966 2329 2256 2369 censemus
2269 2318 2386 2379 (Ps.
2408 2320 2462 2369 8.
2481 2318 2570 2369 20.
2593 2317 2744 2379 etc.),

188 2402 447 2457 Demum
475 2400 531 2456 in
558 2401 841 2457 nonnullis
866 2402 1161 2475 magnifica
1188 2402 1482 2474 promissio
1516 2402 1716 2457 Davidi
1746 2402 1974 2473 eiusque
2001 2400 2190 2457 domui
2220 2400 2363 2457 sacta
2391 2401 2410 2473 (
2437 2406 2471 2457 2
2498 2405 2634 2473 Req.
2669 2406 2744 2467 7.)

188 2487 256 2541 in
286 2488 623 2544 memoriam
659 2498 951 2545 revocatur
985 2497 1081 2545 aut
1117 2490 1462 2561 supponitur,
1496 2498 1664 2560 atque
1693 2489 1898 2545 horum
1927 2503 2054 2559 pars
2080 2488 2277 2544 saltem
2314 2496 2400 2545 est
2425 2488 2744 2543 messianica

188 2578 317 2643 (1²³.
352 2581 441 2630 1⁷.
473 2582 715 2643 ss.1a1‚
747 2582 897 2643 ete).

278 2698 553 2765 Psalmis
594 2705 811 2759 autem
848 2701 1238 2760 messianicis
1280 2717 1466 2778 quam
1514 2700 1791 2778 plurima
1832 2715 1998 2761 nova
2045 2699 2343 2777 mysteria
2383 2698 2460 2758 de
2501 2698 2744 2759 Christo

190 2812 525 2873 regnoque
547 2795 680 2856 eius
712 2800 856 2856 sunt
887 2813 1215 2874 expressa;
1245 2796 1324 2857 ad
1351 2813 1541 2874 quam
1567 2796 2013 2855 vaticiniorum
2035 2796 2284 2873 copiam
2307 2794 2743 2872 explicandam

188 2892 490 2951 nonnulli
520 2892 841 2952 immerito
870 2892 949 2952 ad
991 2894 1309 2970 poeticum
1338 2894 1740 2953 Psalmorum
1778 2891 2205 2954 characterem
2243 2896 2622 2969 provocant,
2657 2892 2742 2951 si-

190 2988 459 3065 quidem
498 2988 617 3047 soli
656 2988 917 3065 Spiritui
950 2990 1011 3049 S.
1046 2988 1333 3061 debetur,
1370 2994 1560 3066 atque
1597 2989 1825 3062 David,
1859 2988 2074 3065 Asaph
2109 2988 2346 3065 aliique
2381 2987 2742 3064 psalmistae

188 3104 323 3147 non
353 3089 604 3145 tantum
627 3090 851 3163 poetae
876 3089 1053 3146 erant
1078 3085 1187 3146 sed
1218 3086 1413 3145 etiam
1437 3085 1801 3163 prophetae.

258 3192 463 3261 Usque
509 3187 581 3243 ad
619 3188 849 3245 Davidis
886 3198 1126 3245 aetatem
1166 3206 1339 3261 pauca
1386 3188 1692 3245 admodum
1734 3187 1804 3244 de
1842 3188 2062 3245 Christo
2111 3190 2338 3261 eiusque
2366 3204 2538 3261 regno
2585 3198 2742 3245 crant

184 3278 403 3333 diserte
428 3276 699 3345 revelata,
732 3264 927 3333 veru'm
951 3278 1011 3333 in
1038 3276 1271 3333 Psalmis
1296 3292 1408 3333 non
1439 3284 1660 3332 tantum
1681 3276 1884 3348 triplex
1912 3276 2118 3333 Christi
2145 3291 2366 3347 munus,
2395 3275 2598 3348 duplex
2625 3277 2744 3333 eius

184 3374 391 3421 natura
408 3406 425 3433 ,
458 3364 642 3435 passio
672 3373 726 3419 ct
750 3366 1083 3421 resurrectio
1114 3374 1170 3420 et
1193 3365 1365 3438 gloria
1396 3364 1544 3432 eim,
1576 3363 1960 3426 universalitas
1994 3372 2052 3420 et
2081 3363 2378 3420 aeternitas
2407 3365 2567 3437 regni
2591 3380 2738 3421 mes—

186 3452 408 3520 sianici,
440 3450 538 3506 sed
566 3452 735 3507 etiam
760 3451 837 3518 (id
866 3451 1017 3524 quod
1043 3451 1329 3509 nonnullis
1356 3452 1536 3523 magis
1565 3451 1770 3507 mirum
1797 3449 2034 3517 videtur)
2059 3452 2306 3507 minutae
2329 3467 2420 3507 res
2447 3452 2590 3507 vitae
2614 3468 2738 3523 pas-

185 3540 477 3611 sionisque
505 3539 623 3595 eius
656 3540 757 3604 (uti
784 3555 1053 3595 manuum
1082 3539 1394 3611 pedumque
1424 3538 1743 3605 transfixio,
1778 3538 2013 3593 vestium
2039 3538 2254 3595 sortitio
2281 3544 2411 3607 etc.)
2441 3540 2740 3595 clarissime

186 3627 613 3698 praedicuntur.
646 3632 721 3682 At
756 3626 942 3699 οἴστρῳ
968 3626 1187 3683 cuidam
1214 3627 1431 3699 poetico
1465 3626 1651 3698 potius
1679 3642 1849 3698 quam
1877 3626 2104 3697 Spintui
2139 3629 2198 3684 S.
2240 3626 2378 3683 haec
2405 3627 2597 3683 deberi
2630 3628 2737 3682 im-

184 3716 393 3769 merito
423 3714 706 3771 asseritur.
746 3714 893 3771 Illud
920 3714 1111 3787 utique
1135 3712 1809 3786 concedimus,-Spiritum
1835 3715 1892 3770 S.
1923 3714 1982 3769 in
2009 3712 2370 3785 inspiratione
2393 3730 2540 3784 sese,
2573 3726 2636 3769 ut
2661 3714 2736 3771 ita

187 3801 475 3871 dicamus,
502 3802 723 3874 ingenio
748 3816 1035 3858 sacrorum
1064 3803 1397 3873 scriptorum
1424 3800 1872 3858 accommodasse
1899 3811 2062 3873 atque
2093 3811 2284 3873 poetas
2310 3802 2386 3858 ita
2414 3803 2733 3867 illustrasse,

188 3899 253 3945 ut
283 3904 548 3945 verorum
574 3898 863 3960 poetarum
892 3898 1077 3961 partes
1102 3898 1345 3962 agerent.
1378 3892 1498 3946 Hac
1519 3888 1756 3959 ratione,
1781 3889 1832 3944 si
1859 3889 1984 3961 quis
2009 3889 2274 3954 voluerit,
2303 3905 2370 3945 ex
2397 3905 2626 3960 poeseos
2647 3905 2742 3945 na-

192 3988 323 4032 tura
352 3976 627 4049 explicare
650 3978 874 4049 poterit,
900 3994 1000 4033 cur
1027 3994 1059 4033 a
1086 3978 1298 4033 Davide
1320 3976 1567 4033 minutae
1592 3976 1864 4048 quaedam
1892 3977 2162 4048 passionis
2187 3992 2276 4033 res
2300 3978 2410 4031 sint
2438 3976 2742 4047 descriptae

190 4065 318 4119 aliis
352 4064 655 4122 maioribus
684 4066 925 4131 omissis,
958 4064 1264 4121 dummodo
1302 4066 1467 4122 simul
1496 4073 1714 4132 teneat,
1744 4064 1866 4121 illas
1902 4080 2094 4121 revera
2123 4080 2156 4121 a
2182 4063 2386 4135 Spiritu
2413 4066 2469 4119 S.
2503 4080 2620 4119 esse
2649 4081 2736 4119 re-

194 4152 425 4207 velatas
468 4152 725 4209 Ceterum
764 4154 823 4209 in
848 4154 1041 4209 multis
1069 4152 1467 4225 prophetarum
1496 4152 1764 4208 vaticiniis
1799 4151 1948 4208 idem
1988 4152 2264 4219 videmus,
2295 4150 2572 4207 interdum
2611 4167 2736 4222 pro·

194 4240 397 4311 phetae
440 4256 562 4296 rem
590 4240 835 4297 futuram
876 4242 1139 4297 extremis
1181 4250 1397 4297 tantum
1439 4240 1785 4295 lineamentis
1813 4239 2176 4309 adumbrant,
2200 4238 2484 4296 interdum
2513 4254 2738 4309 parvam

191 4328 275 4383 rei
318 4328 650 4398 particulam
692 4330 1007 4385 minutatim
1034 4328 1367 4401 depingunt;
1408 4327 1559 4384 idem
1605 4336 1793 4383 autem
1838 4343 2056 4399 semper
2101 4334 2186 4383 est
2213 4326 2474 4399 SpirituS,
2504 4328 2596 4398 qui
2641 4344 2738 4398 per

192 4432 293 4471 eos
318 4416 569 4487 loquitur
596 4418 891 4488 omniaque
918 4417 1033 4472 sive
1064 4432 1261 4489 magna
1290 4417 1405 4471 sive
1436 4432 1602 4487 parva
1626 4416 1850 4471 revelat.

272 4540 333 4598 3.
374 4572 457 4582 --
491 4538 785 4600 Divinam
824 4542 1233 4601 auctoritatem
1268 4541 1662 4600 Psalmorum
1702 4539 2130 4600 demonstrare
2177 4540 2561 4618 superfluum
2607 4546 2728 4615 est,

190 4638 491 4713 quoniam
533 4635 599 4696 in
629 4637 762 4697 solo
794 4640 961 4698 Novo
1002 4637 1168 4697 Test.
1200 4638 1324 4697 iam
1355 4630 1677 4698 abundant
1709 4636 2072 4697 testimonia
2106 4636 2455 4697 divinitatis
2489 4654 2728 4699 eorum.

1464 4780 1503 4795 Q
