3050 5184
966 318 1272 362 vumArAn
1313 317 1486 363 omeo
1527 319 1603 363 m·
1648 320 1914 365 mnoms.
2602 302 2715 361 107

175 450 376 520 optimo
417 466 628 518 genere
659 448 1063 520 interpretandi
1092 470 1119 501 »
1153 448 1248 521 (ad
1277 450 1492 505 Pamm.
1534 465 1623 521 ep.
1656 456 1747 518 57)
1778 450 1911 507 boni
1933 451 2251 521 interpretis
2283 466 2403 506 esse
2429 449 2611 514 docet,
2639 448 2710 505 ad

171 553 388 594 sensum
419 537 607 610 potius
627 538 947 606 verborum,
976 552 1146 609 quam
1173 536 1247 593 ad
1273 538 1438 594 verba
1469 540 1589 609 ipsa
1617 538 1934 608 attendere3
1956 554 2125 610 quam
2148 539 2402 611 regulam
2426 553 2554 593 eum
2582 554 2714 609 quo-

169 641 266 696 que
285 625 595 682 observare
615 625 852 681 voluisse
865 664 882 693 ,
911 626 1000 681 vel
1027 624 1144 681 sola
1165 624 1262 681 illa
1279 625 1390 681 iam
1415 624 1685 697 elegantia
1716 624 1977 695 ostendit,
2004 626 2218 698 quaein
2236 626 2429 682 multis
2448 626 2715 681 versionis

165 712 414 783 partibus
425 714 791 784 conspicitur3
813 711 1248 769 uniformitatem
1269 712 1415 768 enim
1431 712 1560 785 styli
1576 712 1818 769 hebraici
1831 713 2037 769 evitare
2052 712 2264 769 studuit
2283 713 2539 785 parvulas
2551 713 2713 785 phra-

166 814 244 855 ⁵ae
279 800 583 857 hebraicas
617 799 874 856 rotundis
913 799 1414 855 constructionibus
1455 799 1827 872 complectens
1854 800 2301 873 superfluamque
2326 800 2713 857 verbositatem

167 888 572 959 continuasque
589 888 948 959 repetitiones
973 888 1181 943 evitans
1198 885 1302 954 (cfr
1331 902 1419 943 ex.
1442 902 1526 959 gr.
1555 890 1696 944 Gen.
1726 892 1846 957 39,1
1882 904 1996 960 sq.,
2033 888 2225 945 Exod.
2255 894 2420 958 40,12
2458 902 2578 958 sqq.
2604 897 2709 943 etc.

165 990 286 1029 eum
311 982 482 1030 textu
519 974 723 1045 hebr.J.
755 977 909 1031 Raro
935 974 1102 1031 verba
1129 974 1292 1030 nimis
1315 990 1572 1046 premens
1596 974 1882 1031 obscurior
1914 974 1976 1030 fit
2004 976 2105 1047 (ex.
2136 992 2219 1049 gr.
2251 978 2391 1033 Gen.
2418 980 2609 1043 49,22;
2634 978 2709 1029 Is.

171 1062 329 1132 18,1),
366 1062 720 1134 frequentius
745 1062 1042 1135 genuinum
1065 1076 1288 1117 sensum
1317 1068 1412 1118 aut
1444 1078 1559 1119 non
1588 1066 1861 1135 percepit,
1888 1071 1985 1118 aut
2012 1078 2124 1119 non
2149 1064 2296 1119 clare
2325 1063 2591 1133 expressit
2618 1070 2715 1118 aut

165 1148 340 1204 eidem
363 1166 537 1205 suum
563 1150 735 1221 ipsius
774 1164 996 1206 sensum
1033 1148 1329 1206 substituit.
1376 1151 1598 1207 Etenim
1630 1151 1844 1207 omissis
1879 1150 1988 1207 illis
2018 1151 2181 1220 lociS‚
2212 1151 2271 1206 in
2309 1152 2507 1223 quibus
2539 1150 2712 1205 nomi·

165 1244 320 1301 nibus
351 1247 598 1318 propriis
640 1262 934 1304 erroneam
969 1246 1387 1318 explicationem
1427 1245 1642 1303 addidit
1686 1253 1792 1315 (ex.
1836 1263 1919 1321 gr.
1959 1248 2097 1312 Iud,
2144 1252 2267 1317 1,35
2304 1253 2548 1341 mmmm
2590 1266 2615 1296 <t
2654 1247 2711 1301 in

166 1378 354 1424 monte
383 1370 600 1438 Hares,
633 1367 785 1442 quod
811 1371 1206 1442 interpretatur
1231 1374 1485 1427 testaceo
1514 1391 1543 1423 υ
1562 1414 1577 1441 ,
1619 1338 1823 1429 rectius
1848 1374 1929 1427 Is.
1973 1377 2135 1440 19‚18
2174 1378 2297 1464 021]
2326 1376 2427 1453 “alf
2468 1390 2493 1420 (ε
2524 1370 2713 1425 civitas

165 1482 304 1538 solis
333 1482 393 1553 ι)
427 1491 530 1538 aut
553 1484 780 1540 nomina
803 1484 1044 1555 propria,
1077 1499 1142 1540 ae
1168 1482 1215 1539 si
1241 1483 1571 1557 appellativa
1602 1493 1804 1554 essent,
1832 1484 2001 1541 latine
2028 1454 2279 1542 reddidit⁸
2301 1484 2409 1557 (ex.
2440 1500 2525 1555 gr.
2564 1486 2708 1541 Gen.

171 1584 288 1643 12,ss
326 1574 471 1672 ³20
511 1560 648 1666 1553
684 1600 710 1631 a
738 1580 1006 1636 convallis
1035 1579 1264 1636 illustris
1307 1600 1367 1649 n,
1409 1580 1505 1635 sed
1533 1584 1694 1638 Dent.
1742 1587 1900 1645 11,3o
1939 1576 2072 1677 ”2³²
2114 1562 2276 1674 ’.ι-ᾗς
2322 1600 2349 1633 α
2391 1580 2551 1637 vallis
2584 1586 2708 1636 ten-

169 1691 304 1747 dens
332 1700 398 1750 et
427 1695 662 1749 intrans
683 1694 892 1767 procul
919 1695 970 1767 ο)
1001 1694 1086 1765 a.)
1116 1695 1404 1767 aliquoties
1431 1710 1464 1751 a
1491 1694 1722 1752 iudaicis
1748 1697 1861 1753 suis
1879 1696 2155 1769 magistris
2180 1694 2442 1751 seductus
2466 1693 2707 1751 rabbini-

169 1794 282 1836 oem
309 1782 833 1852 interpretationem
855 1782 1028 1838 textui
1055 1782 1285 1837 inseruit
1310 1786 1417 1849 (ex.
1454 1799 1537 1855 gr.
1569 1789 1603 1839 2
1630 1783 1802 1840 Esdr.
1858 1790 1949 1848 9,7
1995 1804 2021 1835 α
2058 1782 2291 1840 eduxisti
2317 1780 2603 1838 Abraham
2634 1778 2709 1835 de

169 1878 298 1948 iyne
329 1868 494 1951 [Ἶπκ]
525 1877 933 1934 Chaldaeorum
957 1898 1008 1948 w,
1039 1876 1136 1933 sed
1171 1886 1320 1933 recte
1352 1882 1493 1934 Gen.
1538 1884 1689 1947 11,3ι
1735 1900 1761 1931 α
1796 1878 1986 1936 eduxit
2028 1895 2121 1936 eos
2158 1879 2233 1936 de
2275 1883 2360 1935 Ur
2394 1876 2706 1935 Chaldaeo-

171 1978 288 2020 rum
315 1985 374 2030 »,
407 1980 540 2021 nam
576 1985 601 2016 κ
626 1964 865 2021 nominis
892 1970 978 2021 Ur
999 1965 1284 2021 occasione
1306 1966 1545 2022 Hebraei
1572 1965 1856 2039 fabulam
1885 1965 2131 2037 tradunt,
2159 1965 2310 2039 quod
2337 1965 2623 2023 Abraham
2646 1963 2706 2019 in

171 2051 348 2124 ignem
377 2054 582 2109 missus
609 2052 697 2123 sit,
727 2053 857 2125 quia
882 2054 1066 2127 ignem
1087 2054 1268 2109 colere
1294 2054 1536 2109 noluerit
1563 2063 1620 2109 et
1638 2056 1741 2111 Dei
1764 2054 1966 2111 auxilio
1994 2054 2259 2111 liberatus
2286 2053 2361 2109 de
2380 2056 2513 2127 ique
2530 2051 2703 2108 idolo·

177 2137 366 2197 latriae
395 2139 706 2213 profugerit
737 2160 760 2193 ι
789 2141 1034 2211 [Quaest.
1065 2141 1124 2195 in
1145 2141 1292 2196 Gen.
1326 2142 1541 2215 ¹1‚28];
1568 2142 1802 2198 similem
1828 2142 2069 2198 fabulam
2098 2150 2316 2197 secutus
2344 2150 2428 2197 est
2458 2145 2569 2195 Ios,
2605 2145 2697 2207 14,

176 2232 255 2293 15,
279 2226 350 2284 de
379 2244 494 2299 qua
520 2226 606 2283 cfr
638 2227 706 2283 ad
749 2226 1009 2285 Eustoch.
1044 2243 1132 2298 ep.
1175 2233 1400 2297 108,1¹;
1439 2231 1602 2298 etc.);
1642 2228 1717 2301 b.)
1751 2230 1809 2284 in
1844 2231 1979 2285 alios
2014 2238 2203 2285 textus
2241 2229 2582 2301 dogmaticos
2616 2228 2701 2282 vel

175 2317 408 2372 morales
435 2330 598 2371 suam
621 2316 1131 2387 interpretationem
1158 2316 1392 2372 inseruit
1417 2322 1526 2383 (ex.
1558 2333 1639 2389 gr.
1670 2318 1861 2374 Exod.
1892 2323 2056 2385 23,13
2084 2334 2185 2389 pro
2216 2315 2472 2373 hebraico
2504 2324 2657 2373 textu
2684 2336 2696 2369 :

179 2422 202 2449 ε
223 2404 440 2461 Nomen
471 2401 704 2459 deorum
731 2403 1040 2459 alienorum
1067 2419 1182 2458 non
1217 2404 1757 2461 commemorabicis
1795 2428 1818 2457 ι»
1850 2411 2034 2477 posuit
2074 2424 2098 2456 ι
2141 2407 2248 2461 Per
2282 2420 2488 2460 nomen
2519 2412 2698 2459 exter·
2740 2449 2745 2453 .

173 2506 365 2547 norum
392 2489 631 2548 deorum
657 2506 770 2547 non
796 2491 1070 2546 tur-ebitis
1106 2494 1178 2559 n),
1211 2493 1535 2563 praesertim
1554 2493 1615 2547 in
1644 2493 1909 2549 vaticiniis
1944 2493 2308 2561 messianicis3
2338 2492 2521 2563 aliqua
2554 2492 2699 2547 enim

175 2578 242 2633 ita
263 2580 450 2647 vertit,
479 2579 626 2633 utin
647 2593 874 2635 sensum
901 2578 1292 2635 messianicum
1327 2578 1474 2634 trahi
1511 2580 1720 2651 possint
1748 2584 1855 2647 (ex.
1893 2596 1975 2651 gr.
2008 2584 2084 2635 Is.
2118 2586 2248 2653 2,*22
2292 2601 2317 2631 α
2352 2580 2479 2651 quia
2517 2579 2699 2635 excel-

174 2680 258 2722 sus
277 2673 572 2738 reputatus
599 2674 682 2721 est
702 2666 820 2738 ipse
848 2687 906 2736 »3
942 2672 1061 2734 16,1
1094 2683 1124 2721 s
1150 2667 1342 2722 emitte
1371 2682 1575 2739 agnum
1605 2666 2005 2723 dominatorem
2038 2676 2220 2723 terrae
2248 2688 2273 2718 n
2308 2671 2471 2736 etc.),
2502 2681 2697 2737 quam-

177 2755 246 2808 vis
267 2754 328 2809 in
348 2754 748 2810 commentario
777 2752 1022 2823 adnotet,
1049 2754 1282 2810 alteram
1303 2755 1639 2823 versionem,
1669 2771 1808 2827 quae
1836 2754 2218 2811 messianicam
2250 2754 2573 2810 relationem
2600 2770 2698 2809 ex-

175 2840 370 2913 cludat,
400 2857 522 2897 esse
549 2842 1016 2909 communiorem
1047 2841 1178 2909 alia,
1213 2857 1354 2913 quae
1381 2842 1578 2898 latiore
1615 2842 1857 2915 quodam
1880 2857 2045 2898 sensu
2076 2842 2399 2897 messianica
2436 2849 2593 2910 sunt,
2627 2840 2695 2895 ad

174 2930 397 2999 speciale
419 2927 632 2985 factum
657 2926 988 2986 determinat
1011 2932 1124 2997 (ex.
1154 2944 1241 3001 gr.
1280 2932 1355 2984 [ε.
1389 2935 1551 2999 imo
1584 2948 1609 2981 α
1641 2931 1748 2986 erit
1774 2928 2107 3002 sepulerum
2136 2930 2252 2986 eius
2283 2929 2583 3003 gloriosum
2612 2930 2695 2999 »);

173 3017 288 3081 alia,
319 3032 462 3089 quae
488 3015 560 3073 de
575 3017 810 3073 Messiae
829 3031 999 3089 regno
1016 3014 1162 3073 dicta
1185 3024 1333 3087 sunt,
1355 3017 1424 3072 ad
1453 3016 1681 3074 Messiae
1700 3032 1995 3089 personam
2014 3016 2185 3073 refert
2214 3018 2317 3088 (ex.
2342 3033 2424 3089 gr.
2451 3020 2529 3071 Is.
2552 3022 2642 3085 45,
2665 3023 2699 3073 8

179 3123 202 3153 ι
230 3104 410 3159 Nubes
439 3104 635 3176 pluant
652 3108 896 3169 iustum,
928 3106 1205 3177 aperiatur
1233 3108 1384 3161 terra
1420 3114 1476 3160 et
1513 3106 1783 3179 germinet
1823 3104 2186 3161 salvatorem
2218 3126 2277 3172 »ς
2308 3110 2437 3169 51,5
2472 3124 2497 3155 α
2530 3120 2697 3175 prope

177 3198 250 3245 est
268 3192 450 3247 iustus
477 3208 658 3261 meus,
685 3207 936 3265 egressus
964 3201 1046 3247 est
1069 3193 1334 3248 salvator
1353 3208 1513 3249 meus
1547 3213 1595 3258 ι,
1628 3193 1723 3249 ubi
1750 3193 2025 3249 abstracta
2052 3193 2279 3249 nomina
2312 3193 2573 3257 iusticia,
2604 3208 2697 3249 sa·

178 3276 257 3331 lus
291 3278 542 3350 ponenda
570 3284 778 3347 erant);
810 3280 935 3349 alia,
965 3294 1107 3352 quac
1135 3279 1372 3350 elliptice
1400 3287 1530 3335 sunt
1554 3279 1728 3349 dicta,
1759 3294 1859 3335 suo
1891 3278 2058 3336 modo
2102 3282 2321 3351 supplet
2360 3281 2528 3349 (Dan.
2570 3286 2699 3349 9,26

179 3353 230 3429 55
257 3381 378 3465 pre]
419 3395 444 3427 α
471 3391 588 3432 non
616 3377 721 3432 erit
743 3377 796 3433 ei
818 3396 870 3445 n,
897 3392 999 3448 pro
1029 3391 1138 3449 quo
1165 3376 1221 3431 S.
1253 3377 1420 3431 Hier.
1451 3397 1481 3428 «
1509 3392 1626 3432 non
1655 3376 1758 3432 erit
1793 3378 1908 3432 eius
1926 3375 2185 3451 populus
2223 3376 2327 3450 qui
2354 3392 2485 3432 eum
2513 3393 2699 3448 περα-

181 3495 332 3545 turus
358 3496 444 3545 esc
476 3510 530 3559 n,
554 3498 650 3546 aut
674 3497 737 3545 ut
765 3489 1012 3561 habetin
1039 3490 1442 3546 commentario
1467 3510 1492 3543 α
1523 3507 1639 3546 non
1666 3490 1771 3548 erit
1793 3491 1939 3547 illius
1976 3492 2296 3563 imperium,
2328 3492 2487 3567 quod
2512 3500 2698 3565 puta-

184 3574 310 3631 bant
332 3593 392 3633 se
413 3581 732 3635 retenturos
751 3598 812 3645 »ς
844 3579 898 3634 S.
926 3580 1072 3651 Aug.
1105 3586 1290 3633 autem
1319 3578 1467 3634 aliud
1491 3578 1939 3652 supplementum
1962 3578 2169 3635 indicat
2200 3599 2214 3635 τ
2253 3600 2277 3631 «
2309 3596 2423 3636 non
2452 3582 2555 3637 erit
2575 3584 2701 3637 eius

181 3662 428 3721 civitatis
450 3686 478 3716 n
512 3666 730 3736 aliaque
767 3664 1010 3721 indicant
1037 3665 1168 3733 alii).
1199 3666 1348 3722 Hine
1395 3667 1560 3722 etiam
1586 3666 1670 3735 fit,
1702 3674 1765 3722 ut
1806 3666 1867 3721 in
1908 3668 2319 3723 commentariis
2366 3668 2489 3739 plus
2530 3672 2699 3725 semel

181 3750 338 3819 aliam,
365 3768 536 3824 quam
564 3753 622 3809 in
649 3753 897 3808 versione
924 3751 1093 3822 dedit,
1123 3753 1545 3824 explicationem
1563 3752 1846 3827 praeferat
1872 3754 2181 3827 tacitusque
2200 3756 2399 3827 seipse
2418 3764 2698 3812 retractet.

240 3841 424 3897 Naevis
451 3840 622 3912 igitur
653 3842 768 3896 suis
795 3856 906 3896 non
936 3840 1099 3912 plane
1125 3848 1278 3898 caret
1299 3851 1490 3898 nostra
1513 3842 1805 3898 translatio
1824 3885 1837 3912 ‚
1868 3859 2051 3915 neque
2084 3840 2157 3899 ad
2182 3858 2461 3899 summam
2486 3842 2701 3917 perfec-

186 3925 364 3984 tionem
387 3928 632 3985 adducta
658 3936 762 3996 est,
785 3928 912 4001 quia
938 3928 1212 3999 interpres
1238 3929 1529 4002 aliquoties
1555 3930 1717 3986 nimis
1738 3931 2013 3986 festinavit
2037 3951 2053 3985 ε
2080 3938 2195 3987 tres
2214 3930 2383 3986 libros
2406 3930 2704 3987 salomoni-

187 4026 264 4069 ως
275 4024 429 4073 vocat
455 4036 483 4067 α
505 4014 676 4072 tridui
692 4030 832 4088 opus
855 4036 907 4079 n,
925 4016 1158 4073 Tobiam
1177 4032 1290 4073 uno
1313 4016 1423 4086 die,
1446 4017 1637 4073 Iudith
1655 4034 1765 4073 una
1782 4026 1945 4074 nocte
1967 4019 2150 4075 vertit.
2176 4019 2363 4089 Quare
2380 4032 2545 4073 nemo
2561 4034 2695 4089 quo-

187 4116 276 4170 que
297 4104 608 4173 mirabitur,
641 4102 792 4176 quod
810 4104 868 4159 in
890 4104 1139 4160 versione
1162 4107 1216 4161 S.
1241 4104 1565 4175 Hieronymi
1584 4105 1741 4160 stella
1768 4120 1799 4161 a
1818 4104 1978 4162 stella
1998 4105 2218 4162 differat
2246 4106 2513 4163 claritate.
2544 4106 2697 4161 Inter

187 4202 352 4247 omnes
372 4192 546 4249 libros
573 4190 836 4247 fidelitate
865 4200 920 4247 et
946 4192 1214 4263 elegantia
1239 4191 1484 4248 historici
1515 4194 1927 4263 protocanonici
1949 4201 2262 4265 praestant,
2294 4192 2493 4265 quibus
2512 4192 2693 4248 fideli-

189 4282 280 4333 tate
305 4280 384 4335 vix
412 4279 723 4352 quidquam
749 4279 894 4336 cedit
922 4279 1049 4349 lob3
1081 4280 1401 4335 salomonici
1429 4296 1651 4353 quoque
1680 4280 1837 4349 libri,
1864 4298 1980 4337 non
2016 4281 2270 4337 obstante
2292 4294 2492 4352 magna
2520 4280 2693 4336 inter-

191 4367 328 4425 pretis
351 4369 654 4435 celeritate,
687 4367 818 4423 satis
845 4366 1079 4424 fideliter
1109 4369 1252 4424 versi
1290 4376 1436 4424 sunt.
1483 4370 1550 4424 In
1590 4369 1856 4424 Psalterio
1884 4372 1942 4425 S.
1972 4372 2185 4424 Doctor
2220 4366 2435 4423 literam
2473 4366 2693 4424 hebrai·

190 4467 287 4507 cam
310 4458 512 4512 arctius
539 4464 763 4511 secutus
789 4463 892 4525 est,
923 4455 1072 4511 unde
1098 4453 1291 4512 durior
1331 4464 1388 4512 et
1421 4456 1616 4513 rudior
1638 4457 1755 4514 eius
1782 4465 1867 4513 est
1902 4456 2099 4521 dictim
2130 4462 2297 4526 atque
2321 4454 2381 4510 in
2408 4454 2693 4526 prophetis

193 4552 376 4614 quoque
401 4546 560 4602 color
589 4543 881 4599 hebraicus
917 4544 1216 4614 praevalet.
1247 4544 1523 4601 Ultimum
1559 4546 1775 4615 locum,
1808 4545 1853 4602 si
1889 4544 1963 4601 ad
1997 4544 2323 4600 fidelitatem
2360 4542 2686 4607 attenderiS,

193 4632 348 4687 tenent
369 4632 494 4688 libri
515 4631 708 4689 Iudith
737 4639 793 4687 et
814 4630 1034 4689 TobiaS.
