3050 5184
867 288 940 332 na
981 287 1342 332 ⁴woclin-ms
1383 287 1526 332 novt
1566 286 1955 332 resnmann.
2593 270 2671 330 53

129 417 490 479 habuerunt
539 421 604 479 in
654 419 950 480 Ecclesia.
999 419 1259 481 Circiter
1306 420 1758 497 quinquaginta
1805 418 2311 496 evangeliorum,
2360 417 2667 479 duodevi-

126 514 284 590 ginti
320 521 580 576 actuum
615 516 785 578 tituli
823 533 898 576 ex
925 517 1182 576 Patrum
1222 516 1520 596 operibus
1565 516 1801 595 cogniti
1844 519 2016 588 sunt,
2048 515 2379 592 pauciores
2414 516 2666 575 fuerunt

125 611 432 690 epistolae
463 617 530 672 et
557 613 999 692 apocalypses;
1033 611 1144 673 sed
1183 629 1378 690 pauca
1409 612 1732 673 dumtaxat
1756 630 1833 673 ex
1871 611 2164 673 omnibus
2196 612 2335 671 istis
2366 611 2668 688 operibus

125 713 268 768 sunt
293 709 669 787 superstite,
694 727 960 786 quorum
992 710 1261 770 maxima
1286 709 1524 771 utilitas
1555 711 1620 769 in
1646 727 1721 771 eo
1746 715 1871 783 est,
1898 708 2067 786 quod
2096 726 2171 769 eo
2201 712 2486 786 tempore
2503 753 2517 779 ,
2544 724 2668 784 quo

121 806 390 866 conficta
425 811 606 878 sunt,
633 807 941 884 genuinos
961 806 1155 868 libros
1184 797 1515 867 canonicos
1552 806 1678 866 iam
1707 806 2020 867 exstitisse
2065 804 2401 866 ostendant
2440 809 2502 864 et
2531 821 2663 864 ma-

121 919 312 978 gnam
351 902 630 963 doceant
665 902 1120 978 differentiam,
1153 920 1310 982 quae
1356 903 1693 980 inspiratos
1727 903 1891 964 inter
1930 907 1992 963 et
2036 901 2427 981 apocryphos
2471 899 2666 960 libros

121 998 488 1060 intercedit.

181 1095 528 1166 Evangelia
573 1095 944 1168 apocrypha,
986 1111 1128 1168 quae
1175 1106 1500 1168 supersunt,
1540 1097 1597 1152 in
1635 1096 1773 1152 duas
1818 1095 2021 1152 classes
2057 1102 2184 1165 apte
2230 1094 2661 1160 distribuuntur;

127 1181 218 1238 alia
257 1183 420 1240 enim
473 1192 660 1239 ortum
705 1192 762 1238 et
805 1182 1094 1240 infantiam
1139 1185 1394 1253 Domini,
1445 1184 1549 1240 alia
1595 1185 1713 1241 eius
1752 1183 2063 1256 passionem
2110 1181 2548 1254 descensumque
2592 1181 2666 1238 ad

131 1268 326 1326 inferos
353 1270 700 1326 describunt.
721 1269 808 1326 Ad
835 1273 1072 1341 priorem
1095 1273 1328 1328 classem
1349 1273 1629 1344 pertinent
1660 1293 1674 1327 :
1706 1269 2233 1344 Protevauqelium
2260 1269 2487 1338 Iacobi,
2513 1267 2663 1342 quod

141 1372 254 1414 nec.
295 1363 360 1413 2.
401 1367 662 1414 exortum
699 1368 753 1414 et
792 1359 1060 1415 Clementi
1093 1360 1248 1416 Alex.
1296 1359 1406 1416 iam
1448 1361 1761 1433 cognitum,
1810 1375 1843 1415 a
1882 1358 2107 1415 historia
2150 1367 2441 1429 parentum
2477 1359 2541 1413 B.
2590 1359 2657 1414 V.

143 1443 390 1518 incipiens
425 1448 799 1502 narrationem
834 1462 1008 1519 usque
1040 1446 1111 1503 ad
1148 1445 1375 1504 caedem
1408 1446 1917 1504 bethlehemiticam
1958 1444 2234 1517 perducit,
2266 1446 2661 1518 Evanqelium

139 1533 182 1586 S.
207 1535 499 1603 Thomae,
525 1532 674 1606 quod
703 1533 899 1590 eodem
927 1532 1044 1591 fere
1073 1544 1322 1606 tempore
1349 1535 1722 1607 conscriptum
1751 1543 1806 1590 et
1831 1533 1993 1590 variis
2020 1534 2076 1589 in
2107 1533 2513 1590 recensionibus
2540 1549 2661 1604 pro·

133 1631 382 1694 paganum
413 1620 586 1677 vitam
616 1623 771 1694 pueri
800 1623 924 1678 Iesu
951 1637 1125 1694 usque
1157 1623 1230 1678 ad
1256 1629 1308 1679 8.
1343 1623 1430 1680 vel
1461 1628 1545 1680 12.
1579 1639 1787 1679 annum
1824 1623 2016 1678 aetatis
2045 1621 2241 1691 resert3
2272 1621 2659 1694 Evanqelium

125 1711 206 1762 Ps.
237 1710 560 1765 ,Matthaei
580 1710 662 1764 vel
701 1729 726 1760 α
749 1709 885 1766 liber
912 1709 980 1764 de
1010 1720 1136 1766 ortu
1163 1713 1226 1765 B.
1256 1711 1497 1784 Virginis
1523 1720 1580 1768 et
1608 1709 1679 1766 de
1700 1709 1929 1766 infantia
1958 1708 2257 1766 Salvatoris
2288 1731 2339 1773 n,
2372 1718 2427 1766 et
2462 1712 2658 1766 Evan-

121 1797 336 1864 9elinm
372 1797 456 1853 de
487 1799 826 1853 Nativitate
861 1799 1091 1854 Mariae
1128 1799 1424 1870 Virqinis,
1470 1813 1610 1871 quae
1648 1798 1816 1854 latine
1857 1797 2165 1868 conscripta
2204 1793 2411 1853 Latinis
2448 1795 2659 1854 fabulas

119 1883 358 1940 duorum
395 1885 646 1956 priorum
683 1885 1123 1958 apocryphorum
1160 1885 1539 1954 tradiderunt,
1586 1887 1864 1942 Historia
1901 1885 2135 1958 Ioseplti
2162 1885 2339 1958 fabri
2381 1885 2653 1957 liquarii.

117 1987 254 2042 quae
289 1974 356 2028 in
394 1976 646 2044 Aegypto
681 1987 825 2029 saec.
865 1979 918 2028 4.
962 1975 1264 2044 composita
1303 1973 1468 2031 hodie
1503 1973 1689 2030 adhuc
1731 1990 1762 2030 a
1802 1975 1989 2047 Coptis
2025 1973 2385 2029 schismaticis
2420 1974 2479 2029 in
2519 1973 2657 2028 sesto

115 2061 168 2114 S.
201 2059 432 2132 losephi
462 2059 784 2130 adhibetur3
818 2061 1204 2132 Evanqelium
1242 2061 1553 2135 infantiae
1586 2063 1931 2129 arabicum,
1972 2078 2082 2134 quo
2121 2061 2281 2117 valde
2316 2061 2658 2117 delectantur

117 2149 434 2204 Nestoi-iani
462 2147 716 2204 chaldaei
742 2157 798 2204 et
815 2148 1238 2222 Monophysitae
1261 2151 1432 2220 copti.
1458 2181 1531 2190 -
1556 2148 1645 2205 Ad
1668 2149 1901 2206 alteram
1928 2149 2161 2205 classem
2188 2149 2513 2220 praeprimis
2538 2165 2657 2219 per-

113 2237 244 2291 tinet
271 2237 664 2307 Evanqelium
699 2235 1029 2306 Nicodemi,
1067 2253 1178 2308 quo
1213 2238 1438 2294 nomine
1475 2237 1588 2293 duo
1622 2237 1744 2292 libri
1784 2237 2023 2293 distincti
2061 2235 2606 2308 comprehenduntur
2638 2257 2651 2292 ε

113 2330 264 2378 Λεία
301 2324 509 2380 Pilati
543 2322 614 2378 de
653 2322 1112 2380 condemnatione
1155 2325 1409 2394 Domini,
1447 2334 1503 2380 et
1540 2330 1860 2381 Descensus
1904 2326 2132 2382 Christi
2171 2326 2255 2380 ad
2296 2324 2520 2402 inferos
2560 2337 2657 2395 per

115 2411 348 2467 Lucium
375 2421 436 2468 et
461 2411 742 2481 Carinum,
775 2413 1046 2468 Simeonis
1069 2413 1212 2468 senis
1238 2413 1401 2483 filioS,
1433 2412 1767 2483 descriptuS‚
1801 2413 1893 2484 qui
1922 2429 2050 2468 cum
2074 2413 2299 2468 Christo
2328 2430 2359 2468 e
2386 2412 2653 2483 sepulcris

113 2499 218 2554 suis
234 2497 440 2556 exiisse
465 2499 768 2572 tinguntur.
792 2501 936 2578 Cum⁶
953 2500 1248 2572 Evangelio
1268 2499 1554 2556 Nicodemi
1572 2500 1747 2572 magis
1764 2501 2011 2556 minusve
2031 2500 2327 2556 cohaerent
2346 2501 2653 2570 scripturae

115 2587 419 2656 quaedam,
452 2603 594 2659 quae
618 2588 783 2644 Pilati
815 2603 1020 2644 nomen
1048 2597 1248 2660 gerunt
1275 2589 1480 2655 (Pilati
1509 2589 1801 2660 epistotae
1834 2589 1913 2644 ad
1950 2589 2367 2660 imperatorem
2408 2587 2549 2643 duae
2585 2587 2654 2642 de

114 2683 288 2731 morte
318 2673 552 2740 Christi,
573 2676 771 2731 Pilati
797 2681 854 2730 et
879 2676 1132 2732 Herodis
1160 2676 1444 2748 epistolae,
1474 2675 1808 2748 Anapltora
1832 2676 2046 2742 Pilati,
2074 2675 2408 2730 Par-adosis
2436 2676 2646 2740 Pilati,

117 2765 260 2818 Mors
299 2763 508 2820 Pilati
519 2763 560 2834 ‚)
588 2772 874 2834 praeterea
905 2764 1200 2822 Narratio
1236 2764 1461 2833 Ioseplti
1495 2765 1574 2818 ab
1611 2761 2012 2819 Arimatltaea
2038 2763 2261 2819 ineunte
2300 2762 2481 2819 medio
2518 2777 2651 2819 aevo

113 2852 422 2923 conscripta
439 2893 456 2918 ,
493 2851 776 2906 Vindicta
801 2852 1166 2908 Salvator-is.

177 2945 339 2994 Λεία
367 2939 724 3012 apocrypha
753 2939 956 3012 magis,
989 2954 1158 3012 quam
1194 2940 1500 3012 evangelia,
1534 2938 1607 2995 ab
1635 2939 1926 2996 haereticis
1954 2937 2023 2994 ad
2056 2955 2273 2995 errores
2311 2937 2651 3010 spargendos

113 3027 344 3082 conficta
369 3034 522 3082 sunt.
546 3026 1004 3084 praedicatio-ne
1029 3029 1196 3082 Petri
1225 3027 1432 3098 primus
1451 3036 1691 3083 ususest
1710 3027 1988 3084 Valentini
2006 3025 2301 3097 discipulus
2322 3025 2649 3091 Heracleon,

114 3111 204 3168 sed
229 3129 358 3170 eam
388 3129 494 3186 pro
522 3115 850 3170 auctoritate
881 3115 1048 3170 etiam
1080 3113 1332 3171 adhibuit
1358 3115 1615 3170 Clemens
1637 3115 1796 3170 Alex.
1826 3130 1929 3170 nec
1953 3115 2113 3187 plane
2142 3114 2331 3170 reiecit
2353 3114 2646 3186 Origenesz,

117 3207 286 3257 Actus
323 3201 614 3258 Andreae
650 3202 736 3258 vel
771 3203 1053 3260 Andreae
1093 3209 1148 3258 et
1186 3203 1454 3271 Ioannis,
1498 3202 1587 3258 vel
1622 3202 1890 3258 Andreae
1926 3209 1983 3260 et
2018 3205 2256 3258 loannis
2293 3208 2349 3258 et
2388 3200 2650 3258 aliorum

119 3292 530 3358 Apostolorum
559 3306 591 3346 a
620 3290 785 3346 variis
806 3291 968 3347 sectis
995 3288 1218 3346 admissi
1247 3299 1402 3359 sunt3
1431 3295 1581 3346 Acta
1610 3292 1856 3346 Thomas
1884 3289 2029 3360 apud
2051 3290 2373 3346 Encraticos
2400 3298 2455 3345 et
2477 3289 2649 3345 Mani·

117 3377 340 3446 ehaeos,
373 3378 756 3434 Traditiones
781 3379 1073 3436 Matthiae
1098 3377 1248 3449 apud
1273 3377 1567 3434 Gnosticos
1597 3376 1867 3450 quosdam
1895 3379 1951 3432 in
1980 3377 2192 3434 honore
2224 3377 2464 3434 fuerunt.
2496 3379 2648 3432 Haec

117 3465 292 3520 omnia
321 3464 513 3538 paucis
541 3467 779 3537 exceptis
798 3466 1118 3538 fragmentis
1141 3465 1447 3538 perierunt3
1475 3473 1769 3536 supersunt
1793 3474 1982 3521 autem
2008 3470 2155 3522 Λεία
2180 3467 2343 3520 Petri
2367 3473 2421 3521 et
2442 3463 2643 3530 Pauli,

121 3557 266 3608 Acta
292 3554 476 3609 Pauli
509 3559 572 3610 et
604 3555 883 3622 Theclae,
912 3559 1066 3610 Acta
1101 3554 1430 3610 Barnabae
1459 3558 1701 3608 auctore
1736 3555 1957 3622 Marce,
1989 3557 2138 3608 Aeta
2168 3553 2463 3625 Philippi,
2497 3557 2649 3608 Acta

121 3641 468 3713 Philippiin
495 3641 772 3709 Hellade,
803 3647 954 3698 Λεία
985 3641 1260 3697 Andreae
1285 3656 1332 3696 S.
1372 3641 1603 3710 epistola
1641 3641 1911 3712 encyclica
1949 3641 2397 3713 presbyterorum
2436 3649 2491 3695 et
2524 3639 2645 3695 dia-

121 3741 376 3784 conorum
413 3728 660 3784 Achaiae
694 3728 766 3785 de
805 3729 1070 3801 martyrio
1095 3728 1378 3794 Andreae,
1411 3732 1569 3784 Acta
1605 3729 1889 3784 Andreae
1916 3733 1971 3784 et
1997 3730 2291 3786 Matthiae
2326 3733 2389 3784 in
2430 3727 2646 3800 oppido

125 3815 760 3889 anthropopkayorum,
802 3822 960 3873 Aeta
990 3824 1044 3874 et
1075 3817 1434 3888 martyrium
1461 3816 1762 3872 Matthaei
1790 3817 2031 3888 aliaque,
2064 3832 2207 3889 quae
2236 3817 2432 3888 partim
2460 3815 2647 3886 primis

129 3905 306 3968 partim
331 3903 736 3960 recentioribus
758 3905 986 3960 saeculis
1009 3905 1242 3960 conficta
1271 3904 1581 3960 uberrimos
1612 3901 1789 3960 fontes
1815 3905 2155 3960 constituunt
2182 3906 2393 3976 piarum
2422 3901 2642 3974 quidem

131 3989 210 4044 sed
235 4007 430 4063 parum
461 4000 744 4048 certarum
771 3993 1176 4060 narrationum,
1200 4007 1340 4063 quae
1371 3991 1551 4047 media
1580 4000 1761 4047 aetate
1785 3991 1854 4047 de
1874 3993 2266 4064 Apostolorum
2287 3991 2450 4048 rebus
2480 3989 2645 4062 gestis

133 4083 178 4130 et
199 4079 476 4136 itineribus
504 4088 666 4136 erant
690 4095 910 4150 sparsae
940 4089 1109 4152 atque
1136 4078 1300 4136 hodie
1328 4095 1549 4151 quoque
1579 4078 1727 4134 haud
1756 4095 1881 4135 raro
1913 4089 2253 4151 repetuntur.

187 4167 404 4224 Praeter
425 4167 716 4240 epistolas
739 4167 1112 4241 apocryphas
1139 4166 1252 4223 iam
1274 4166 1587 4222 nominatas
1616 4166 1901 4223 dumtaxat
1925 4183 2090 4240 parva
2119 4167 2345 4240 epistola
2368 4167 2533 4221 Petri
2557 4163 2643 4220 ad

131 4255 412 4324 Iacobum,
457 4271 568 4328 qua
605 4255 1078 4312 Praedicationem
1118 4270 1274 4310 suam
1311 4252 1691 4320 commendat,
1733 4255 1963 4326 epistola
2007 4256 2319 4312 Clementis
2358 4259 2522 4308 Rom.
2559 4252 2642 4307 ad

129 4342 384 4400 Iacobum
423 4342 496 4400 de
525 4351 706 4399 morte
733 4344 911 4407 Petri,
943 4351 1000 4398 et
1024 4343 1252 4415 epistola
1280 4343 1522 4398 loannis
1548 4343 1631 4398 ad
1658 4341 2053 4416 hydropicum
2078 4350 2389 4414 supersunt.

185 4429 328 4488 Inter
351 4431 758 4506 Apoealypses
781 4429 1152 4504 apocryphas
1177 4428 1533 4485 celeberrima
1556 4429 1691 4486 olim
1717 4438 1834 4486 erat
1862 4429 2259 4503 Apocalypsis
2282 4429 2475 4495 Petri,
2502 4443 2641 4500 quae

127 4519 292 4574 medio
311 4535 472 4577 saec.
501 4525 558 4575 2.
596 4518 797 4574 saltem
823 4519 972 4574 velut
1009 4517 1174 4574 dubia
1211 4519 1426 4573 Romae
1460 4515 1516 4572 in
1556 4516 1767 4573 honore
1806 4517 1933 4584 fuit3
1974 4525 2259 4588 praeterea
2300 4516 2642 4573 habebantur

127 4609 484 4680 Apocalypsis
521 4607 632 4675 (vel
658 4606 838 4678 potius
879 4607 1172 4672 Ascensio,
1217 4603 1531 4670 ἀναὸατικόν)
1563 4603 1763 4671 Pauli,
1803 4609 1897 4660 Ps.
1938 4605 2181 4661 Ioannis
2222 4604 2635 4678 Apocalypsi&
