3050 5184
299 338 623 383 Passerem
665 338 1067 385 INTERPRETES
1111 336 1479 381 onisuutns
1521 338 1563 380 A
1604 323 1663 381 3.
1712 338 1901 389 usone
1945 337 2025 380 An
2066 323 2123 381 6.
2175 334 2498 380 saecutuu.
2614 319 2727 378 153

263 472 321 529 Ξ.
356 506 434 515 -
466 476 600 532 Non
627 490 859 550 parvos
887 476 1096 533 autem
1127 485 1495 549 progressus
1527 471 1982 547 scripturistica
2012 469 2217 530 studia
2244 470 2525 529 fecerunt
2562 486 2722 529 sanc.

188 572 278 639 4.;
313 566 428 629 illo
459 570 632 628 enim
658 573 946 646 tempore
976 572 1224 645 praeter
1243 566 1697 637 Antiochen08‚
1725 567 1801 626 de
1834 567 2061 644 quibus
2092 566 2303 625 statim
2334 566 2455 626 erit
2492 583 2721 636 sermo,

189 664 538 725 floruerunt
558 666 1052 743 palaestinenses
1073 664 1360 723 doctores
1381 663 1669 722 Eusebius
1696 664 1858 723 Caes.
1886 662 1955 743 (ἢ-
1982 664 2149 745 340.)
2172 666 2313 725 etS.
2338 663 2727 743 Epiphanius

189 760 250 837 (ἦ
275 760 486 839 403.)‚
527 762 918 821 alexandrini
954 762 1018 823 S.
1053 762 1416 821 Athanasius
1449 758 1537 819 M.
1574 758 1641 839 Η·
1678 758 1843 839 373.)
1884 765 1948 820 et
1992 762 2284 841 Didymus
2323 762 2394 821 Α.
2436 759 2720 840 (†39·1.)‚

189 858 578 935 cappadoces
604 859 716 920 SS.
743 859 1012 919 Basilius
1041 860 1124 917 M.
1164 857 1232 937 (ἠ-
1260 856 1450 936 3Ἳ9.),
1485 863 1550 917 et
1581 858 1900 937 Greyorius
1928 856 2107 935 Nyss.
2141 859 2209 939 (ἠ-
2236 856 2427 937 394.).

247 988 544 1044 Eusebius
589 992 792 1056 Caes„
839 988 968 1045 licet
1013 1008 1038 1038 «ι
1086 988 1148 1043 in
1187 987 1488 1056 scripturis
1535 986 1737 1043 divinis
1778 989 2214 1045 studiosissimus
2258 998 2314 1046 et
2357 986 2724 1045 bibliothecae

189 1075 400 1133 divinae
442 1076 902 1149 diligentissimus
932 1076 1332 1148 pervestigator
1356 1096 1381 1127 »
1416 1076 1491 1144 (S.
1522 1078 1734 1146 Hier.),
1769 1077 2058 1146 interpreti
2088 1086 2279 1133 tamen
2316 1076 2577 1148 operibus
2612 1075 2723 1130 suis

189 1164 470 1220 historicis
497 1173 554 1220 et
581 1164 970 1237 apologeticiS,
1003 1179 1169 1235 quam
1199 1164 1519 1235 exegeticis,
1550 1164 1743 1220 utilior
1770 1173 1873 1220 est.
1907 1165 1975 1220 In
1999 1164 2411 1221 commentariis
2438 1164 2551 1219 suis
2595 1180 2723 1219 sen-

187 1266 298 1307 sum
322 1253 612 1309 literalem
638 1254 970 1325 plerumque
993 1253 1264 1323 sequitur,
1296 1252 1393 1307 sed
1432 1250 1584 1307 haud
1612 1268 1740 1308 raro
1774 1252 1849 1307 ad
1888 1253 2188 1325 allegorias·
2206 1252 2479 1321 deflectit,
2507 1268 2725 1323 semper

185 1348 364 1395 autem
409 1339 618 1413 dignus
654 1351 738 1397 est
755 1382 770 1409 ,
807 1341 906 1412 qui
932 1340 1002 1396 ab
1039 1340 1341 1411 interprete
1370 1341 1707 1399 consulatur.
1738 1342 1914 1397 Porro
1943 1356 2191 1397 summae
2218 1340 2473 1397 utilitatis
2496 1350 2579 1395 est
2606 1342 2725 1395 cius

187 1428 428 1484 Historia
461 1430 682 1495 eccles„
711 1430 800 1485 cui
825 1429 1000 1485 multa
1029 1428 1292 1501 antiquae
1316 1428 1591 1483 Ecclesiae
1614 1436 1976 1485 monumenta
1995 1428 2067 1484 ad
2087 1430 2395 1501 Scripturas
2420 1428 2735 1500 spectantia·

184 1514 448 1583 insci-uin
479 1516 637 1573 utilia
681 1532 904 1588 quoque
938 1516 1058 1573 eius
1090 1516 1488 1573 Onomasticon
1532 1514 1623 1585 (dc
1662 1515 1991 1571 Nominibus
2035 1516 2216 1586 hebr.)
2249 1526 2306 1573 et
2340 1516 2653 1573 Chronicon
2690 1532 2723 1573 a

184 1604 232 1657 S.
255 1605 616 1676 Hieronymo
648 1606 818 1661 latine
853 1603 1090 1671 reddita,
1122 1613 1290 1675 atque
1319 1604 1438 1660 eius
1465 1604 1875 1661 Demonstrati«)
1909 1604 2222 1677 evangelica
2241 1612 2299 1660 et
2320 1606 2556 1676 Eclogae
2588 1620 2722 1674 pro-

187 1692 460 1762 pheticae,
487 1693 549 1747 in
579 1692 782 1765 quibus
800 1693 974 1748 multa
1007 1692 1263 1748 vaticinia
1299 1692 1625 1748 messianica
1656 1692 2013 1764 explicantur.
2052 1693 2320 1749 Eusebius
2350 1708 2585 1764 magnus
2620 1692 2723 1749 suit

185 1780 442 1853 Origenis
477 1780 802 1848 admirator,
841 1784 896 1837 S.
938 1780 1325 1853 Epiphanius
1365 1779 1613 1837 eiusdem
1648 1788 1905 1836 strenuus
1945 1781 2319 1849 adversarius3
2362 1780 2723 1837 nihilominus

185 1867 312 1923 alter
337 1868 532 1925 multo
555 1868 760 1940 magiS‚
787 1884 954 1941 quam
985 1869 1134 1937 prior
1157 1868 1450 1940 allegorias
1477 1876 1735 1936 sectatur,
1767 1869 2095 1939 praesertim
2128 1869 2189 1925 in
2226 1867 2380 1925 libris
2413 1889 2439 1921 α
2469 1868 2539 1923 de
2560 1871 2721 1925 Men-

183 1956 316 2011 suris
353 1964 422 2011 et
459 1955 798 2027 ponderibus
825 1978 850 2008 n
879 1964 936 2011 et
965 1978 994 2008 «
1019 1955 1090 2013 de
1135 1955 1430 2012 duodecim
1470 1956 1707 2029 gemmis
1729 1976 1790 2025 »ς
1818 1964 1876 2011 at
1912 1957 1972 2011 in
1999 1972 2099 2012 suo
2130 1977 2155 2008 α
2184 1958 2417 2013 Panario
2460 1956 2722 2013 adversus

185 2046 462 2117 octoginta
502 2043 760 2099 haereses
792 2064 816 2095 ι
847 2044 1026 2100 multa
1065 2043 1398 2100 documenta
1439 2045 1667 2113 antiqua
1706 2044 1995 2116 interpreti
2031 2044 2184 2101 utilia
2224 2044 2393 2102 tradit
2434 2054 2491 2101 et
2516 2045 2576 2100 in
2621 2061 2721 2101 suo

191 2152 210 2178 ι
239 2136 530 2188 Ancoratu
554 2152 583 2182 »
613 2133 921 2187 accuratius
957 2133 1196 2203 explicat
1229 2133 1559 2204 Scripturas,
1600 2133 1657 2188 S.
1699 2133 2076 2189 Athanasius
2106 2136 2184 2188 M.
2213 2133 2270 2189 in
2307 2132 2567 2204 operibus
2608 2134 2722 2189 suis

185 2218 508 2292 dogmaticis
533 2229 587 2276 et
613 2221 892 2291 polemicis
915 2221 1226 2276 testimonia
1251 2230 1470 2277 tantum
1494 2237 1613 2277 non
1639 2221 1849 2291 omnia,
1879 2236 2019 2292 quae
2044 2221 2114 2277 de
2148 2222 2241 2277 SS.
2272 2222 2543 2277 Trinitate
2567 2231 2621 2277 et
2651 2221 2721 2278 de

185 2308 356 2364 divina
399 2307 575 2364 Verbi
613 2318 668 2364 et
697 2308 929 2380 Spiritus
953 2310 1009 2364 S.
1037 2318 1235 2365 natura
1265 2317 1454 2381 agunt,
1486 2307 1905 2381 diligentissime
1930 2310 2212 2380 exposuit,
2244 2324 2313 2364 ex
2341 2309 2600 2380 operibus
2624 2325 2715 2365 au-

184 2403 286 2450 tem
309 2398 434 2452 eius
461 2396 756 2469 exegeticis
781 2413 952 2469 pauca
981 2396 1053 2453 ad
1076 2412 1180 2453 nos
1201 2405 1589 2469 pervenerunt,
1616 2397 1759 2452 inter
1787 2414 1929 2469 quae
1954 2398 2160 2453 eminet
2188 2399 2304 2453 eius
2334 2418 2358 2449 α
2390 2398 2621 2469 epistola
2650 2396 2724 2453 ad

187 2485 566 2540 Marcellinum
606 2504 632 2535 n
680 2483 750 2540 de
788 2485 1239 2557 interpretatione
1281 2485 1650 2542 Psalmorum.
1699 2485 1949 2555 Didymi
1991 2486 2164 2541 Alex.
2213 2486 2723 2558 interpretationem

185 2573 233 2627 S.
275 2576 664 2645 Hieronymus
704 2574 935 2629 summis
974 2573 1230 2629 laudibus
1267 2582 1525 2642 exornat,
1559 2574 1740 2645 quise
1768 2590 1895 2629 eum
1936 2574 2267 2647 magistrum
2306 2574 2563 2630 hahuisse
2606 2590 2721 2629 non

187 2663 344 2717 semel
387 2661 682 2733 gloriatur,
721 2661 819 2716 sed
855 2676 1086 2733 operum
1125 2662 1563 2733 exegeticorum,
1604 2676 1745 2733 quae
1766 2678 1797 2716 a
1831 2663 1886 2717 S.
1923 2662 2261 2733 Hieronymo
2308 2670 2719 2730 enumerantur,

189 2763 288 2803 non
303 2757 610 2819 supersunt
627 2748 734 2804 nisi
755 2748 1062 2821 fragmenta
1085 2757 1303 2821 praeter
1323 2769 1347 2801 α
1372 2749 1568 2805 breves
1588 2750 1967 2805 enarrationes
1984 2750 2039 2805 in
2059 2749 2333 2821 Epistulas
2350 2749 2649 2805 catholicas
2670 2770 2721 2807 n.

187 2837 454 2893 Doctores
493 2836 838 2908 cappadoces
880 2838 1036 2909 quasi
1063 2835 1306 2892 mediam
1344 2838 1492 2893 viam
1527 2845 1719 2894 tenent
1750 2838 1895 2893 inter
1920 2834 2329 2892 alexandrinam
2354 2846 2410 2893 et
2437 2837 2724 2903 antioche-

189 2939 310 2981 nam
337 2925 582 2981 scholas.
605 2924 664 2981 S.
696 2924 959 2981 Basilius
989 2930 1068 2979 Μ.
1103 2927 1158 2981 in
1188 2926 1300 2980 suis
1329 2924 1572 2981 homiliis
1594 2926 1653 2981 in
1675 2928 2062 2981 Hexaemeron
2088 2925 2265 2981 solum
2292 2941 2514 2980 sensum
2536 2925 2722 2981 litera-

185 3012 288 3068 lem
313 3012 494 3069 tradit
537 3013 767 3085 singulis
804 3012 986 3069 verbis
1036 3013 1334 3085 diligenter
1374 3013 1659 3083 explicatis
1699 3022 1757 3069 et
1795 3013 1961 3069 rebus
2004 3012 2352 3068 naturalibus
2392 3028 2495 3085 pro
2534 3014 2727 3069 aetatis

191 3097 335 3155 istitts
378 3100 604 3156 ratione
651 3099 946 3173 diligenter
982 3100 1299 3172 descriptis3
1334 3102 1392 3155 in
1419 3102 1770 3158 Psalmorum
1811 3110 1996 3157 autem
2025 3110 2079 3156 et
2121 3101 2293 3157 Isaiae
2330 3100 2668 3171 expositione
2696 3116 2727 3155 a

189 3188 486 3245 moralibus
524 3196 582 3243 et
618 3188 928 3260 allegoricis
963 3188 1509 3260 interpretationibus
1546 3206 1659 3245 non
1697 3188 1933 3245 abstinet
1980 3188 2126 3244 haud
2164 3204 2339 3260 pauca
2380 3205 2447 3245 ex
2476 3188 2729 3261 Origenis

192 3275 604 3332 commentariis
631 3284 936 3333 mutuatus.
969 3276 1216 3332 Similem
1253 3276 1526 3332 rationem
1558 3277 1737 3333 tenuit
1766 3278 1882 3331 eius
1914 3277 2084 3333 frater
2106 3278 2161 3334 S.
2196 3278 2509 3349 Greqorius
2532 3280 2731 3347 Nysa,-

193 3360 242 3415 in
267 3362 516 3419 homiliis
543 3363 660 3419 suis
686 3363 758 3419 de
781 3364 1146 3429 Hexaemero,
1177 3363 1375 3435 quibus
1411 3364 1603 3420 fratris
1625 3365 1707 3420 sui
1738 3380 1875 3436 opus
1912 3364 2236 3436 complevit,
2266 3364 2538 3421 literalem
2572 3364 2731 3421 dum-

195 3456 330 3505 taxat
363 3466 600 3507 sensum
637 3452 892 3522 exponit,
920 3452 978 3507 in
1006 3453 1234 3523 reliquis
1267 3462 1452 3507 tamen
1483 3452 1770 3524 operibuS,
1800 3468 1942 3524 quae
1968 3451 2101 3507 satis
2133 3453 2308 3509 multa
2335 3452 2406 3509 de
2438 3454 2641 3509 Vetere
2661 3455 2727 3509 T.

194 3538 420 3611 reliquit,
457 3539 752 3611 allegorias
773 3555 890 3595 non
916 3548 1136 3595 tantum
1165 3556 1279 3596 non
1306 3541 1543 3612 respuit,
1578 3539 1675 3596 sed
1704 3540 2069 3612 praediligere
2098 3539 2337 3596 videtur.

260 3706 313 3765 3.
342 3742 416 3751 —-
456 3707 722 3767 Saeculo
772 3710 830 3766 4.
867 3712 1119 3768 exortae
1171 3708 1361 3768 etiam
1414 3713 1559 3768 sunt
1597 3708 1849 3769 scholae
1897 3707 2271 3768 antiochena
2313 3712 2377 3767 et
2419 3708 2726 3781 nisibena,

197 3816 446 3875 quarum
509 3804 1000 3883 praeclarissimi
1063 3804 1442 3882 interpretes
1503 3805 1756 3866 fuerunt
1822 3806 1886 3866 S.
1957 3804 2208 3865 Ioannes
2277 3804 2733 3883 Chrysostomus

201 3895 258 3973 {5}-
281 3900 442 3979 407.)
476 3906 542 3961 et
569 3902 632 3962 S.
666 3898 970 3979 Ephraem
995 3900 1185 3979 Syrus
1216 3900 1284 3980 (·1-
1313 3899 1502 3981 378.).

263 4032 308 4083 A
327 4030 580 4086 Luciano
605 4032 680 4085 M.
723 4040 779 4086 et
815 4030 1102 4087 Dorotheo
1142 4031 1478 4103 presbyteris
1512 4033 1740 4088 ineunte
1777 4047 1919 4087 saec.
1960 4038 2014 4086 4.
2061 4029 2291 4087 fundata
2327 4031 2515 4087 schola
2550 4032 2723 4087 antio-

205 4112 356 4173 ebena
412 4120 600 4173 statim
659 4118 894 4191 egregiis
935 4119 1330 4190 interpretibus
1377 4120 1601 4189 claruit,
1648 4128 1705 4175 at
1751 4121 2175 4192 plerorumque,
2227 4118 2310 4173 uti
2350 4119 2725 4191 Apollinarii

207 4202 448 4275 laodic„
481 4222 650 4278 quem
669 4209 724 4262 S.
748 4207 1121 4281 Hieronymus
1145 4207 1469 4264 Antiochiae
1489 4209 1661 4263 coluit
1680 4217 1737 4264 et
1758 4209 1814 4263 in
1839 4208 2133 4277 scripturis
2161 4206 2485 4277 magistrum
2506 4205 2718 4274 habuit,

209 4290 432 4349 Diodori·
462 4298 662 4361 Tars.,
692 4294 850 4350 cuius
876 4293 1130 4368 discipuli
1164 4293 1387 4352 suerunt
1413 4299 1466 4353 S.
1501 4296 1930 4368 chrysostomus
1956 4302 2012 4351 et
2038 4293 2366 4350 Theodorus
2394 4296 2718 4364 Mopsuest.‚

209 4376 527 4453 aliorumque
557 4397 720 4453 opera
748 4384 1050 4454 perierunt.
1080 4384 1240 4439 Solus
1268 4392 1454 4439 autem
1491 4384 1605 4440 iam
1634 4384 1693 4440 S.
1738 4384 2186 4454 Chrysostomus
2227 4380 2428 4437 suflicit
2454 4380 2528 4437 ad
2556 4381 2721 4436 scho-

210 4462 308 4521 lam
341 4468 488 4526 illam
537 4469 948 4526 illustrandam.
983 4472 1172 4542 Longe
1208 4472 1388 4527 maior
1422 4488 1552 4542 pars
1581 4488 1813 4543 operum
1843 4474 1959 4527 eius
1986 4470 2057 4526 dc
2084 4469 2383 4541 scripturis
2410 4470 2548 4541 agit,
2583 4485 2720 4540 pau-

211 4550 366 4609 ciores
397 4557 620 4629 quidem
659 4558 896 4625 Veteris,
931 4566 986 4613 at
1025 4560 1317 4629 plerosque
1346 4560 1488 4613 Novi
1510 4562 1658 4614 Test.
1694 4558 1863 4615 libros
1905 4558 2145 4614 homiliis
2186 4566 2284 4614 aut
2312 4558 2720 4613 commentariis

215 4638 504 4714 illustravit3
537 4646 681 4703 inter
704 4648 886 4701 omnia
919 4654 1102 4703 autem
1136 4662 1304 4718 opera
1335 4647 1451 4702 eius
1479 4648 1725 4702 eminent
1754 4646 2013 4703 humillae
2050 4647 2111 4702 in
2148 4645 2405 4709 epistolas
2445 4646 2717 4706 paulinas.
