3050 5184
420 311 534 370 592
576 327 651 369 ne
694 326 838 371 Now
883 327 1049 370 resr.
1096 327 1282 370 umus
1322 327 1670 371 mmcr1c1s.
1701 345 1779 355 —
1807 328 1934 372 car.
1982 329 2075 372 111.
2123 329 2198 371 ne
2242 327 2539 372 EPISTOLIS
2577 323 2882 369 curiencis.

419 457 568 512 mine
596 456 891 530 Babylonis
918 460 1157 514 Romam
1198 457 1564 514 intellexerint
1603 457 1800 514 eadem
1831 459 2067 525 ratione,
2098 439 2206 530 q'ua
2249 458 2308 513 in
2347 455 2666 528 Apocalypsi
2697 455 2888 508 Romam

420 544 522 600 sub
549 545 773 600 nomine
800 545 1094 617 Babylonis
1123 544 1359 602 describi
1380 561 1573 602 omues
1595 545 1925 602 concedunt.

490 636 563 686 At
585 633 963 703 protestamini
990 634 1321 704 interpretes
1350 635 1614 705 plerique,
1639 641 1703 688 ut
1727 634 1941 691 facilius
1963 632 2154 689 sedem
2178 647 2468 688 romanam
2494 647 2523 686 a
2547 633 2704 686 Petro
2731 626 2892 682 lunda-

361 730 363 733 ·
420 727 537 774 tam
574 735 692 776 esse
728 731 1025 792 negarent,
1062 721 1283 793 proprio
1314 737 1479 778 sensu
1517 737 1724 778 nomen
1759 721 2055 794 Babylonis
2095 718 2518 793 intelligendum
2555 733 2670 774 esse
2705 723 2894 770 conten-

420 807 639 862 derunt.
685 810 748 863 ln
796 809 1133 880 Apocalypsi
1173 809 1325 866 enim
1366 810 1552 878 aiunt,
1583 810 1726 866 libro
1765 809 2090 881 prophetico
2127 817 2182 864 et
2223 809 2467 880 poetico,
2505 802 2894 876 metaphoricum

420 910 578 950 usum
603 896 843 952 nominis
869 896 1254 953 difficultatem
1276 913 1388 952 non
1412 913 1622 966 creare,
1645 898 1701 952 in
1727 897 1979 967 prosaico
2000 904 2184 952 autem
2208 905 2266 951 et
2292 894 2492 951 humili
2518 891 2769 964 epistolae
2789 889 2895 960 stylo

420 997 532 1036 non
561 991 711 1038 recte
740 982 976 1039 admitti.
1004 985 1102 1039 Cui
1128 984 1421 1042 obiectioni
1449 986 1878 1054 respondemuS,
1899 985 1958 1039 in
1976 985 2095 1056 ipsa
2124 983 2388 1054 epistolae
2411 981 2751 1052 inscriptione
2771 986 2896 1046 tropo

420 1069 501 1124 uti
520 1071 571 1125 S.
597 1073 827 1126 Petrum
855 1071 1124 1138 (ἐκλεκτοῖς
1150 1072 1501 1144 παρεπιδήμοις
1518 1074 1781 1143 διασπορᾶς
1803 1072 1917 1138 κτλ)
1939 1080 2104 1143 atque
2130 1071 2189 1126 in
2209 1070 2331 1142 ipso
2358 1078 2548 1126 nostro
2574 1083 2732 1123 versu
2749 1070 2878 1133 (5,13..

410 1172 582 1226 quum
630 1157 895 1214 scriberet
934 1157 1140 1221 ἀσπάζιι
1180 1160 1305 1231 ὑμᾶς
1330 1159 1361 1226 ἦ
1386 1159 1701 1226 συνεκλεκτή.
1747 1162 2008 1217 Ceterum
2047 1159 2283 1230 epistola
2327 1157 2532 1229 scripta
2577 1164 2659 1211 est
2697 1165 2896 1223 tempor?

410 1246 807 1315 persecutionis
847 1247 1211 1312 neronianae,
1264 1255 1319 1302 et
1368 1245 1525 1302 facile
1571 1247 1932 1319 intelligitur,
1981 1261 2080 1302 cur
2127 1245 2429 1316 Apostolus
2473 1245 2684 1308 locum,
2725 1243 2778 1296 in
2819 1255 2897 1310 quo

411 1330 718 1403 residebat,
750 1332 1090 1390 subobscure
1126 1341 1339 1389 tantum
1382 1333 1629 1390 indicare
1667 1334 1924 1390 voluerit.
1969 1331 2226 1390 Profecto
2262 1333 2428 1390 unico
2471 1332 2583 1388 hoc
2622 1334 2897 1401 argumento

408 1420 685 1476 unanimis
710 1419 935 1477 traditio
967 1422 1239 1477 Ecclesiae
1278 1423 1542 1493 antiquae
1578 1438 1692 1477 non
1735 1421 2066 1477 infirmatur.
2101 1422 2314 1476 Romae
2342 1418 2512 1492 igitur
2549 1417 2788 1476 residens
2813 1415 2898 1480 epi·

408 1507 577 1562 stolas
606 1523 732 1564 suas
770 1510 1007 1579 scripsit,
1055 1519 1222 1581 atque
1274 1513 1486 1565 Romae
1531 1524 1750 1581 quoque
1795 1509 1948 1565 iuxta
1975 1509 2301 1564 unanimem
2329 1509 2566 1564 Patrum
2594 1504 2898 1562 traditionem

408 1595 737 1668 martyrium
764 1611 959 1666 passus
988 1605 1089 1651 est.

486 1747 544 1804 2.
579 1778 657 1788 —-
684 1745 760 1804 11.
790 1748 1151 1806 Dasrmxu
1192 1763 1297 1806 asr
1336 1763 1509 1808 Pmoa
1546 1749 1740 1808 Pa‘rm
1773 1763 2061 1809 nrts'rotA
2091 1767 2122 1800 «
2159 1745 2376 1806 electis
2404 1744 2668 1804 advenis
2703 1742 2900 1818 disper-

409 1841 605 1900 sionis
636 1839 926 1920 (ἐκλεκτοῖς
952 1841 1341 1920 παρεπιδήμοις
1370 1842 1682 1921 διασπορᾶς)
1713 1844 1930 1914 Ponti,
1957 1841 2228 1904 Galatiae
2246 1889 2260 1914 ‚
2285 1840 2712 1918 Cappadociae
2728 1885 2742 1912 ,
2764 1837 2900 1898 Asia?

410 1942 473 1995 et
502 1937 893 2015 Bithyniae»
933 1937 974 1997 i.
1004 1956 1059 2017 e.
1092 1931 1380 2000 eeclesiis
1406 1939 1569 2011 illis,
1605 1957 1757 2018 quas
1797 1938 2024 1999 Paulus
2061 1938 2326 2014 eiusque
2367 1937 2667 2015 discipuli
2700 1935 2762 1994 in
2792 1932 2902 1993 Asia

408 2033 554 2092 Min.
590 2033 835 2093 ludaeis
858 2038 919 2094 et
950 2035 1213 2096 ethnicis
1238 2036 1317 2096 ad
1346 2037 1537 2096 fidem
1566 2035 1854 2096 adductis
1879 2034 2310 2094 fundaverant.

477 2137 575 2192 Uti
602 2137 713 2192 iam
742 2137 1003 2206 diximus,
1032 2141 1261 2195 Petrum
1288 2141 1350 2196 in
1376 2142 1543 2198 Asiae
1567 2142 1707 2194 Min.
1738 2138 2031 2211 provinciis
2059 2137 2422 2209 Evangelium
2448 2151 2798 2210 propagasse,
2824 2143 2902 2188 tra-

408 2222 617 2279 ditione
654 2241 767 2280 non
804 2235 1049 2294 constat,
1098 2227 1235 2298 quin
1267 2229 1435 2285 etiam
1472 2229 1592 2284 eius
1631 2226 1899 2298 epistolae
1929 2223 2075 2282 haud
2119 2226 2351 2281 obscure
2392 2225 2660 2294 innuunt,
2695 2222 2904 2280 ecclesias

408 2311 605 2382 quibus
632 2321 763 2368 sunt
800 2312 1104 2370 destinatae
1132 2315 1201 2370 ab
1240 2331 1307 2371 eo
1343 2331 1457 2371 non
1485 2331 1604 2370 esse
1629 2313 1912 2370 fundataS.
1943 2313 2178 2370 Paulum
2211 2328 2342 2368 vero
2373 2312 2675 2384 provinciis
2696 2308 2904 2370 Galatiae

408 2407 465 2454 et
498 2400 660 2454 Asiae
689 2402 1051 2472 Evangelium
1092 2402 1343 2458 intulisse
1379 2411 1625 2470 constat,
1657 2418 1838 2474 neque
1867 2402 2048 2457 minus
2076 2409 2292 2457 certum
2331 2407 2444 2468 est,
2481 2416 2616 2456 eum
2657 2416 2753 2472 per
2789 2414 2838 2453 se
2865 2403 2904 2449 et

408 2503 506 2558 per
528 2485 823 2558 discipulos
851 2505 981 2544 suos
1021 2489 1261 2560 reliquas
1298 2490 1459 2545 Asiae
1490 2489 1628 2546 Min.
1661 2489 1921 2545 ecclesias
1953 2489 2228 2544 fundasse.
2271 2489 2424 2543 Inter
2465 2503 2614 2560 quos
2642 2483 2905 2558 discipulos

407 2573 575 2629 etiam
598 2573 701 2630 fuit
722 2575 995 2646 SilvanuS,
1027 2577 1146 2632 eius
1168 2577 1351 2633 socius
1378 2578 1437 2632 in
1465 2576 1708 2634 secundo
1735 2578 1934 2632 itinere
1959 2577 2109 2645 (Act.
2147 2581 2464 2642 15,40-18‚7
2481 2599 2494 2642 ;
2533 2583 2560 2632 1
2596 2577 2783 2631 Thess.
2817 2579 2902 2631 1.,1ι

408 2669 439 2715 2
472 2662 659 2716 Thess.
696 2667 827 2730 1,1),
860 2664 957 2735 qui
983 2673 1178 2734 postea
1200 2679 1304 2720 nec
1329 2666 1383 2720 in
1410 2664 1642 2720 Actibus
1666 2680 1769 2720 nec
1797 2665 1856 2718 in
1879 2664 2120 2734 paulinis
2148 2663 2393 2734 epistolis
2421 2664 2668 2734 amplius
2688 2662 2903 2719 nomina·

403 2757 515 2816 tur,
542 2749 641 2804 sed
670 2750 729 2824 in
752 2758 947 2808 nostra
974 2751 1209 2822 epistola
1235 2753 1441 2808 iterum
1470 2761 1700 2823 apparet
1729 2757 1778 2818 (1
1810 2756 1969 2808 Petr.
2001 2757 2179 2821 5,12);
2215 2767 2312 2822 per
2335 2765 2462 2807 eum
2491 2752 2646 2806 enim
2669 2754 2724 2808 S.
2749 2753 2906 2806 Petms

406 2835 550 2891 hanc
592 2837 882 2907 epistolam
910 2839 1151 2895 asiaticis
1179 2839 1427 2895 eeclesiis
1460 2839 1791 2908 transmisit,
1825 2848 1880 2894 et
1914 2855 2015 2910 per
2056 2854 2185 2893 eum
2228 2838 2298 2894 de
2321 2837 2688 2895 ecclesiarum
2723 2837 2904 2893 illarum

404 2932 549 2978 statu
592 2926 795 2980 certior
834 2923 1011 2981 sactus
1051 2943 1171 2982 esse
1200 2926 1447 2994 videtur;
1476 2927 1654 2983 immo
1697 2928 1742 2982 si
1785 2927 1949 2983 lectio
1986 2927 2068 2979 διὰ
2095 2926 2340 2980 Σιλὸανοῦ
2367 2926 2484 2997 ὑμῖν
2519 2931 2706 2980 πιστοῦ
2735 2925 2906 2988 aaziae&

406 3016 455 3076 (α
493 3027 593 3081 per
618 3012 903 3068 Silvanum
932 3012 1161 3069 fratrem
1190 3014 1344 3070 vobis
1374 3013 1596 3071 fidelem
1639 3017 1684 3086 ι)
1727 3015 1966 3088 genuina
2003 3023 2116 3082 est,
2147 3014 2403 3070 intimam
2434 3015 2555 3069 eius
2583 3015 2660 3071 ad
2689 3012 2908 3070 ecclesias

404 3097 658 3154 asiaticas
686 3099 1009 3156 relationem
1037 3101 1269 3158 indicat.
1303 3105 1519 3158 Revera
1563 3102 1852 3174 probabile
1879 3111 1991 3170 est,
2023 3104 2080 3159 S.
2113 3102 2349 3158 Paulum
2394 3101 2670 3158 Corintho
2713 3117 2804 3172 per
2826 3099 2908 3154 Sil-

404 3202 609 3242 vanum
632 3188 923 3258 epistolam
956 3205 1115 3245 suam
1138 3190 1355 3246 Galatis
1381 3191 1753 3247 transmisisse
1779 3205 2016 3261 eumque
2043 3189 2211 3246 simul
2233 3190 2480 3246 ecclesiis
2509 3191 2752 3246 asiaticis
2777 3201 2908 3259 prae-

405 3274 647 3344 posuisse
663 3317 676 3340 ,
708 3275 851 3331 sicut
876 3285 1071 3347 postea
1100 3277 1289 3332 Titum
1313 3278 1672 3334 Cretensibus
1695 3277 1978 3348 praefecit.

472 3362 593 3416 Iam
630 3377 761 3416 vero
805 3363 1066 3419 ecclesiae
1108 3380 1303 3420 omnes
1332 3381 1363 3420 a
1391 3367 1566 3421 Paulo
1609 3366 1836 3437 eiusque
1879 3364 2164 3435 discipulis
2203 3361 2468 3419 fundatae
2509 3380 2582 3419 ex
2623 3365 2836 3422 Iudaeis
2869 3367 2910 3414 et

402 3447 638 3502 ethnicis
660 3448 941 3504 conversis
964 3450 1308 3519 coaluerant,
1331 3459 1500 3522 atque
1518 3451 1754 3522 epistola
1778 3460 1968 3508 nostra
1995 3452 2161 3508 etiam
2185 3451 2430 3506 ecclesiis
2447 3452 2642 3509 mixtis
2665 3451 2908 3508 destinata

402 3545 549 3604 erat;
579 3550 759 3606 neque
784 3536 935 3591 enim
958 3537 1161 3593 desunt
1183 3547 1394 3606 textuS‚
1422 3539 1519 3612 qui
1551 3538 1796 3608 proxime
1817 3539 2068 3596 ethnicos
2087 3555 2384 3595 conversos
2402 3529 2736 3613 attingunt(1
2759 3539 2910 3596 Petri.

404 3630 549 3691 1,14.
581 3630 673 3691 183
710 3629 823 3692 2,9.
859 3631 953 3690 10;
984 3631 1105 3693 3,6;
1141 3631 1280 3694 4‚3)‚
1312 3642 1484 3697 quare
1512 3630 1572 3684 S.
1603 3629 1972 3700 Auquscinus
2007 3629 2074 3700 (c.
2103 3630 2294 3684 Faust.
2333 3630 2521 3684 XXII.
2561 3635 2680 3696 29),
2711 3627 2910 3685 Cassio-

400 3713 583 3766 dorus
608 3711 810 3784 (lnstit.
840 3713 951 3767 div.
983 3718 1068 3780 14)
1098 3723 1205 3769 etc.
1233 3729 1360 3770 cum
1390 3715 1672 3771 nonnullis
1699 3715 1981 3771 codicibus
2009 3716 2300 3787 epistolam
2329 3735 2354 3765 «
2377 3715 2452 3772 ad
2469 3715 2681 3772 Gentes
2703 3739 2728 3768 n
2751 3713 2911 3772 inscri-

400 3799 566 3863 bunt;
593 3809 649 3854 at
677 3799 850 3856 altera
875 3815 940 3855 ex
965 3809 1121 3871 parte
1151 3810 1345 3857 auctor
1368 3804 1541 3857 Vetus
1564 3804 1714 3858 Test.
1745 3812 1862 3858 tam
1887 3804 2048 3874 plene
2076 3804 2362 3875 cognitum
2391 3805 2686 3874 supponit,
2717 3813 2778 3859 ut
2799 3801 2910 3858 ori-

399 3903 567 3961 qenes
589 3887 665 3956 (in
682 3887 823 3943 Gen.
846 3895 981 3944 tom.
1007 3891 1157 3956 111.),
1178 3889 1463 3945 Eusebius
1480 3891 1574 3962 (H.
1597 3893 1659 3944 E.
1684 3892 1788 3946 111.
1807 3890 1886 3960 4),
1906 3893 1965 3946 S.
1989 3893 2378 3962 Hieronymus
2399 3891 2488 3959 (de
2508 3893 2626 3948 Vir.
2649 3892 2734 3948 ill.
2757 3897 2802 3961 1)
2823 3899 2909 3944 etc.

398 3991 523 4032 eam
554 3974 1077 4032 Iudaeochristianis
1104 3977 1370 4047 scriptam
1394 3993 1512 4032 esse
1539 3975 1807 4034 dicerent.
1837 3977 1992 4034 Idem
2011 3978 2179 4050 igitur
2198 3978 2402 4050 duplex
2423 3979 2737 4046 character,
2761 3979 2846 4051 qui
2865 3977 2908 4030 in

400 4063 673 4135 plerisque
701 4064 963 4134 pauliniS,
993 4065 1052 4119 in
1082 4064 1187 4120 hac
1216 4065 1446 4135 epistola
1470 4065 1769 4135 invenitur,
1800 4065 1929 4137 quia
1955 4066 2228 4122 similibus
2253 4067 2498 4124 ecclesiis
2524 4066 2797 4124 destinata
2823 4073 2906 4120 est.

476 4233 536 4290 3.
564 4263 641 4272 —
661 4231 760 4291 ΙΙΙ.
794 4233 883 4291 Eo
913 4247 1187 4292 rampone
1214 4237 1429 4292 autem
1456 4233 1690 4310 scripta
1711 4237 1807 4294 est
1825 4234 1998 4311 prior
2023 4233 2321 4312 epistola,
2351 4252 2476 4312 quo
2497 4237 2659 4296 Nero
2683 4235 2750 4294 in
2769 4232 2910 4296 Urbe

400 4327 523 4386 iam
556 4327 941 4387 Christianos
970 4329 1266 4406 persequi
1295 4334 1588 4406 coeperat
1619 4333 1806 4406 atque
1837 4329 2064 4390 similis
2103 4333 2459 4408 persecutio
2499 4333 2564 4392 in
2594 4328 2910 4410 provinciis

398 4427 505 4482 aut
529 4423 655 4482 iam
680 4428 992 4484 exarserat
1016 4429 1121 4485 aut
1150 4425 1373 4485 saltem
1398 4426 1763 4494 timebatur,
1793 4426 1836 4485 i.
1859 4443 1914 4486 e.
1947 4431 2214 4488 exeunte
2243 4445 2300 4488 a.
2327 4429 2428 4488 64.
2449 4429 2549 4488 vel
2577 4431 2832 4488 ineunte
2857 4441 2905 4482 a.

396 4521 523 4592 65„
556 4523 744 4596 atque
774 4519 911 4596 ipsa
938 4519 1091 4580 haec
1121 4521 1479 4599 persecutio
1508 4537 1878 4583 occAsmmm
1907 4523 1975 4581 B.
2009 4525 2196 4583 Petro
2226 4525 2541 4601 praebuit,
2577 4524 2724 4586 utin
2751 4517 2908 4584 Pauli

395 4615 675 4676 absentis
700 4616 839 4676 loco
862 4617 1154 4677 ecclesias
1186 4619 1474 4679 asiaticas
1502 4619 1566 4677 in
1599 4619 1722 4680 fide
1753 4619 2172 4680 confirmaret.
