3050 5184
923 798 1766 896 DISSERTATIO
1864 799 1990 894 ΙΙ.

369 1126 462 1190 DE
501 1126 842 1193 Tnxi'umt
879 1128 1457 1195 ansmoitun
1497 1129 1585 1193 ΕΤ
1624 1126 2090 1197 minuar-lm
2127 1124 2537 1191 VERslomm

947 1242 1283 1308 HISTORIA
1322 1244 1410 1308 ΕΤ
1451 1242 1955 1308 ΑΠῦΤΟΒΙΤΑΤΕ.

257 1850 444 1905 Altera
471 1850 722 1921 quaestio
747 1848 805 1905 in
832 1849 1248 1907 introductione
1276 1851 1522 1924 generali
1549 1858 1634 1906 est
1672 1849 1966 1914 solvenda,
1996 1848 2278 1905 undenam
2315 1846 2616 1919 genuinum
2650 1844 2719 1901 li-

199 1936 414 1993 brorum
443 1952 732 1993 sacrorum
755 1945 970 1994 textum
994 1938 1332 1995 hauriamus,
1364 1940 1564 1995 Procul
1607 1938 1773 1994 dubio
1802 1946 2091 1993 auctorum
2128 1936 2521 2008 inspiratorum
2557 1942 2719 1989 auto·

203 2023 398 2095 grapha
424 2024 494 2081 ab
521 2024 777 2081 omnibus
818 2025 1042 2081 omnino
1079 2025 1292 2082 mendis
1317 2026 1586 2082 immunia
1626 2025 1789 2082 fuisse
1818 2024 2087 2081 fateamur
2126 2031 2364 2095 oportet,
2409 2022 2510 2078 nisi
2538 2022 2720 2119 ipsum

206 2111 509 2181 primarium
535 2128 734 2171 eorum
760 2121 1042 2170 auctorem
1071 2116 1252 2171 Deum
1275 2115 1479 2170 erroris
1495 2114 1727 2171 alicuius
1755 2128 2015 2169 accusare
2042 2110 2193 2183 impii
2216 2111 2475 2179 velimus3
2506 2119 2715 2165 certum

209 2214 409 2271 quoque
431 2208 536 2269 est,
567 2203 748 2259 Deum
773 2202 1036 2275 singulari
1065 2202 1405 2273 providentia
1429 2218 1651 2273 semper
1676 2200 2007 2273 invigilasse,
2040 2216 2111 2257 ne
2136 2198 2282 2268 libri,
2312 2214 2451 2271 quos
2478 2196 2635 2253 nobis
2659 2197 2720 2252 in

211 2296 438 2344 nostram
475 2288 710 2347 salutem
739 2288 986 2355 dederat,
1036 2290 1292 2362 gravibus
1341 2291 1485 2346 circa
1525 2288 1696 2345 fidem
1735 2298 1790 2345 et
1828 2304 2011 2364 mores
2044 2287 2325 2344 erroribus
2353 2285 2635 2357 depravati
2660 2285 2717 2339 in

213 2384 436 2431 nomm
461 2378 763 2447 perniciem
791 2386 1154 2433 verterentur.
1196 2382 1270 2433 At
1297 2387 1518 2434 nostrae
1544 2392 1713 2433 curae
1746 2375 2207 2447 sollicitudinique
2233 2375 2477 2447 reliquit,
2508 2382 2573 2429 ut
2610 2372 2719 2428 mi-

213 2477 358 2519 nores
387 2473 445 2521 et
469 2463 834 2521 accidentales
859 2482 1094 2530 errores,
1129 2466 1222 2537 qui
1251 2467 1487 2521 salutem
1513 2473 1763 2521 nostram
1792 2463 2037 2536 periculo
2072 2479 2187 2519 non
2212 2470 2515 2535 exponunt,
2546 2461 2718 2519 evita-

215 2558 400 2607 rentur.
429 2551 591 2609 Unde
615 2550 824 2609 factum
859 2561 962 2622 est,
993 2564 1056 2608 ut
1091 2553 1216 2610 libri
1251 2554 1393 2609 sacri
1434 2553 1635 2617 eidem,
1662 2552 1753 2608 cui
1775 2549 2010 2623 profani,
2040 2550 2151 2607 fato
2190 2550 2416 2607 subiecti
2452 2556 2639 2607 essent
2664 2556 2721 2604 et

215 2640 492 2695 oexcenties
537 2639 794 2711 descripti
835 2640 1140 2697 innumeris
1181 2640 1295 2697 sere
1338 2639 1552 2697 mendis
1592 2639 1895 2695 minoribus
1940 2640 2017 2694 ita
2059 2637 2433 2705 foedarentur,
2464 2646 2527 2693 ut
2565 2638 2720 2692 illum

215 2734 432 2793 textum,
459 2728 554 2801 qui
591 2746 656 2785 ex
693 2728 943 2799 inspirati
969 2729 1214 2784 auctoris
1243 2744 1412 2784 manu
1451 2728 1722 2792 manavit,
1754 2744 1867 2782 non
1902 2742 2106 2797 purum
2140 2727 2525 2799 integrumque
2560 2724 2720 2780 nobis

213 2814 504 2872 exhibeant.
535 2818 838 2872 Plurimum
875 2825 1064 2873 autem
1098 2816 1388 2886 interesse,
1433 2825 1495 2872 ut
1541 2815 1839 2889 genuinum
1879 2814 2037 2870 ilium
2079 2822 2292 2870 textum
2334 2815 2714 2875 restituamus,

211 2917 389 2975 magna
415 2904 512 2959 illa
538 2904 820 2976 diligentia
843 2904 976 2961 satis
1001 2904 1115 2961 iam
1143 2904 1405 2973 ostendit,
1433 2920 1543 2976 qua
1568 2903 1699 2960 inde
1726 2919 1759 2959 a
1778 2902 1969 2975 primis
1994 2900 2125 2959 fidei
2151 2900 2493 2972 temporibus
2519 2900 2719 2956 summi

211 2992 380 3047 Patres
413 3000 578 3064 atque
609 2992 1026 3064 insequentibus
1049 2993 1284 3049 saeculis
1319 2992 1543 3047 maximi
1575 2991 1822 3063 theologi
1860 2990 2249 3063 instigantibus
2274 2989 2513 3045 Summis
2538 2989 2720 3044 Ponti-

210 3078 386 3135 ficibus
411 3095 638 3149 operam
667 3094 822 3135 suam
849 3080 910 3135 in
945 3080 1323 3136 emaculandis
1348 3080 1502 3136 libris
1527 3078 1701 3135 sacris
1729 3078 2091 3135 collocarunt.
2130 3076 2263 3133 Ideo
2305 3076 2463 3133 nobis
2498 3091 2720 3148 quoque

208 3182 385 3222 eorum
419 3160 670 3238 exempla
707 3168 1064 3239 sequentibus
1089 3168 1414 3225 enitendum
1441 3176 1550 3231 est,
1582 3176 1645 3222 ut
1672 3182 1925 3223 errorum
1961 3166 2141 3222 fontes
2186 3165 2505 3237 detegamus
2541 3165 2720 3221 subsi-

205 3254 392 3327 diaque
417 3269 837 3326 cognoscamus,
870 3256 1068 3328 quibus
1086 3257 1212 3312 illos
1229 3256 1506 3329 corrigere
1540 3256 1829 3325 possimus.
1855 3256 2123 3309 Errorum
2150 3264 2335 3310 autem
2359 3252 2539 3309 fontes
2564 3252 2723 3309 nobis

205 3342 429 3398 ostendit
459 3350 714 3399 textuum
751 3343 1206 3417 primigeniorum
1242 3344 1498 3411 historia3
1542 3342 1857 3398 adiumenta
1903 3342 2111 3413 optima
2159 3343 2423 3413 praebent
2463 3342 2723 3413 antiquae

205 3432 498 3499 versiones,
529 3429 732 3502 quippe
758 3447 898 3503 quae
927 3432 1290 3504 antiquiorem
1312 3440 1494 3487 textus
1538 3428 1773 3486 formam
1800 3430 1961 3489 nobis
1984 3429 2305 3498 exhibeant3
2335 3446 2505 3502 quare
2533 3446 2722 3487 earum

204 3533 410 3592 quoque
451 3517 722 3591 originem
765 3528 822 3575 et
861 3518 974 3575 fata
1018 3519 1404 3593 investigemus
1447 3528 1694 3589 oportet,
1726 3527 1790 3573 ut
1833 3533 2025 3573 earum
2068 3517 2398 3575 auctoritate
2440 3528 2721 3589 perspecta

203 3608 296 3663 rite
339 3607 420 3663 eis
453 3605 528 3661 ad
555 3615 766 3662 textum
794 3607 1204 3665 emendandum
1241 3615 1478 3663 utamur.
1508 3608 1682 3661 Totus
1710 3605 1873 3679 igitur
1900 3612 2167 3661 tractatus
2192 3605 2251 3660 in
2280 3605 2421 3661 duas
2456 3606 2725 3662 sectiones

202 3693 476 3763 dividitur,
505 3708 742 3765 quarum
767 3695 920 3764 prior
946 3694 1175 3751 historia
1203 3703 1456 3751 textuum
1478 3693 1933 3765 primigeniorum
1969 3701 2246 3762 enarrata,
2280 3694 2402 3765 quis
2429 3694 2501 3749 sit
2532 3710 2722 3750 eorum

202 3792 363 3840 status
401 3796 663 3853 praesens
687 3791 744 3837 et
771 3798 910 3855 quae
937 3798 1132 3839 eorum
1169 3784 1486 3853 auctoritas,
1518 3780 1759 3850 docebit,
1790 3781 1961 3837 altera
1989 3779 2059 3836 de
2090 3781 2429 3837 versionibus
2464 3783 2541 3837 ita
2576 3790 2721 3855 aget,

201 3880 256 3927 ut
279 3886 422 3944 quae
446 3869 524 3927 eis
543 3868 810 3927 debeatur
835 3870 974 3927 fides
999 3879 1282 3943 appareat.

1433 4656 1489 4702 5⁷
