3050 5184
463 235 583 295 610
640 251 715 295 DE
744 251 879 296 Novl
911 251 1075 297 TEST.
1110 251 1284 296 meno
1310 251 1711 295 PROPBETICO.
1745 269 1822 278 --
1847 251 1925 295 DE
1955 250 2310 294 APOCALYPSI
2337 251 2394 292 B.
2427 249 2672 293 lOANNJs
2699 245 2967 291 Arosrou.

464 384 881 456 infirmentur,
932 389 1001 445 ut
1044 384 1402 445 confirmari
1449 384 1662 463 potius
1713 383 1840 444 sint
1885 382 2180 454 dicenda3
2223 399 2296 442 ea
2333 381 2537 454 enim,
2581 398 2742 457 quae
2783 395 2972 438 revera

464 479 671 551 adest,
706 480 1004 540 dictionis
1034 481 1312 558 stylique
1349 481 1705 541 differentia
1734 481 1898 540 inter
1925 478 2335 556 Evangelium
2367 481 2660 555 quartum
2683 480 2745 535 et
2767 477 2975 553 Apoca-

465 575 671 654 lypsin
702 593 777 636 ex
806 576 1045 637 diversa
1066 577 1373 637 librorum
1402 575 1616 636 indole
1647 577 1801 636 satis
1839 575 2206 654 explicatur.

533 690 687 746 Saec.
718 695 806 746 16.
836 694 1121 747 Erasmus
1151 692 1359 760 primus
1387 688 1742 745 difficultates
1767 705 1797 745 a
1821 691 1877 746 S.
1911 689 2174 760 Dionysio
2209 688 2524 760 propositas
2546 685 2789 757 repetiit,
2823 700 2974 755 neque

464 783 649 834 tamen
670 776 797 833 ideo
824 778 951 833 libri
973 778 1319 834 authentiam
1341 794 1546 850 negare
1573 793 1741 834 ausus
1764 786 1877 846 est,
1909 791 2030 832 eam
2061 786 2248 831 autem
2275 776 2497 849 negavit
2525 773 2846 836 Lauren-us,
2877 772 2972 843 quir

462 863 607 920 nibil
634 864 808 920 divini
838 875 933 921 aut
962 865 1248 936 apostolici
1276 865 1333 920 in
1362 881 1428 921 eo
1455 865 1692 933 invenit,
1725 864 1927 937 reliqui
1949 879 2078 920 vero
2106 866 2490 920 Protestantes
2519 876 2796 918 summum
2823 861 2976 931 ponti-

464 951 627 1008 ficem
656 961 711 1007 et
739 953 1027 1009 ecclesiam
1052 969 1343 1008 romanam
1384 969 1453 1008 ex
1475 952 1808 1026 Apocalypsi
1830 953 2187 1024 impugnare,
2222 967 2390 1024 quam
2419 951 2538 1006 eius
2565 948 2922 1020 apostolicam
2945 959 2976 1001 et

465 1038 710 1094 divinam
744 1039 1131 1096 auctoritatem
1168 1040 1462 1112 repudiare
1488 1041 1826 1096 maluerunt.
1857 1042 2012 1096 Inter
2037 1039 2406 1096 rationalistas
2433 1039 2553 1104 alii,
2585 1037 2826 1092 maxime
2854 1037 2976 1090 Neo-

466 1127 790 1198 tubingiani,
815 1131 1081 1184 Ioannem
1100 1129 1426 1199 Apostolum
1448 1128 1858 1200 Apocalypseos
1882 1136 2168 1184 auctorem
2188 1134 2513 1199 agnoscunt,
2536 1127 2662 1197 quia
2692 1125 2763 1180 ita
2793 1123 2976 1179 facilia<

464 1214 513 1269 ei
551 1215 907 1286 Evangelium
948 1214 1251 1276 abiudicari
1307 1231 1467 1286 posse
1510 1225 1734 1286 putant,
1779 1216 2028 1288 plerique
2057 1223 2246 1271 autem
2285 1214 2480 1270 loanni
2523 1213 2872 1285 presbytero,
2903 1221 2976 1266 aut

466 1302 661 1360 Ioanni
688 1305 905 1370 Marco,
936 1313 1034 1360 aut
1061 1305 1257 1360 Ioanni
1279 1304 1466 1359 nescio
1491 1304 1583 1358 cui
1610 1303 1900 1376 impostori
1931 1303 2303 1375 Apocalypsin
2329 1300 2668 1357 adscribunt.
2701 1301 2976 1370 Praecipua

465 1403 659 1444 eorum
681 1400 1006 1462 argumenta
1036 1391 1147 1446 iam
1174 1407 1207 1446 a
1234 1393 1292 1448 S.
1322 1391 1589 1463 Dionysio
1617 1393 1696 1446 M.
1725 1392 1892 1447 allata
1915 1400 2048 1446 sunt
2073 1389 2212 1446 haec
2241 1411 2257 1446 ι
2289 1443 2294 1446 .
2387 1409 2394 1416 ·

537 1481 623 1544 a.)
656 1497 685 1528 α
716 1479 953 1534 loannes
978 1480 1331 1551 Evangelista
1370 1495 1473 1534 nec
1499 1479 1800 1552 Evangelio
1839 1495 1940 1535 nec
1969 1479 2216 1550 epistolis
2253 1493 2460 1533 nomen
2491 1491 2652 1532 suum
2681 1474 2974 1546 adscripsit:

465 1573 525 1620 at
546 1565 955 1637 apocalypseos
979 1576 1172 1622 auctor
1196 1567 1255 1622 in
1279 1567 1399 1638 ipso
1425 1566 1654 1622 exordio
1679 1569 1790 1622 iam
1813 1582 2016 1622 nomen
2047 1582 2210 1621 suum
2235 1565 2417 1638 posuit
2441 1586 2466 1615 ι»
2497 1568 2574 1630 (S.
2603 1565 2776 1618 Dion.
2811 1574 2866 1618 et
2887 1579 2978 1618 mo-

464 1652 664 1721 derni).
693 1656 768 1708 At
791 1653 851 1708 id
876 1654 1179 1710 rectissime
1206 1654 1413 1710 factum
1441 1669 1562 1710 esse
1589 1655 2020 1726 respondemus,
2053 1655 2183 1726 quia
2213 1653 2572 1725 Apocalypsis
2601 1659 2686 1708 cst
2713 1651 2852 1706 liber
2879 1667 2976 1721 prc-

464 1739 744 1811 pheticuS,
784 1741 873 1796 eui
912 1758 1117 1798 nomen
1155 1742 1398 1798 auctoris
1434 1741 1626 1797 deesse
1663 1759 1777 1798 non
1816 1742 2022 1813 potuit;
2063 1741 2216 1798 libris
2253 1740 2528 1797 historicis
2564 1747 2751 1795 autem
2791 1739 2976 1810 antiqui

462 1841 668 1882 nomen
700 1843 863 1882 suum
890 1843 1001 1884 non
1031 1829 1431 1900 praefixerunt,
1466 1829 1644 1900 prima
1673 1829 1906 1901 epistola
1933 1837 2018 1907 est
2051 1829 2336 1901 Evangelii
2365 1827 2652 1898 praefatio,
2693 1835 2751 1881 et
2779 1827 2836 1882 in
2871 1827 2977 1881 dua·

463 1913 567 1969 bus
593 1915 713 1970 aliis
738 1915 1039 1987 Apostolus
1078 1914 1220 1972 illud
1246 1931 1453 1971 nomen
1482 1932 1646 1972 suum
1675 1917 1882 1988 posuit,
1916 1933 2024 1988 quo
2055 1916 2115 1971 in
2139 1917 2268 1972 Asia
2292 1916 2546 1987 cognitus
2573 1923 2712 1970 erat.
2740 1943 2811 1956 —
2839 1913 2975 1984 Quod

463 2001 509 2056 si
536 2001 791 2058 moderni
813 2002 1053 2071 addunt,
1084 2004 1207 2072 illa,
1236 2019 1376 2076 quae
1405 2009 1591 2076 Apoc.
1622 2011 1782 2073 18‚20
1819 2012 1874 2060 et
1899 2009 2064 2072 21,4o
2103 2004 2378 2076 leguntur,
2410 2002 2480 2058 ab
2511 2003 2800 2075 Apostolo
2833 2001 2976 2058 scribi

460 2104 575 2144 non
603 2091 870 2161 potuisse,
903 2107 1005 2147 nos
1038 2100 1231 2147 contra
1264 2093 1590 2162 asserimus,
1627 2090 1764 2147 nihil
1795 2107 2022 2162 prorsus
2047 2091 2154 2146 illis
2185 2091 2242 2146 in
2277 2090 2518 2146 textibus
2554 2091 2818 2153 inveniri,
2850 2089 2974 2162 quod

462 2186 560 2233 aut
580 2178 886 2234 modestiae
910 2187 1008 2235 aut
1032 2180 1249 2235 veritati
1277 2188 1569 2252 repugnet.

534 2265 613 2333 b.)
645 2286 671 2316 α
701 2267 1062 2340 Evangelium
1090 2266 1412 2334 emendate,
1444 2267 1595 2339 quod
1623 2266 1695 2323 ad
1728 2283 1988 2340 graecum
2015 2283 2328 2324 sermonem
2357 2266 2582 2336 attinet,
2615 2275 2672 2321 et
2698 2267 2972 2338 elegantis-

460 2352 596 2408 sime
624 2355 677 2408 in
702 2362 817 2410 tota
848 2355 1115 2410 orationis
1142 2355 1539 2426 compositione
1566 2356 1830 2426 scriptum
1860 2372 1997 2420 esse,
2024 2364 2217 2412 monet
2243 2356 2298 2411 S.
2326 2353 2644 2425 Dionysius,
2679 2357 2970 2428 Apocalyp-

458 2455 582 2496 seos
600 2449 787 2498 autem
805 2441 1105 2498 dictionem
1126 2459 1239 2498 non
1264 2441 1567 2500 admodum
1594 2459 1850 2516 graecam
1867 2459 2006 2510 esse,
2030 2442 2127 2498 sed
2153 2443 2504 2499 barbarismis
2528 2451 2696 2514 atque
2713 2443 2970 2498 interdum

458 2529 793 2584 soloecismis
818 2529 1094 2601 inquinari
1122 2552 1167 2584 ι).
1192 2531 1403 2602 Quibus
1430 2530 1643 2586 addunt
1665 2529 1940 2600 moderni,
1966 2533 2344 2602 expressiones
2368 2529 2709 2602 phrasesque
2735 2530 2796 2585 in
2820 2533 2974 2586 Evan-

455 2617 598 2689 gelio
624 2616 946 2690 frequenter
972 2617 1251 2674 adhibitas
1274 2617 1344 2674 ab
1373 2619 1704 2690 Apocalypsi
1729 2619 1968 2674 exsulari
1994 2627 2050 2674 et
2072 2617 2308 2674 vicissim
2333 2616 2748 2690 Apocalypseos
2767 2633 2972 2690 expres-

454 2705 635 2760 siones
674 2705 733 2760 in
766 2706 1064 2778 Evangelio
1092 2705 1413 2762 desiderari.
1457 2737 1531 2747 --
1556 2705 1938 2762 Differentiam
1971 2707 2214 2778 aliquam
2251 2705 2444 2761 adesse
2472 2720 2637 2760 nemo
2665 2715 2864 2778 negat,
2893 2705 2972 2760 sed

454 2792 659 2848 adnota
706 2792 845 2848 baec
892 2814 906 2848 :
956 2794 1240 2865 Elegantia
1285 2809 1514 2866 graecae
1557 2792 1809 2849 dictionis
1851 2793 2232 2865 Evangelistae
2281 2793 2608 2864 plerumque
2651 2809 2766 2848 non
2811 2795 2970 2849 minus

454 2888 835 2953 exaggeratur,
864 2897 1033 2952 quam
1060 2881 1353 2952 impuritas
1392 2881 1805 2952 Apocalyptici,
1851 2896 2030 2953 neque
2071 2880 2207 2936 satis
2247 2879 2569 2949 attenditur,
2615 2881 2970 2954 impuritatem

454 2969 596 3023 hanc
632 2969 833 3039 partim
861 2969 1088 3024 omnino
1119 2984 1238 3024 esse
1266 2969 1663 3037 voluntariam,
1697 2967 2000 3024 innumeris
2029 2967 2088 3023 in
2115 2968 2253 3024 locis
2290 2967 2535 3022 ostendit
2573 2977 2787 3036 auctor,
2819 2985 2876 3024 se
2901 2985 2968 3024 re-

452 3057 609 3127 gulas
644 3071 873 3127 graecae
916 3057 1135 3128 linguae
1174 3064 1427 3112 accurate
1455 3065 1670 3126 tenere,
1704 3072 1874 3128 quare
1903 3056 1952 3111 si
1979 3071 2072 3111 eas
2099 3055 2458 3112 nihilominus
2487 3056 2768 3128 neglexit,
2795 3073 2892 3112 cur
2911 3059 2967 3110 ita

450 3151 665 3214 ageret,
698 3141 892 3198 habuit
918 3159 1046 3199 suas
1081 3143 1254 3199 bonas
1289 3145 1559 3211 rationes,
1593 3159 1729 3216 quas
1755 3142 2089 3216 investigare
2127 3141 2292 3198 debet
2327 3145 2627 3215 interpreS,
2663 3155 2728 3201 ut
2771 3159 2968 3200 sensum

450 3230 743 3286 verborum
773 3232 935 3300 plene
966 3231 1247 3302 percipiat.
1279 3233 1455 3287 Porro
1485 3231 1543 3285 in
1577 3231 1908 3302 Apocalypsi
1935 3231 1992 3286 S.
2025 3232 2262 3286 Ioannes
2289 3231 2552 3286 continuo
2591 3231 2854 3288 vaticinia
2885 3234 2966 3285 Ve-

447 3319 580 3372 teris
616 3319 764 3372 Test.
808 3333 939 3388 prae
976 3318 1149 3373 oculis
1187 3317 1355 3373 habet
1396 3317 1467 3373 ad
1508 3334 1684 3391 eaque
1722 3317 1947 3386 alludit;
1995 3317 2145 3374 unde
2193 3317 2498 3390 frequentia
2541 3317 2964 3377 hebraismorum

447 3403 607 3460 facile
636 3405 959 3474 explicatur.
994 3408 1287 3461 Praeterea
1319 3406 1428 3461 alio
1456 3405 1624 3462 modo
1654 3405 1892 3474 scriptor
1919 3405 2244 3474 historicus,
2280 3407 2389 3461 alio
2419 3407 2786 3477 propheticus
2811 3407 2966 3480 loqui

445 3503 555 3562 tur,
580 3507 760 3563 neque
789 3490 1011 3547 eaedem
1041 3494 1447 3562 expressioneS,
1486 3509 1628 3564 quae
1656 3494 1992 3563 narrationi,
2026 3495 2196 3550 etiam
2223 3494 2419 3550 visioni
2447 3495 2814 3552 conveniunt.
2847 3501 2966 3566 Apo-

445 3581 727 3652 calypseos
754 3578 981 3634 demum
1004 3579 1191 3648 dictio,
1218 3581 1321 3636 etsi
1344 3580 1536 3636 rudior
1562 3591 1664 3650 est,
1686 3581 1748 3637 in
1767 3581 1955 3638 multis
1983 3598 2111 3638 cum
2142 3591 2341 3654 quarto
2365 3583 2670 3654 Evangelio
2695 3591 2962 3644 consonat,

442 3685 623 3740 neque
653 3668 931 3724 immerito
960 3669 1239 3738 asseritur,
1276 3669 1337 3724 in
1362 3677 1481 3724 toto
1522 3671 1683 3725 Novo
1709 3672 1892 3738 Test.,
1923 3670 1971 3725 si
1997 3668 2166 3726 dictio
2204 3685 2400 3742 graeca
2435 3679 2742 3741 spectatur,
2775 3673 2964 3728 nullum

441 3755 645 3814 librum
669 3755 998 3827 Apocalypsi
1022 3755 1368 3825 similiorem,
1402 3773 1572 3828 quam
1599 3765 1860 3829 quartum
1885 3759 2274 3830 Evangelium,
2301 3759 2556 3828 reperiri.

510 3849 583 3912 e.)
618 3865 645 3896 «ι
674 3846 754 3899 Ex
782 3845 1069 3915 utriusque
1094 3843 1219 3899 libri
1246 3843 1568 3901 charactere
1594 3854 1650 3900 et
1671 3851 1789 3900 tota
1814 3845 2172 3916 dispositione
2199 3861 2314 3900 non
2342 3862 2516 3900 unum
2545 3847 2844 3920 utriusque
2873 3857 2964 3901 esse

442 3941 727 3989 auctorem
758 3953 783 3982 n
823 3932 1063 3988 coniecit
1088 3932 1146 3988 S.
1174 3933 1530 4001 Dionysius;
1555 3949 1698 4005 quae
1725 3932 1893 3988 verba
1923 3932 2177 3989 moderni
2206 3933 2546 4005 explicantes
2583 3936 2866 3991 maiorem
2891 3948 2963 3986 re-

442 4020 796 4088 hementiam,
822 4018 1084 4075 fervidius
1100 4019 1403 4092 ingenium,
1428 4021 1852 4076 luxuriosiorem
1873 4021 2214 4093 imaginandi
2233 4022 2343 4075 vim
2357 4020 2416 4076 in
2435 4022 2802 4094 Apocalypsi.
2823 4033 2964 4095 quam

437 4110 495 4164 in
522 4108 818 4180 Evangelio
844 4106 1035 4162 adesse
1055 4107 1264 4163 dicunt.
1293 4137 1360 4148 —
1384 4111 1577 4179 Neque
1598 4124 1702 4163 nos
1726 4109 1872 4164 hanc
1891 4108 2259 4164 differentiam
2279 4123 2548 4181 negamus
2573 4109 2674 4166 sed
2704 4109 2961 4166 addimus-

438 4197 496 4252 in
528 4195 828 4268 Evangelio
853 4195 907 4251 S.
937 4197 1201 4250 Ioannem
1244 4195 1467 4252 fidelem
1486 4205 1686 4252 testem
1712 4213 1776 4252 ea
1805 4213 2063 4265 narrare,
2095 4211 2238 4267 quae
2279 4196 2564 4252 Christum
2603 4197 2694 4254 his
2737 4197 2798 4253 in
2827 4197 2964 4253 terris

437 4293 688 4357 agentem
718 4283 851 4339 vidit
875 4291 930 4338 et
958 4284 1277 4354 loquentem
1306 4283 1544 4351 audivit,
1573 4283 1632 4338 in
1660 4284 1995 4358 Apocalypsi
2025 4299 2201 4355 aeque
2227 4281 2452 4339 fidelem
2486 4293 2686 4341 testem
2715 4285 2964 4340 subtimes

438 4373 693 4442 visioneS,
722 4387 863 4443 quae
888 4370 939 4426 ei
965 4371 1240 4427 exhibitae
1269 4380 1427 4438 sunt,
1459 4369 1796 4427 describere.
1822 4374 1970 4428 Num
1995 4369 2141 4426 forte
2169 4369 2368 4427 eadem
2395 4373 2622 4428 omnino
2651 4381 2740 4428 est
2769 4370 2962 4428 indoles

436 4462 491 4515 in
522 4459 796 4516 historicis
824 4459 1235 4514 narrationibus
1268 4460 1439 4514 Isaiae
1478 4467 1535 4514 et
1573 4460 1838 4516 Ieremiae
1862 4468 1917 4515 et
1944 4459 2002 4516 in
2031 4475 2224 4514 eorum
2250 4458 2550 4515 visionibus
2585 4469 2642 4516 et
2667 4458 2960 4516 vaticiniis-³

434 4547 596 4616 Quod
637 4548 682 4604 si
706 4547 960 4603 moderni
982 4547 1037 4602 in
1074 4548 1401 4619 Apocalypsi
1426 4547 1772 4603 rabbinicam
1792 4548 2033 4620 aliquam
2057 4547 2342 4604 scientiam
2376 4547 2634 4621 detegere
2657 4549 2958 4605 voluennnt.
