3050 5184
392 296 510 355 410
547 309 623 353 m:
651 310 784 353 ver.
813 311 1068 356 res-rm.
1100 309 1291 354 malus
1320 305 1713 352 rnomnncts.
1736 325 1815 335 —
1836 308 1969 352 car.
1998 311 2085 354 tv.
2117 311 2194 354 nn
2214 309 2539 356 enorum-114
2564 305 2908 352 moninus.

393 455 530 510 quos
557 441 812 498 Ezechiel
851 442 1174 498 salomonici
1201 441 1395 512 templi
1428 449 1484 496 et
1510 439 1691 495 cultus
1718 441 2044 498 memoriam
2074 441 2441 514 descriptione
2472 457 2570 496 sua
2596 451 2915 496 conservare

393 527 496 582 sibi
524 531 828 601 proposuit,
859 529 1165 586 seeundum
1187 529 1325 584 alios
1347 529 1617 599 templum
1646 536 1702 584 et
1723 527 1933 584 cultum
1968 531 2379 600 postexsilicnm
2404 526 2799 600 praeformare,
2830 539 2915 579 se-

393 613 637 671 eundum
663 617 800 673 alios
828 617 1054 673 demum
1081 616 1270 689 templi
1299 625 1355 672 et
1383 617 1565 672 cultus
1592 623 1688 672 aut
1718 617 1946 672 Messiae
1974 626 2152 674 aetate
2178 626 2275 674 aut
2299 626 2553 690 tempore
2570 614 2805 672 millenii
2833 611 2917 669 iu-

396 702 505 756 tnri
536 702 718 759 ideam
755 704 1106 762 adumbrare.
1137 705 1326 760 Altera
1372 705 1739 775 interpretum
1776 705 1966 760 classis
2002 721 2130 761 cum
2170 706 2345 777 prima
2383 712 2561 772 tenet,
2593 701 2919 774 prophetam

395 789 640 859 proxime
666 791 736 848 de
764 794 968 864 templo
997 800 1054 848 et
1092 791 1244 848 cultu
1269 791 1527 862 antiquae
1563 807 1875 864 synagogae
1916 808 2104 864 agere,
2134 792 2231 848 sed
2268 793 2433 849 simul
2462 792 2714 848 altiorem
2747 789 2920 862 signi-

395 875 704 934 ficationem
729 881 970 951 typicam
995 895 1114 936 esse
1141 878 1543 936 admittendam
1578 878 1857 948 concedit,
1890 879 1967 936 ita
1996 889 2057 936 ut
2083 881 2409 938 restauratio
2442 878 2635 952 templi
2660 877 2923 948 ierosoly-

395 964 592 1020 mitani
618 975 674 1021 et
711 967 890 1022 cultus
916 968 1124 1024 levitici
1163 968 1233 1023 sit
1261 966 1457 1022 umbra
1484 975 1543 1022 et
1567 965 1743 1039 figura
1771 964 2115 1039 perfectioris
2142 969 2335 1040 templi
2363 985 2395 1024 a
2426 968 2623 1024 Messia
2652 963 2921 1020 fundandi

397 1059 453 1106 et
477 1051 818 1122 perfectioris
844 1057 1023 1111 cultus
1064 1055 1121 1110 in
1159 1055 1402 1111 Ecclesia
1431 1053 1749 1123 exercendi3
1785 1069 1957 1127 quare
1999 1056 2166 1112 etiam
2211 1055 2454 1112 admittit
2490 1054 2827 1127 prophetam
2872 1053 2921 1106 in

397 1140 674 1196 nonnullis
701 1157 862 1198 sensu
893 1142 1117 1213 proprio
1147 1157 1371 1214 prorsus
1399 1141 1591 1198 relicto
1614 1142 1931 1198 immediate
1956 1143 2029 1198 ad
2050 1152 2245 1215 typum
2272 1144 2572 1199 transiisse.
2604 1141 2795 1198 'l'ertia
2828 1140 2920 1194 de·

397 1239 550 1281 mum
585 1229 800 1297 classiS,
842 1229 931 1284 cui
969 1230 1218 1302 plerique
1260 1233 1450 1286 Patres
1489 1229 1895 1286 adnumerandi
1939 1241 2096 1299 sunt,
2135 1231 2195 1287 in
2236 1233 2449 1304 integra
2491 1230 2699 1286 visione
2743 1230 2923 1284 solam

396 1315 643 1385 agnoscit
681 1317 1032 1388 allegoricam
1065 1317 1280 1374 futurae
1317 1317 1592 1374 Ecclesiae
1619 1317 2072 1390 descriptionem;
2106 1318 2301 1376 eadem
2343 1319 2491 1374 enim
2535 1318 2783 1384 ratione,
2818 1333 2922 1387 qua

397 1401 662 1472 propheta
699 1403 802 1460 sub
839 1403 1013 1478 figura
1055 1405 1210 1460 navis
1251 1413 1478 1460 ornatae
1504 1405 1877 1477 undequaque
1916 1421 2129 1462 merces
2156 1407 2531 1478 conquirentis
2574 1415 2922 1477 praesentem

398 1488 862 1557 pulchritudinem
900 1501 957 1548 et
997 1493 1336 1563 opulentiam
1362 1493 1493 1564 Tyri
1522 1492 1809 1564 descripsit
1856 1497 1960 1563 (ep.
2003 1496 2143 1563 27.),
2176 1495 2342 1550 etiam
2384 1493 2599 1550 futurae
2642 1493 2923 1549 Ecclesiae

397 1577 858 1648 magnificentiam
887 1580 988 1635 sub
1017 1581 1206 1652 figuris
1233 1581 1447 1651 antiqui
1471 1581 1667 1650 templi
1692 1588 1795 1636 etc.
1831 1580 2141 1638 describere
2167 1583 2359 1653 potuit.

465 1673 647 1744 Quam
672 1676 893 1731 tertiam
930 1676 1262 1731 sententiam
1284 1675 1462 1731 solam
1487 1674 1786 1731 tenendam
1814 1692 1961 1741 esse,
1994 1677 2173 1733 tribus
2200 1678 2541 1750 argumentis
2576 1686 2772 1733 contra
2802 1678 2925 1733 illos

397 1762 720 1828 praesertim
749 1763 957 1832 primae
985 1764 1173 1819 classis
1196 1765 1430 1820 asseclas
1453 1765 1767 1830 asserimuS‚
1803 1764 1898 1835 qui
1930 1764 2275 1821 Ezechielem
2298 1765 2359 1820 in
2386 1765 2582 1822 ultima
2608 1763 2740 1820 libri
2764 1775 2924 1836 parte

396 1846 606 1901 cultum
641 1865 674 1904 a
713 1848 934 1906 Iudae1s
961 1849 1318 1921 postexsilicis
1347 1849 1715 1906 exercendum
1744 1851 2143 1922 praeformasse
2184 1867 2419 1924 eumque
2458 1853 2517 1908 in
2561 1852 2731 1908 finem
2772 1854 2924 1926 leges

396 1933 707 2006 liturgieaS,
738 1953 879 2009 quae
907 1946 1036 1994 ante
1076 1939 1328 1995 exsilium
1371 1939 1427 1993 in
1467 1953 1573 1992 usu
1617 1937 1782 1993 fuisse
1822 1939 2241 2007 recordabatur,
2284 1939 2569 2012 collegisse
2612 1949 2709 1995 aut
2750 1957 2925 1997 novas

395 2021 620 2079 linxisse
643 2033 912 2081 asserunt.
947 2027 1164 2082 Etenim
1195 2027 1279 2098 a.)
1307 2025 1617 2081 notandum
1642 2035 1753 2092 est,
1784 2042 1953 2082 unam
1981 2027 2155 2083 solam
2186 2028 2449 2084 visionem
2482 2045 2685 2084 novem
2713 2029 2925 2084 ultimis

395 2108 663 2179 capitibus
691 2112 953 2182 exhiberi,
981 2115 1137 2170 cuius
1156 2122 1342 2185 partes
1367 2115 1440 2168 ita
1471 2114 1616 2168 inter
1635 2129 1693 2168 se
1722 2123 1850 2169 sunt
1871 2130 2172 2181 connexae,
2194 2125 2258 2170 ut
2280 2115 2473 2172 eadem
2494 2117 2711 2172 ratione
2730 2133 2926 2173 omnes

395 2197 735 2268 explicentur
763 2216 980 2256 neeesse
1009 2201 1095 2271 sit,
1123 2217 1304 2274 neque
1332 2201 1447 2257 ullo
1475 2201 1644 2257 modo
1667 2201 2049 2258 intermediam
2076 2211 2285 2274 partem
2318 2205 2559 2274 proprio,
2592 2205 2839 2276 primam
2864 2221 2925 2260 ac

393 2286 612 2341 tertiam
638 2287 938 2360 improprio
967 2287 1134 2345 modo
1162 2290 1514 2360 interpretari
1540 2290 1723 2344 liceat.
1754 2290 1871 2346 Iam
1901 2306 2031 2346 vero
2059 2288 2284 2346 evidens
2310 2300 2412 2360 est,
2446 2291 2797 2348 Ezechielem
2828 2309 2925 2348 nec

397 2375 662 2443 templum
690 2375 760 2431 ab
785 2376 922 2432 urbe
949 2386 1136 2432 sancta
1169 2393 1424 2448 separare
1453 2393 1555 2432 nec
1586 2378 1787 2432 miram
1822 2376 1975 2434 illam
2003 2387 2183 2434 terrae
2212 2378 2539 2436 divisionem
2566 2379 2925 2436 introducere

395 2461 648 2530 voluisse,
677 2479 842 2534 quam
869 2463 986 2521 fuse
1009 2480 1132 2535 epp.
1159 2471 1249 2520 45.
1278 2473 1334 2520 et
1359 2470 1450 2520 48.
1473 2463 1753 2521 describit.
1784 2466 1969 2534 Quare
1997 2465 2043 2522 si
2070 2466 2127 2520 in
2154 2466 2239 2522 his
2260 2467 2564 2538 praeceptis
2586 2467 2925 2540 improprius

393 2556 452 2603 et
489 2550 823 2622 symbolicus
860 2567 1052 2608 sensus
1088 2552 1430 2620 conceditur,
1460 2551 1613 2608 idem
1638 2553 1697 2608 in
1726 2553 2030 2624 praeceptis
2066 2553 2356 2610 ritualibus
2392 2553 2775 2610 admittendus
2822 2567 2919 2612 est.

396 2635 474 2703 b.)
501 2638 772 2707 Quoniam
799 2639 1054 2696 Ezechiel
1078 2656 1293 2710 semper
1323 2655 1421 2712 pro
1445 2640 1693 2712 legitimo
1716 2639 1821 2696 Dei
1847 2640 2117 2712 propheta
2145 2650 2228 2697 est
2255 2643 2493 2714 agnitus,
2518 2643 2783 2714 explicari
2816 2660 2925 2700 non

391 2732 597 2794 potest,
625 2743 726 2782 cur
749 2727 866 2782 eius
889 2727 1063 2799 legeS,
1100 2742 1236 2799 quas
1263 2729 1413 2784 velut
1440 2727 1651 2783 divinas
1682 2728 2071 2800 promulgavit,
2104 2743 2411 2800 numquam
2442 2730 2551 2786 sint
2574 2729 2919 2794 observatae,

391 2810 435 2866 si
461 2827 624 2868 sensu
649 2815 871 2886 proprio
895 2831 987 2871 eas
1011 2815 1241 2888 intelligi
1264 2816 1456 2871 voluit.
1479 2816 1791 2871 Nonnullae
1820 2815 2063 2886 quidem,
2093 2832 2234 2888 quae
2263 2817 2431 2873 etiam
2460 2819 2515 2874 in
2543 2819 2923 2875 Pentateucho

390 2901 756 2968 eontinentur,
805 2901 1126 2959 observatae
1169 2911 1325 2972 sunt,
1369 2903 1467 2960 sed
1517 2903 1655 2958 aliae
1704 2905 1759 2958 in
1798 2902 1998 2975 quibus
2037 2921 2068 2959 a
2112 2905 2489 2962 Pentateucho
2528 2904 2841 2978 discrepat,
2868 2909 2925 2963 in

391 3002 552 3045 usum
576 3004 690 3043 non
717 2999 844 3045 sunt
871 2989 1167 3060 deductae;
1198 3007 1378 3063 neque
1404 2993 1463 3046 in
1489 2991 1789 3046 levioribus
1815 3000 2059 3060 tantum,
2092 2992 2190 3048 sed
2225 2993 2283 3047 in
2320 2993 2660 3066 gravioribus
2700 3011 2923 3068 quoqne

390 3089 420 3129 a
449 3077 636 3148 Moyse
666 3076 940 3149 discrepat
967 3077 1250 3148 Ezechiel,
1282 3079 1377 3151 qui
1405 3078 1810 3134 hierarchicum
1854 3079 2107 3136 ordinem
2146 3079 2366 3152 ignorat
2408 3097 2510 3138 nec
2556 3097 2827 3154 umquam
2856 3083 2923 3138 de

388 3177 607 3218 summo
641 3163 926 3221 sacerdote
962 3166 1225 3238 loquitur,
1267 3166 1520 3223 omnibus
1567 3165 1946 3222 sacerdotibus
1989 3165 2129 3223 illud
2174 3183 2314 3223 onus
2352 3167 2611 3240 imponit,
2652 3170 2729 3224 ad
2772 3171 2921 3242 quod

388 3250 792 3306 Pentateuchus
819 3254 998 3310 solum
1023 3268 1303 3310 summum
1329 3253 1648 3325 pontificem
1684 3253 1890 3326 obligat
1918 3259 2095 3321 (4431
2132 3253 2216 3310 cl'r
2240 3257 2371 3310 Leo.
2404 3261 2617 3324 21,13),
2651 3257 2767 3313 duo
2798 3268 2920 3314 tan-

387 3345 507 3392 tum
537 3336 671 3394 festa
701 3340 907 3396 maiora
940 3341 1236 3411 (paschatis
1269 3351 1323 3397 et
1365 3341 1869 3408 tabernaculorum)
1898 3341 2140 3398 admittit
2180 3351 2283 3399 etc.
2328 3348 2404 3410 c.)
2434 3345 2559 3400 Non
2586 3347 2759 3400 semel
2797 3355 2919 3402 tan-

385 3432 524 3493 tum,
551 3424 650 3481 sed
672 3443 834 3500 saepe
863 3445 961 3501 per
983 3430 1253 3502 integram
1283 3430 1549 3485 visionem
1578 3429 1848 3501 propheta
1877 3438 2053 3498 cavet,
2084 3445 2153 3486 ne
2182 3432 2405 3502 proprio
2434 3447 2597 3488 sensu
2626 3433 2801 3490 verba
2826 3451 2917 3490 sua

382 3511 780 3585 intelligantur.
823 3517 1019 3572 Statim
1057 3532 1087 3573 a
1130 3517 1401 3589 principio
1452 3537 1478 3568 α
1521 3532 1683 3572 mons
1727 3517 1975 3572 excelsus
2020 3517 2185 3572 nimis
2222 3519 2249 3570 ἰ
2304 3519 2495 3590 (40,2),
2550 3521 2609 3574 in
2656 3536 2772 3592 quo
2826 3539 2917 3578 ex-

377 3601 706 3658 struendum
739 3612 824 3659 est
851 3606 1149 3676 templum,
1179 3621 1294 3660 non
1337 3614 1419 3660 est
1439 3605 1600 3669 Sion,
1630 3603 1723 3659 sed
1768 3620 1931 3660 mons
1970 3605 2082 3674 ille,
2117 3619 2280 3677 quem
2314 3607 2637 3678 prophetice
2664 3607 2917 3665 viderant

381 3687 550 3745 lsaias
577 3692 706 3762 (2,2)
737 3700 796 3746 et
821 3693 1099 3748 Michaeas
1129 3691 1288 3764 (4,2);
1324 3693 1383 3748 in
1409 3708 1619 3748 novum
1652 3694 1923 3764 templum
1954 3693 2211 3749 maiestas
2248 3694 2471 3765 quidem
2507 3693 2696 3751 divina
2733 3697 2916 3770 ingre-

379 3773 529 3832 ditur
557 3781 697 3847 (43,1
743 3785 920 3851 sqq.),
951 3779 1048 3835 sed
1089 3779 1138 3834 ei
1166 3778 1322 3836 deest
1349 3795 1477 3836 arca
1507 3779 1745 3836 foederis
1778 3780 1877 3850 (cl'r
1904 3783 2109 3836 [erem.
2142 3783 2320 3852 3‚16);
2345 3781 2597 3855 ingressu
2633 3784 2743 3838 Dei
2778 3783 2913 3840 inte-

380 3879 539 3931 grum
563 3867 833 3937 templum
862 3883 988 3922 enm
1014 3869 1165 3923 atriis
1189 3876 1245 3923 et
1272 3867 1650 3925 adiacentibus
1677 3866 1943 3923 aediliciis
1970 3878 2327 3925 consecratur
2358 3890 2383 3919 α
2410 3879 2663 3925 sanctum
2694 3881 2915 3927 saneto·

383 3966 508 4007 rum
539 3973 563 4004 n
597 3955 822 4026 (43,12),
855 3972 988 4022 ergo
1012 3971 1112 4010 nee
1134 3953 1204 4010 de
1229 3955 1565 4012 salomonico
1587 3971 1691 4011 nec
1713 3954 1784 4010 de
1809 3955 2193 4012 zorobabelico
2213 3958 2423 4027 templo
2447 3957 2724 4028 loquitur3
2752 3975 2915 4030 porro

382 4055 414 4094 a
441 4041 595 4097 nullo
625 4042 767 4111 sons,
797 4044 954 4098 euius
975 4058 1151 4115 aquae
1179 4044 1379 4100 miram
1409 4053 1676 4115 spargunt
1704 4043 2049 4099 fertilitatem
2074 4046 2211 4114 (47,1
2242 4049 2407 4117 sqq.),
2441 4044 2771 4116 intelligitur
2798 4063 2913 4119 pro·

380 4127 503 4198 prio
521 4143 707 4197 sensu,
726 4139 970 4186 attamen
991 4139 1074 4186 est
1092 4130 1242 4186 idem
1259 4133 1508 4202 angelus,
1525 4132 1623 4203 qui
1640 4129 1835 4187 eadem
1856 4132 2066 4188 ratione
2086 4147 2373 4188 mensuras
2390 4134 2581 4203 templi
2600 4137 2751 4198 (40.5
2770 4151 2873 4205 sqq
2900 4140 2910 4156 “

382 4225 437 4271 et
463 4232 751 4274 mensuras
777 4219 928 4274 ssuvii
958 4223 1106 4287 (47‚a
1134 4224 1280 4291 sqq.)
1310 4219 1546 4290 explicat
1572 4227 1679 4275 etc.

451 4315 853 4385 Complementi
881 4315 1054 4388 gratia
1082 4313 1210 4370 addi
1236 4323 1436 4386 potest,
1466 4315 1827 4386 impropriam
1854 4315 2276 4384 explicationem
2304 4317 2531 4372 omnino
2558 4332 2681 4372 esse
2710 4317 2910 4372 admit-

381 4401 628 4468 tendam,
659 4403 782 4473 quia
813 4405 868 4460 S.
903 4404 1135 4458 loannes
1164 4403 1220 4458 in
1249 4419 1346 4458 sua
1380 4402 1711 4474 Apocalypsi
1748 4402 2051 4458 Ezechielis
2090 4403 2295 4474 figuras
2330 4405 2530 4458 iterum
2568 4403 2829 4474 adhibet,
2856 4413 2909 4458 nt

387 4507 410 4540 ι
443 4505 699 4557 sponsam
717 4491 860 4562 Agni
891 4511 915 4541 υ
939 4490 1213 4546 describat
1233 4491 1335 4556 (cfr
1358 4497 1538 4562 Apoc.
1562 4497 1725 4558 21,10
1748 4500 1803 4546 et
1822 4492 2025 4546 Ezeclt.
2049 4497 2205 4562 40,2;
2232 4495 2413 4564 Apoc.
2440 4497 2604 4554 21,t2
2630 4500 2686 4548 et
2706 4491 2902 4550 Ezech.

379 4579 570 4642 4831,
605 4583 779 4648 Apoc.
808 4583 929 4646 22,1
963 4593 1086 4649 sqq.
1119 4587 1174 4634 et
1200 4578 1402 4634 Ezeclae.
1432 4584 1555 4646 47,1
1590 4595 1713 4650 sqq.
1744 4578 1892 4648 etc.).
