3050 5184
564 313 640 356 DE
684 315 1099 361 ssrls‘rounuu
1142 316 1596 362 CATnomthuu
1639 317 1864 361 nomm-2
1907 317 1980 360 m·
2019 314 2261 360 ORDINE.
2567 291 2682 352 585

232 443 305 496 Ex
336 459 442 514 qua
468 445 731 503 varietate
757 447 893 504 satis
918 447 1119 514 elucet,
1151 449 1413 518 epistolas
1448 464 1564 504 non
1601 465 1670 506 eo
1703 447 1898 504 ordine
1935 461 2056 502 esse
2093 445 2414 516 dispositas,
2447 457 2558 515 quo
2582 439 2685 495 sin·

164 530 313 600 gulae
340 531 395 586 in
422 533 781 590 ecclesiarum
821 535 1167 608 singularum
1194 552 1435 593 canones
1462 546 1591 592 sunt
1634 545 1918 608 receptae;
1967 534 2138 590 Iudae
2176 533 2326 589 enim
2355 529 2585 602 epistola
2627 526 2686 582 in
2783 543 2790 550 ·
2819 511 2826 518 ⁸

164 617 407 676 omnibus
442 617 558 676 fere
594 621 839 678 Orientis
872 631 929 679 et
964 624 1280 680 Occidentis
1309 624 1554 680 ecclesiis
1596 633 1726 681 ante
1762 623 1969 681 multas
2009 622 2144 678 alias
2190 627 2412 690 recepta
2443 625 2545 672 est.
2577 613 2685 672 Sed

166 704 291 761 Gal.
323 711 417 774 2,9
453 718 853 766 enumerantur
886 719 1175 782 tamquam
1203 711 1480 769 Ecclesiae
1516 712 1808 769 columnae
1849 708 2112 775 Iacobus,
2147 710 2373 774 PetruS,
2418 708 2683 768 loanneS‚

164 792 352 862 quibus
392 794 619 852 ultimus
661 796 863 854 deinde
906 798 1129 856 additus
1170 808 1255 856 est
1298 799 1493 870 Iudas;
1535 801 1594 856 in
1638 799 1938 856 Occidente
1983 805 2172 852 autem
2215 793 2542 866 praeprimis
2597 805 2685 844 re-

162 891 447 948 spexerunt
478 882 551 939 ad
582 886 639 941 S.
675 886 823 940 Petri
853 887 1293 960 praerogativam
1309 927 1325 956 ‚
1355 905 1465 960 qua
1488 888 1540 944 ei
1569 887 1776 959 primus
1803 888 1958 944 locus
1985 883 2418 949 attribuebatur3
2451 879 2688 936 Ioannes

162 975 365 1037 autem,
396 978 588 1041 utpote
624 972 955 1045 discipulus,
989 991 1156 1048 quem
1182 975 1447 1049 diligebat
1479 979 1634 1032 Iesus
1652 1017 1668 1046 ,
1695 984 1753 1032 et
1775 974 2106 1048 praecipuus
2132 971 2283 1028 Petri
2316 971 2376 1025 in
2405 965 2686 1026 fundanda

163 1055 383 1112 ecclesia
420 1058 867 1134 ierosolymitana
910 1062 1159 1133 adiutor,
1204 1063 1509 1120 secundum
1548 1064 1734 1120 locum
1779 1063 2002 1130 meruit,
2036 1071 2092 1119 et
2129 1057 2386 1125 IacobuS‚
2427 1054 2526 1128 qui
2561 1068 2689 1109 cum

162 1143 317 1200 Petro
347 1154 403 1201 et
433 1149 643 1204 Ioanne
674 1158 902 1206 vocatur
928 1153 1187 1210 columna
1216 1152 1521 1220 Ecclesiae,
1556 1150 1886 1223 praecedere
1917 1149 2108 1206 debuit
2136 1146 2329 1205 Iudae.

231 1232 291 1286 In
314 1243 580 1305 sequente
597 1244 841 1293 tractatu
864 1238 1117 1296 ordinem
1138 1239 1409 1312 vulgatae
1434 1255 1753 1311 sequemur,
1779 1239 1875 1311 qui
1901 1235 2298 1308 chronologico
2319 1231 2544 1304 propior
2571 1235 2686 1292 est;

164 1318 449 1390 epistolam
474 1322 645 1380 ludae
672 1333 861 1381 tamen
887 1328 1037 1383 Petri
1065 1327 1311 1400 epistolis
1329 1327 1608 1397 addimus,
1629 1328 1754 1398 quia
1779 1343 1906 1382 cum
1935 1332 1970 1382 2
1999 1324 2150 1381 Petri
2175 1323 2371 1379 intime
2407 1318 2688 1376 cohaeret.

520 1491 562 1579 ἓ
595 1487 713 1558 19.’
731 1531 821 1542 -
842 1496 939 1559 De
967 1493 1249 1582 epistola
1270 1495 1610 1561 catholica
1633 1497 1712 1562 B.
1747 1492 1980 1560 Iacobi
1998 1489 2326 1580 Apostoli.

240 1675 291 1731 l.
320 1707 403 1718 —-
430 1675 478 1734 1.
509 1677 599 1736 De
622 1693 933 1740 Emsromn
962 1695 1252 1740 Aucroar..
1290 1702 1318 1733 «
1348 1680 1637 1749 IacobuS,
1672 1679 1786 1740 Dei
1817 1683 1880 1738 et
1907 1676 2160 1737 Domini
2185 1676 2256 1736 N.
2290 1677 2433 1735 Iesu
2463 1666 2690 1732 Christi

168 1785 371 1830 servus
400 1794 457 1844 n,
488 1773 597 1849 qui
626 1774 690 1833 in
713 1775 1119 1853 inscriptione
1148 1776 1447 1853 epistolae
1468 1781 1688 1836 auctor
1705 1775 2084 1846 nominatur,
2111 1777 2208 1832 est
2227 1771 2488 1832 Iacobus
2513 1765 2688 1836 Min„

168 1863 415 1942 Alphaei
435 1870 536 1929 vel
571 1869 796 1947 Clopae
820 1875 883 1932 et
914 1872 1138 1932 Mariae
1168 1872 1363 1943 filim,
1396 1873 1504 1948 qui
1535 1873 1724 1932 etiam
1759 1894 1788 1925 α
1814 1871 2006 1930 frater
2033 1869 2345 1929 Domini»
2374 1862 2694 1925 interdum

169 1963 540 2024 nominatur.
580 1968 628 2026 Α
658 1969 929 2028 Domino
977 1969 1141 2028 inter
1181 1968 1517 2047 Apostolos
1556 1971 1844 2044 receptus
1884 1971 1948 2027 et
1985 1968 2126 2043 post
2165 1961 2692 2024 resurrectionem

170 2057 459 2136 singulari
481 2063 875 2140 apparitione
899 2065 1187 2144 dignatus
1210 2066 1265 2143 (1
1297 2062 1438 2126 Cor.
1471 2064 1824 2144 15,7)iuxta
1848 2065 2101 2124 Patrum
2131 2061 2539 2120 traditionem
2572 2053 2694 2132 pri-

170 2170 297 2216 mus
345 2157 549 2218 sactus
590 2164 687 2219 est
730 2161 1033 2221 ecclesiae
1085 2161 1636 2240 ierosolymitanae
1681 2161 2038 2239 episcopuS.
2085 2158 2255 2218 Inter
2306 2152 2693 2218 Christianos

170 2254 329 2312 tanta
373 2258 507 2314 erat
546 2256 684 2316 eius
722 2258 1089 2329 auctoritaS,
1126 2262 1195 2320 ut
1224 2257 1286 2318 S.
1332 2259 1563 2320 Paulus
1611 2275 1756 2318 eum
1787 2275 1908 2319 una
1949 2273 2092 2316 cum
2129 2258 2316 2315 Petro
2365 2257 2428 2312 et
2465 2251 2692 2310 Ioanne

171 2350 497 2410 columnam
540 2351 848 2414 Ecclesiae
893 2355 1213 2416 vocaverit
1255 2354 1421 2433 (Gal.
1468 2354 1620 2434 29),
1672 2372 1710 2414 a
1758 2352 2003 2414 Iudaeis
2047 2369 2174 2412 non
2226 2346 2546 2411 conversis
2589 2361 2693 2404 au-

170 2449 285 2505 tem
321 2448 403 2507 ob
444 2453 799 2510 accuratam
838 2451 1021 2529 Legis
1059 2452 1530 2512 observantiam
1569 2450 1766 2510 Iustus
1801 2454 1897 2510 est
1937 2448 2314 2527 appellatus,
2358 2448 2440 2505 At
2475 2440 2690 2522 populi

171 2543 331 2603 lavor
370 2544 594 2606 odium
636 2547 693 2606 ei
724 2547 981 2608 attraxit
1014 2548 1370 2626 principum
1414 2548 1806 2609 iudaicorum
1844 2564 1916 2607 ac
1957 2545 2332 2625 praesertim
2375 2537 2693 2620 pontificis

170 2641 352 2700 Anani
370 2685 386 2712 ,
419 2643 531 2719 qui
563 2648 707 2721 post
734 2644 902 2704 Festi
932 2645 1351 2722 procuratoris
1378 2649 1651 2705 mortem
1673 2649 1735 2704 et
1758 2648 1902 2704 ante
1928 2642 2135 2702 Albini
2159 2641 2297 2701 eius
2318 2632 2693 2698 successoris

172 2734 503 2814 adventum
537 2739 603 2818 (i.
638 2756 695 2799 e.
729 2740 943 2801 medio
982 2742 1109 2801 fere
1144 2759 1307 2802 anno
1337 2739 1463 2820 63.)
1499 2765 1530 2796 «
1563 2747 1988 2818 opportunum
2023 2738 2143 2798 sibi
2186 2737 2405 2796 adesse
2443 2737 2692 2809 tempus

172 2839 327 2892 ratus
356 2835 657 2913 synedrio
686 2841 899 2898 coacto
939 2839 1268 2908 Iacobum,
1305 2838 1561 2898 fratrem
1601 2837 1774 2897 illius
1803 2838 1970 2908 lesu,
2002 2834 2111 2913 qui
2151 2833 2472 2893 dicebatur
2515 2827 2691 2888 Chri-

173 2933 323 3003 stus,
368 2949 519 2992 cum
555 2934 873 2995 nonnullis
911 2935 1053 2994 aliis
1096 2935 1271 2995 velut
1306 2934 1489 3011 Legis
1526 2933 1794 2994 violatae
1831 2949 1974 2993 reos
2007 2927 2324 2990 accusavit
2357 2925 2694 3000 statimque

172 3023 531 3102 lapidandos
558 3029 823 3091 tradidit
854 3053 883 3086 »
918 3029 1034 3110 (ΕΙ.
1068 3032 1186 3091 Ios.
1221 3031 1478 3108 Antiqu.
1503 3031 1627 3090 XX.
1651 3027 1804 3108 9‚1).

232 3139 492 3206 Quaestio
532 3142 602 3198 de
626 3143 893 3213 epistolae
917 3143 1080 3199 huius
1112 3152 1339 3200 auctore
1371 3142 1497 3199 ideo
1527 3141 1912 3198 difficultatem
1931 3140 2171 3212 aliquam
2199 3145 2366 3204 creat,
2402 3135 2530 3208 quia
2553 3134 2699 3190 inter

176 3225 385 3283 Domini
414 3227 717 3300 discipulos
745 3246 856 3286 non
881 3245 1025 3285 unus
1048 3239 1268 3288 tantum
1291 3245 1497 3286 nomen
1522 3229 1710 3285 Iacobi
1739 3228 1906 3300 gessit
1924 3236 1980 3282 et
2005 3236 2194 3282 noster
2218 3242 2318 3281 suo
2341 3222 2554 3280 nomini
2581 3223 2696 3292 epi-

172 3312 375 3384 theton,
414 3331 529 3388 quo
574 3316 964 3390 distinguatur,
990 3335 1104 3374 non
1142 3317 1371 3374 addidit.
1407 3319 1473 3373 In
1513 3317 1909 3388 Apostolorum
1939 3316 2173 3388 collegio
2212 3312 2322 3369 duo
2354 3311 2580 3368 fuerunt
2616 3312 2698 3365 la·

174 3401 302 3470 cobi,
328 3405 565 3460 Iacobus
597 3405 874 3462 Zebedaei
899 3405 1045 3462 filius
1074 3414 1129 3462 et
1158 3405 1380 3462 Ioannis
1407 3404 1599 3470 irater,
1631 3413 1689 3460 et
1711 3403 1944 3459 Iacobus
1971 3402 2209 3474 Alphaei
2231 3401 2406 3466 tilius;
2431 3398 2528 3456 sed
2552 3399 2698 3471 prior

172 3487 269 3544 iam
296 3505 347 3546 a.
374 3497 467 3548 44.
492 3492 563 3548 ab
592 3493 815 3550 Herode
842 3503 925 3550 est
953 3495 1183 3561 occisuS‚
1208 3503 1508 3564 antequam
1535 3491 1894 3564 Evangelium
1923 3491 2036 3546 late
2061 3499 2182 3546 erat
2204 3489 2486 3556 diffusum,
2511 3495 2696 3542 nostra

174 3587 343 3634 autem
366 3579 601 3650 epistola
624 3582 925 3638 Ecclesiam
945 3583 1055 3638 iam
1076 3581 1287 3638 dudum
1308 3580 1578 3637 exstitisse
1599 3588 1654 3636 et
1674 3580 1784 3636 late
1805 3588 1960 3634 extra
1979 3579 2321 3634 Palaestinae
2339 3577 2476 3632 fines
2496 3589 2698 3646 propa-

175 3673 344 3732 gatam
380 3683 501 3723 esse
533 3670 681 3725 clare
720 3671 1011 3742 supponit;
1042 3670 1230 3741 itaque
1256 3669 1505 3741 quaestio
1536 3667 1755 3724 videtur
1783 3682 1900 3723 esse
1934 3667 2117 3722 soluta
2155 3675 2212 3722 et
2239 3664 2466 3735 epistola
2497 3661 2698 3718 Iacobo

176 3752 393 3822 Alphaei
420 3755 793 3813 attribuenda.
822 3761 897 3813 At
918 3773 1045 3814 cum
1070 3756 1477 3828 antiquioribus
1498 3755 1784 3811 nonnullis
1812 3757 2123 3828 (Recoqm‘t.
2156 3755 2202 3809 Ι.
2229 3759 2329 3820 433
2359 3755 2547 3808 δοκεῖ.
2581 3755 2714 3822 Ap.-

178 3839 240 3892 11.
270 3845 365 3910 553
396 3844 493 3898 VI.
526 3848 622 3911 123
654 3846 868 3900 Euseb.
902 3847 973 3901 11.
1006 3847 1070 3901 E.
1104 3847 1149 3900 1.
1187 3850 1280 3912 12;
1309 3847 1368 3900 S.
1396 3845 1610 3916 Epiph.
1644 3844 1810 3900 Haer.
1843 3849 1992 3910 79,3)
2023 3841 2276 3898 moderni
2303 3854 2526 3910 quoque
2550 3836 2698 3892 haud

182 3929 328 3991 pauci
355 3939 579 4001 praeter
612 3931 751 3988 duos
780 3934 1102 4004 Apostolos,
1142 3931 1345 4005 quibus
1380 3947 1586 3988 nomen
1621 3931 1807 3988 iacobi
1844 3931 2138 4002 competit,
2172 3929 2227 3984 in
2257 3927 2552 3998 Scripturis
2587 3934 2698 3981 ter-

181 4013 307 4070 tium
337 4037 363 4066 α
397 4019 683 4090 Iacobum,
731 4021 955 4077 fratrem
997 4021 1220 4076 Domini
1252 4041 1277 4070 n
1318 4021 1634 4089 inveniunt,
1681 4019 1798 4088 cui,
1850 4020 1952 4074 etsi
1987 4034 2054 4074 ex
2095 4017 2490 4088 Apostolorum
2528 4015 2696 4070 colle-

184 4101 264 4170 gio
286 4119 399 4160 non
425 4105 546 4175 suit,
579 4109 868 4180 epistolam
894 4109 1196 4165 attribuere
1225 4109 1438 4164 volunt.

248 4190 307 4246 ld
335 4201 522 4250 autem
551 4211 841 4266 perperam
866 4197 986 4253 fieri
1015 4205 1180 4268 atque
1211 4217 1235 4247 α
1268 4194 1531 4252 Iacobum
1572 4196 1801 4251 fratrem
1838 4193 2064 4249 Domini
2095 4213 2120 4244 n
2155 4191 2396 4247 eundem
2437 4205 2579 4259 esse,
2608 4189 2700 4261 qui

189 4276 405 4335 lacobus
442 4283 709 4354 Alphaei‚
739 4294 951 4340 certum
982 4293 1082 4340 est.
1124 4285 1266 4339 Nam
1295 4289 1380 4351 a.)
1410 4286 1466 4340 S.
1499 4283 1707 4339 Paulus
1734 4281 1896 4349 (Gal.
1939 4285 2185 4347 1‚17-19)
2227 4301 2252 4331 α
2289 4279 2554 4335 Iacobum
2595 4277 2699 4332 fra-

187 4367 315 4421 trem
352 4371 627 4426 Domini»
667 4371 870 4428 diserte
908 4371 1237 4444 Apostolum
1272 4373 1463 4427 stricto
1493 4386 1660 4426 sensu
1694 4369 1936 4441 appellat
1962 4369 2183 4440 illisque
2219 4367 2574 4436 adnumerat,
2608 4367 2703 4438 qui

186 4447 345 4518 ipsius
370 4457 427 4512 in
456 4460 783 4530 Apostolatu
814 4469 1187 4516 antecessores
1222 4459 1471 4526 suerunt3
1503 4459 1547 4514 si
1572 4467 1759 4512 autem
1803 4457 1858 4510 in
1894 4457 2290 4527 Apostolorum
2316 4456 2548 4526 collegio
2579 4453 2698 4520 suit,

194 4557 215 4586 ι
240 4538 461 4600 tratrem
491 4548 713 4603 Domini
743 4548 1009 4605 Iacobum
1033 4567 1058 4600 n
1088 4547 1158 4602 ab
1180 4547 1417 4618 Alphaei
1441 4547 1556 4602 filio
1584 4561 1698 4601 non
1722 4561 1841 4600 esse
1871 4542 2321 4616 distinguendum
2349 4559 2542 4600 omnes
2567 4559 2702 4598 con-

190 4629 395 4687 cedunt.
428 4635 601 4692 Porro
630 4636 707 4703 b.)
729 4636 871 4692 duos
896 4644 1110 4691 tantum
1140 4634 1371 4690 Iacobos
1394 4635 1453 4690 in
1480 4633 1772 4703 scripturis
1801 4634 2254 4702 commemorari,
2283 4648 2415 4688 usus
2443 4630 2702 4704 loquendi
