3050 5184
717 279 794 322 nn
834 279 1066 323 ‘raxrus
1109 275 1545 322 mssonn‘rmct
1587 277 2026 322 Auci-omum.
2562 262 2639 319 67

136 411 461 473 authentico
502 413 672 472 fonte
714 409 1122 472 revelationis
1159 423 1495 496 agnoscere
1540 409 1911 480 noluerunt,
1956 411 2100 488 quia
2140 427 2284 470 eum
2322 425 2359 468 a
2396 406 2640 468 ludaeis

137 509 412 569 malitiose
441 513 808 586 corruptum
839 523 975 567 esse
1005 508 1326 582 putarunt.

185 615 320 668 Sacc.
353 619 437 669 17.
470 621 532 668 et
571 616 655 667 le.
703 611 774 666 de
819 608 1199 666 massorethici
1240 615 1424 663 textus
1463 607 1788 664 auctoritate
1826 610 2201 666 controversia
2248 610 2515 666 acerrima
2562 615 2644 662 est

131 701 324 770 agitata.
353 699 580 754 Etenim
607 707 671 755 ut
697 698 1012 754 versionum
1045 694 1436 751 alexandrinae
1467 703 1523 750 et
1550 695 1803 768 vulgatae
1831 697 2148 752 testimonia
2174 695 2388 752 facilius
2417 695 2641 750 convel-

131 787 298 854 lerent,
330 789 710 844 Protestantes
744 801 910 858 quam
947 783 1172 856 plurimi
1201 791 1410 839 textum
1448 783 1905 840 massorethicum
1934 785 2039 856 ipsi
2082 784 2426 856 autographo
2460 797 2641 838 sacro·

131 889 228 927 rum
259 883 552 930 auctorum
592 874 754 945 plane
781 871 1128 928 conformem
1167 870 1551 938 declararunt;
1588 886 1655 926 ex
1697 871 1995 928 Catholicis
2036 879 2224 927 autem
2246 871 2417 942 aliqui
2442 869 2641 925 ardore

129 959 480 1032 disputationis
509 960 726 1032 abrepti
763 976 892 1016 eum
930 957 1266 1017 Iudaeorum
1291 966 1388 1013 aut
1413 957 1624 1013 malitia
1652 966 1748 1014 aut
1784 959 2041 1029 culpabili
2074 959 2275 1014 saltem
2310 955 2643 1030 negligentia

129 1049 186 1102 ita
207 1057 524 1120 corruptum
559 1047 842 1116 dixerunt,
873 1055 936 1103 ut
964 1061 1066 1118 pro
1109 1045 1428 1102 authentico
1456 1045 1808 1102 revelationis
1850 1045 2005 1102 fonte
2044 1061 2161 1101 non
2186 1045 2425 1117 amplius
2449 1044 2642 1100 haberi

131 1137 284 1206 possit.
1630 1147 1635 1154 ·

179 1223 564 1279 authenticum
603 1239 734 1278 vero
779 1223 1213 1279 instrumentum
1253 1228 1338 1276 est
1379 1218 1550 1289 illud,
1595 1219 1745 1292 quod
1790 1237 1888 1292 per
1933 1237 1993 1276 se
2037 1221 2222 1292 ipsum
2266 1220 2435 1277 fidem
2482 1219 2639 1289 facit,

127 1323 204 1364 nec
218 1311 442 1366 alterius
465 1309 890 1366 confirmatione
908 1308 1137 1382 indiget.
1159 1309 1284 1378 Quo
1303 1307 1497 1363 stricto
1526 1323 1691 1363 sensu
1719 1309 1836 1364 sola
1861 1323 2145 1364 sacrorum
2170 1317 2459 1364 auctorum
2488 1305 2641 1364 auto·

129 1397 328 1468 gepha,
360 1400 408 1454 si
437 1397 626 1454 adhuc
655 1404 837 1453 essent
863 1397 1184 1467 superstite,
1211 1394 1394 1451 forent
1423 1393 1762 1463 authentica,
1796 1396 1921 1468 quia
1949 1411 2115 1451 nemo
2140 1397 2217 1451 eis
2240 1395 2411 1451 fidem
2438 1411 2642 1468 negare

129 1493 292 1552 posset.
323 1485 556 1541 Latiore
595 1494 783 1541 autem
820 1500 988 1540 sensu
1033 1482 1350 1539 authentica
1387 1481 1665 1538 habentur
1705 1483 2026 1555 apographa
2057 1498 2277 1555 quoque
2324 1483 2540 1551 omnia,
2572 1481 2642 1538 de

129 1587 326 1640 quorum
363 1573 761 1629 conformitate
805 1587 934 1628 cum
979 1569 1336 1644 autographis
1364 1578 1611 1637 constat;
1641 1568 1742 1626 sed
1779 1569 1849 1626 de
1901 1585 1963 1626 ea
2006 1579 2259 1626 constare
2306 1579 2489 1642 potest
2530 1569 2641 1625 sive

129 1657 360 1728 legitimae
396 1669 458 1716 et
489 1659 748 1732 publicae
783 1659 1126 1715 auctoritatis
1159 1657 1533 1714 declaratione
1566 1656 1680 1714 sive
1711 1658 1927 1731 privato
1952 1657 2230 1726 examine3
2258 1659 2441 1729 priore
2472 1657 2641 1712 modo

130 1746 309 1818 vulgata
346 1756 546 1803 nostra
574 1756 657 1804 est
694 1747 1039 1814 authentica,
1071 1745 1142 1802 de
1171 1746 1349 1802 altera
1395 1746 1679 1816 quaeritur
1717 1747 1889 1802 relate
1926 1745 1997 1801 ad
2040 1753 2252 1802 textum
2298 1744 2637 1801 hebraicum.

129 1837 348 1891 Attamen
373 1843 437 1890 ut
479 1833 871 1907 apographum
917 1833 1301 1890 authenticum
1341 1833 1413 1888 sit
1452 1848 1517 1888 ac
1543 1832 1716 1890 fidem
1753 1849 1853 1904 per
1893 1848 1952 1889 se
1978 1841 2279 1902 mereatur,
2306 1831 2555 1888 absoluta
2586 1839 2642 1886 et

129 1919 486 1987 perfectissima
518 1938 650 1978 cum
681 1921 1025 1995 autographo
1071 1920 1429 1977 conformitas
1468 1936 1584 1976 non
1621 1920 1936 1992 requiritur,
1970 1919 2073 1976 sed
2096 1919 2193 1976 illa
2238 1919 2458 1988 sufficit,
2500 1934 2640 1991 quae

30 2011 32 2020 '
127 2005 442 2068 instrumenti
469 2009 844 2066 substantiam
877 2008 1117 2080 respicit.
1148 2007 1236 2064 Ad
1265 2008 1630 2064 substantiam
1658 2016 1846 2064 autem
1881 2007 2009 2064 libri
2036 2008 2177 2064 sacri
2210 2008 2487 2080 proxime
2511 2022 2639 2078 per-

127 2093 267 2151 tinent
303 2112 390 2166 ea,
421 2096 498 2154 ob
545 2112 688 2168 quae
716 2095 857 2153 liber
884 2095 971 2151 hic
998 2112 1031 2152 a
1053 2097 1173 2152 Deo
1220 2095 1384 2152 datus
1425 2103 1537 2164 est,
1564 2095 1602 2150 i.
1635 2111 1685 2151 e.
1717 2095 1903 2151 omnia
1950 2109 2091 2166 quae
2132 2093 2303 2151 fidem
2348 2109 2639 2166 moresque

127 2179 296 2239 directe
332 2184 638 2260 attingunt,
661 2190 884 2242 remote
911 2199 1044 2240 vero
1080 2198 1147 2239 ea
1187 2199 1426 2256 quoque,
1475 2198 1619 2256 quae
1656 2182 1925 2252 efficiunt,
1962 2191 2027 2238 ut
2066 2181 2449 2255 apographum
2484 2182 2637 2236 iuxta

129 2267 417 2336 prudentem
460 2281 522 2328 et
552 2270 892 2328 ordinariam
919 2269 1208 2327 hominum
1253 2269 1718 2326 existimationem
1742 2269 1894 2327 idem
1939 2286 2078 2342 opus
2120 2285 2250 2326 cum
2293 2269 2639 2342 autographo

129 2351 378 2428 habeam,
406 2359 514 2414 etsi
545 2358 604 2416 in
633 2358 800 2415 rebus
824 2357 1055 2414 minoris
1076 2359 1343 2415 momenti
1373 2355 1719 2414 differentiae
1745 2357 1951 2414 adsint.
2185 2363 2199 2374 '

180 2443 282 2500 lam
315 2459 449 2502 vero
499 2446 640 2502 olim
667 2447 781 2503 iam
806 2448 998 2503 Patres
1038 2447 1290 2502 nonnulli
1319 2447 1396 2510 (S.
1446 2447 1710 2502 Iustinus
1745 2447 1847 2510 M„
1886 2447 1945 2502 S.
1982 2451 2291 2515 Ινεπαετιε,
2326 2446 2635 2518 Origenes,

127 2527 171 2582 S.
209 2531 674 2604 chrysostomus)
721 2532 958 2591 ludaeos
1003 2549 1290 2590 accusasse
1333 2533 1613 2602 dicuntur,
1661 2530 1812 2604 quod
1852 2533 1914 2588 in
1964 2542 2121 2590 textu
2173 2533 2431 2591 hebraico
2488 2532 2639 2590 locos

130 2615 302 2688 aliquos
315 2663 333 2686 ,
360 2622 458 2694 qui
485 2620 662 2678 fidem
692 2621 900 2678 directe
945 2629 1224 2692 spectant,
1256 2622 1634 2695 corruperint,
1662 2619 2007 2692 eandemque
2046 2621 2449 2678 accusationem
2476 2637 2639 2678 reno·

30 2755 32 2758 ,
129 2715 292 2762 varunt
307 2723 420 2765 non
449 2710 620 2781 pauci
648 2708 862 2765 mediae
889 2709 1086 2765 aetatis
1111 2709 1440 2782 interpretes
1459 2707 1866 2780 (Raymundus
1883 2710 2139 2766 Martini
2152 2751 2167 2778 ‚
2188 2709 2319 2764 Nic.
2343 2712 2630 2779 Lyraum‚

131 2792 316 2850 Paulus
340 2799 533 2870 Bury.
567 2801 698 2862 etc.)
725 2805 782 2852 et
806 2797 1142 2852 recentiores
1169 2797 1508 2865 (Salmeron,
1547 2800 1745 2852 Canus
1760 2839 1774 2866 ‚
1806 2799 2069 2852 Marinus
2099 2795 2229 2868 etc.)

189 2943 239 2999 2·
266 2977 340 2988 —
363 2949 670 3006 Attamen
710 2963 850 3008 cum
893 2947 1004 3008 SS.
1049 2947 1416 3025 Hieronymo
1445 2950 1511 3006 et
1550 2945 1917 3022 Auquscino,
1959 2962 2117 3023 quos
2152 2948 2501 3022 sequuntur
2539 2961 2635 3005 re·

132 3040 402 3102 centiores
431 3043 726 3122 plerique
757 3048 820 3103 et
848 3043 1138 3103 moderni
1176 3059 1397 3104 omnes
1433 3042 1841 3120 interpreteS,
1876 3041 2133 3102 omnino
2170 3039 2634 3101 admittendum

133 3136 232 3204 est,
251 3135 616 3200 hebraicum
640 3138 1108 3216 Scripturarum
1129 3143 1368 3199 textum
1391 3156 1428 3198 a
1455 3135 1702 3198 Iudaeis
1724 3138 2036 3198 malitiose
2056 3155 2182 3198 non
2213 3154 2349 3197 esse
2380 3153 2635 3216 corrup-

30 3263 32 3276 =
132 3227 240 3288 tum
263 3249 462 3312 neque
493 3251 572 3294 ea
599 3235 873 3312 puritate
899 3251 1138 3306 carere,
1165 3252 1286 3314 qua
1304 3233 1701 3295 authenticus
1730 3233 2127 3294 revelationis
2151 3233 2290 3294 fons
2312 3235 2635 3295 constitui-

133 3323 236 3395 tur,
263 3328 404 3390 licet
449 3330 861 3392 librariorum
906 3331 1288 3410 negligentia
1333 3347 1577 3392 errores
1620 3331 1899 3390 minores
1946 3331 2012 3390 in
2060 3347 2209 3391 eum
2266 3330 2636 3408 irrepserint

30 3451 33 3494 4
135 3423 284 3497 atque
309 3425 466 3488 forte
497 3443 626 3486 uno
653 3427 932 3488 alterove
960 3427 1028 3487 in
1064 3427 1202 3488 loco
1236 3427 1431 3488 lectio
1468 3426 1679 3505 aliqua
1713 3442 1750 3485 a
1786 3425 2187 3486 Messorethis
2224 3425 2505 3487 studiose
2552 3427 2633 3487 sit

133 3523 370 3594 recepta,
402 3538 568 3599 quae
597 3521 964 3582 Christianis
993 3523 1204 3583 minus
1231 3523 1414 3583 favet.

187 3625 397 3689 ludaeos
419 3649 540 3689 non
569 3639 710 3689 ante
737 3636 986 3690 Domini
1011 3635 1327 3691 adventum
1359 3635 1672 3706 Scripturas
1708 3649 1835 3690 suas
1862 3636 2135 3692 malitiose
2170 3638 2480 3708 corrupisse
2517 3640 2631 3695 evi-

133 3709 244 3769 <lens
281 3727 386 3788 est3
433 3721 646 3778 etenim
691 3739 719 3772 α
749 3736 1060 3793 nunquam,
1110 3722 1291 3794 inquit
1336 3722 1390 3778 S.
1431 3723 1803 3796 Hieronymus
1846 3724 1923 3789 (in
1951 3726 2024 3778 Is,
2070 3729 2123 3792 6,
2140 3729 2215 3793 9),
2256 3725 2533 3782 Dominus
2576 3736 2635 3782 et

137 3799 369 3874 Apostoli,
414 3809 514 3881 qui
555 3817 740 3864 cetera
781 3808 1009 3865 crimina
1039 3818 1279 3881 arguunt
1314 3809 1374 3865 in
1401 3809 1605 3866 Scribis
1652 3818 1709 3866 et
1733 3809 2063 3878 PharisaeiS,
2110 3810 2181 3867 de
2229 3811 2337 3867 boc
2378 3815 2627 3880 crimine,

137 3888 254 3952 quod
285 3902 398 3949 erat
429 3897 766 3966 maximum,
797 3897 1145 3953 reticuissent
1177 3916 1203 3949 υ
1223 3940 1237 3966 ,
1267 3912 1450 3969 neque
1485 3897 1653 3952 etiam
1690 3897 1951 3966 IudaeoS‚
1986 3905 2049 3953 ut
2083 3907 2463 3956 scrutarentur
2490 3901 2628 3957 Seri-

139 3979 306 4046 Ρωιῖιε,
327 3981 560 4039 invitare
577 3983 900 4055 potuissent,
923 3983 970 4040 si
987 3985 1044 4039 in
1065 3983 1170 4040 illis
1191 3985 1492 4056 genuinum
1517 3982 1727 4041 fontem
1750 3983 2095 4042 revelationis
2116 4001 2227 4042 non
2256 3987 2623 4058 agnovissent.

143 4057 244 4115 Aliis
280 4072 615 4140 argumentis
659 4071 875 4127 omissis
898 4087 1027 4127 cum
1053 4073 1110 4127 S.
1149 4072 1491 4144 Hieronymo
1531 4071 1591 4138 (l.
1631 4076 1704 4140 c.)
1733 4071 1936 4128 addere
1972 4087 2265 4144 possumus
2296 4093 2309 4128 ε
2356 4094 2382 4125 α
2427 4073 2471 4130 si
2509 4076 2633 4148 quis

141 4141 326 4242 disent,
349 4164 488 4227 post
516 4157 834 4213 adventum
861 4158 1110 4214 Domini
1144 4166 1203 4214 et
1226 4159 1621 4230 Apostolorum
1654 4158 2118 4230 praedicationem
2148 4159 2321 4217 libros
2358 4160 2629 4219 hebraeos

144 4225 537 4314 inseruimus,
565 4243 868 4302 cachinnos
902 4255 1092 4302 tenere
1119 4261 1234 4301 non
1266 4255 1488 4318 potero,
1521 4261 1694 4316 quum
1721 4246 1973 4302 Salvator
2001 4255 2056 4302 et
2084 4247 2335 4318 Apostoli
2364 4256 2419 4304 et
2446 4251 2628 4306 Evan-

145 4319 326 4384 gelinge
349 4332 657 4388 testimonia
686 4333 1046 4404 protulerint,
1070 4334 1151 4389 uti
1180 4332 1369 4390 Iudaei
1395 4341 1583 4404 postea
1614 4332 1863 4389 falsaturi
1894 4341 2051 4389 erant
2088 4354 2139 4404 υ,
2176 4343 2231 4390 et
2257 4344 2408 4392 recte
2439 4347 2630 4394 monet

143 4401 452 4475 Bellarminus
485 4420 577 4487 (de
617 4419 802 4478 Verbo
830 4422 936 4477 Dei
977 4423 1050 4477 11.
1087 4425 1162 4490 2),
1197 4421 1488 4492 praecipua
1535 4421 1789 4478 vaticinia
1833 4421 1895 4476 in
1938 4429 2095 4477 textu
2140 4421 2397 4480 hebraico
2446 4425 2630 4482 omnia

145 4489 298 4554 ΝΜ
335 4513 388 4560 et
429 4521 592 4579 saepe
629 4507 849 4565 codices
891 4507 1164 4566 hebraeos
1205 4523 1269 4565 ea
1313 4509 1516 4564 clarius
1543 4507 1823 4575 exhibere,
1856 4523 2024 4580 quam
2052 4525 2279 4583 graecos
2315 4519 2370 4567 et
2406 4499 2659 4570 latinos.'

149 4575 388 4648 Praetma
417 4593 472 4650 S.
493 4597 834 4670 Augustinus
854 4595 944 4670 (de
967 4597 1082 4656 Civ.
1107 4597 1210 4652 Dei
1237 4597 1362 4653 XV.
1389 4599 1495 4666 13),
1529 4615 1555 4648 <t
1577 4595 1745 4666 absit,
1777 4596 1983 4669 inquit,
2002 4605 2067 4654 ut.
2087 4596 2331 4670 prudens
2356 4601 2629 4674 quispiam
