3050 5184
611 343 686 387 DE
727 343 972 388 AGTUUM
1013 341 1152 386 FINE
1195 341 1270 386 m·
1309 339 1631 386 msrofflcli
1672 341 2111 386 AucTomTATE.
2510 325 2622 384 521

105 469 263 534 inter
294 475 556 537 Paulum
579 476 860 537 adfuisse
891 475 1140 537 dicitur.
1176 476 1257 533 At
1283 473 1635 534 arbitrariis
1662 474 2021 535 fictionibus
2048 479 2253 535 totum
2278 472 2399 535 hoc
2426 476 2628 552 syste-

102 585 233 639 ma,
266 571 432 648 quod
465 595 494 626 «
535 573 737 634 critici
771 596 800 626 ι)
831 572 1054 633 multis
1081 570 1508 630 voluminibus
1536 569 1816 630 stabilire
1846 572 2057 631 conati
2086 574 2252 643 sunt,
2286 569 2501 642 inniti,
2530 568 2624 628 fa-

100 665 222 725 cile
249 673 532 744 apparet,
562 667 1028 747 quamprimum
1058 683 1277 728 eorum
1305 670 1674 744 argumenta
1701 667 1971 728 examini
2002 667 2441 729 subiiciuntur.

169 787 438 855 Quoniam
468 789 653 845 omnia
681 797 736 844 et
755 789 970 862 singula
993 787 1103 844 hoc
1127 787 1250 843 loco
1273 795 1617 858 pertractare
1639 803 1755 844 non
1786 803 2106 860 possumuS,
2142 786 2436 859 praecipua
2468 784 2627 840 dum·

98 883 254 929 taxat
303 877 489 945 paucis
543 875 916 948 expediemus.
976 877 1063 944 a.)
1110 874 1354 931 Omnino
1395 873 1781 944 concedimus,
1832 875 2044 946 aliquos
2089 873 2627 932 Iudaeochristianos

99 961 375 1031 ethnicos,
410 963 512 1019 nisi
538 963 958 1019 circumcisione
980 963 1188 1034 populo
1218 961 1391 1019 Israel
1421 970 1605 1018 essent
1629 963 1844 1032 inserti,
1876 962 1948 1018 ad
1976 961 2309 1032 baptismum
2332 958 2627 1016 admittere

97 1049 338 1105 noluisse
362 1059 528 1122 atque
550 1051 846 1119 admissos,
877 1060 938 1106 ut
963 1051 1192 1122 perfecti
1208 1049 1505 1106 Christiani
1523 1049 1737 1118 fierent,
1771 1049 1845 1105 ad
1866 1050 2033 1124 Legis
2060 1048 2468 1106 observantiam
2491 1045 2627 1104 obli-

97 1152 281 1208 gasse3
312 1135 369 1193 id
394 1140 540 1194 enim
567 1140 824 1211 paulinae
851 1138 1118 1210 epistolae
1145 1136 1527 1194 demonstrant
1544 1153 1727 1210 neque
1746 1145 1953 1210 negant
1978 1141 2177 1206 Actus3
2200 1145 2259 1194 at
2274 1138 2504 1192 Petrum
2529 1141 2628 1190 aut

97 1225 276 1281 ullum
305 1225 478 1282 alium
507 1227 856 1299 Apostolum,
885 1235 1180 1298 postquam
1204 1226 1400 1282 Petrus
1429 1226 1655 1281 coelesti
1686 1225 1891 1282 visione
1914 1224 1984 1281 de
2010 1225 2343 1282 admissione
2371 1223 2625 1280 ethnico-

94 1329 222 1368 rum
249 1312 482 1369 edoctus
509 1323 628 1370 erat
655 1318 806 1382 (Aet.
841 1320 928 1370 10.
961 1318 1093 1384 11.),
1133 1313 1192 1370 in
1219 1311 1414 1370 eadem
1456 1314 1811 1384 persuasione
1842 1311 2028 1383 ruisse,
2066 1333 2092 1364 α
2118 1313 2439 1370 criticorum
2468 1329 2495 1361 n
2540 1316 2625 1364 est

95 1409 496 1466 commentum,
524 1402 676 1474 quod
701 1402 836 1474 i'psis
863 1401 1106 1473 epistolis
1130 1401 1368 1473 paulinis
1389 1399 1681 1457 refellitur.
1714 1402 1967 1472 Namque
1997 1399 2130 1458 Gal.
2162 1405 2251 1470 2,1
2284 1415 2407 1472 sqq.
2442 1398 2628 1454 unitas

96 1488 226 1544 fidei
266 1489 516 1546 omnium
556 1490 955 1562 Apostolorum
982 1490 1133 1546 clare
1175 1489 1468 1557 asseritur,
1513 1497 1680 1562 atque
1722 1488 1861 1546 Gal.
1912 1495 2034 1558 2,ss
2084 1505 2206 1561 sqq.
2253 1486 2451 1544 eadem
2494 1484 2622 1541 fidei

93 1577 274 1631 unitas
315 1585 564 1648 apparet,
609 1578 736 1634 licet
778 1578 836 1634 in
863 1578 1107 1650 practico
1145 1576 1390 1650 quodam
1425 1577 1769 1632 consectario
1805 1579 2005 1634 Petrus
2040 1585 2095 1632 et
2120 1576 2323 1632 Paulus
2354 1573 2625 1630 dissense-

93 1664 222 1719 rint.
262 1693 336 1704 —
369 1664 446 1732 b.)
480 1669 723 1721 Actuum
752 1673 966 1736 auctor,
997 1664 1044 1722 si
1079 1665 1232 1722 iuxta
1285 1685 1312 1716 α
1347 1664 1671 1721 criticorum
1702 1686 1728 1718 υ
1774 1664 2103 1720 sententiam
2143 1662 2377 1721 Iudaeos
2405 1669 2462 1716 et
2496 1657 2625 1716 eth-

90 1753 244 1808 nicos
271 1767 566 1808 conversos
593 1753 892 1810 conciliare
923 1753 1202 1821 voluisset,
1236 1753 1426 1824 procul
1465 1751 1636 1809 dubio
1674 1751 1745 1808 ab
1783 1752 2040 1809 omnibus
2075 1749 2447 1814 abstinuisset,
2496 1749 2618 1821 qui-

91 1840 190 1896 bus
261 1839 582 1897 alterutrius
635 1841 807 1913 partis
870 1841 1089 1896 animos
1149 1839 1474 1898 offenderet.
1535 1841 1709 1913 Atqui
1768 1848 1919 1896 totus
1972 1840 2125 1896 liber
2186 1838 2619 1896 obstinationem

91 1927 430 1983 ludaeorum
471 1928 622 1984 velut
653 1929 1002 1985 occasionem
1049 1936 1103 1985 et
1145 1943 1370 1984 causam
1399 1927 1707 2000 praedicat,
1750 1937 1973 2001 propter
2017 1943 2185 1999 quam
2230 1926 2463 1983 ethnicis
2507 1925 2621 1980 iam

89 2025 206 2070 tum
234 2015 469 2071 allatum
507 2015 577 2072 sit
604 2005 1002 2088 Evangelium,'
1023 2031 1204 2088 neque
1240 2015 1399 2072 ullibi
1427 2014 1779 2088 praeiudiciis
1809 2015 2045 2072 iudaicis
2080 2015 2254 2086 parcit
2284 2015 2457 2084 (2:223
2490 2018 2621 2080 3,13

87 2119 238 2175 sqq.·,
266 2107 396 2171 7,51
442 2117 589 2176 sqq.;
638 2109 800 2174 13,45
830 2119 976 2176 sqq.;
1009 2111 1131 2173 14,2
1161 2119 1284 2176 sqq.
1324 2113 1454 2172 etc.;
1484 2105 1785 2174 28,25-28).
1829 2134 1901 2144 —
1931 2109 2005 2171 c.)
2036 2104 2101 2160 In
2128 2102 2356 2159 Actibus
2384 2102 2623 2174 primam

87 2190 484 2247 admissionem
525 2191 878 2247 ethnicorum
921 2190 976 2246 in
1017 2192 1320 2247 Ecclesiam
1361 2193 1527 2248 Petro
1559 2190 1911 2264 antiquisque
1937 2189 2214 2263 Apostolis
2243 2189 2489 2258 attribui,
2528 2204 2615 2244 ve-

89 2277 369 2334 rissimum
400 2287 510 2346 est,
552 2287 622 2348 at,
655 2279 801 2336 hanc
838 2279 1172 2335 relationem
1205 2293 1326 2335 esse
1363 2277 1683 2349 confictam,
1724 2275 2025 2334 adversarii
2070 2286 2324 2334 asserunt
2369 2275 2623 2348 quidem,

89 2365 180 2421 sed
207 2382 314 2422 nee
345 2366 733 2423 demonstrant
771 2381 874 2423 nec
919 2365 1302 2423 demonstrare
1339 2374 1591 2438 possunt,
1636 2365 1742 2421 nisi
1766 2365 1888 2439 quis
1919 2381 2113 2422 eorum
2142 2364 2483 2438 praeiudicia
2520 2380 2623 2435 pro

88 2453 430 2526 argumentis
475 2453 722 2525 recipere
764 2455 910 2511 velit.
962 2457 1157 2524 Porro,
1206 2454 1442 2510 Paulum
1496 2454 1553 2509 in
1599 2453 1827 2510 Actibus
1879 2469 2105 2526 prorsus
2161 2453 2331 2509 alium
2382 2452 2623 2525 depingi,

86 2557 252 2613 quam
271 2558 342 2614 ex
369 2542 615 2613 epistolis
642 2542 760 2597 eius
785 2542 1158 2615 cognoscitur,
1180 2541 1458 2598 immerito
1488 2550 1765 2608 asserunt;
1790 2542 1993 2597 etenim
2020 2542 2067 2598 si
2093 2541 2153 2597 in
2182 2540 2411 2598 Actibus
2436 2548 2627 2595 votum

82 2629 136 2684 in
163 2629 382 2700 templo
409 2629 641 2685 solvisse
687 2635 918 2698 (21,26),
963 2627 1317 2686 Timotheum
1364 2628 1773 2686 circumcidisse
1808 2631 1975 2700 (16,3)
1994 2672 2009 2697 ,
2047 2644 2237 2685 coram
2274 2627 2529 2700 synedrio
2568 2642 2627 2682 se

83 2717 438 2772 Pharisaeum
478 2716 757 2788 professus
803 2733 922 2774 esse
959 2718 1126 2790 (23,6)
1171 2718 1390 2790 legitur,
1432 2717 1490 2772 in
1533 2715 1781 2788 epistolis
1827 2733 1885 2772 se
1921 2715 2158 2772 Iudaeis
2202 2725 2489 2787 tamquam
2531 2715 2627 2771 Iu-

80 2803 282 2860 daeum
313 2819 437 2860 esse
465 2803 682 2860 factum
707 2806 756 2876 (1
786 2806 911 2862 Cor.
938 2811 1067 2874 9‚20
1099 2810 1228 2877 sq.),
1265 2821 1324 2863 se
1359 2825 1385 2856 α
1413 2803 1736 2861 Hebraeum
1772 2819 1839 2860 ex
1874 2803 2151 2860 Hebraeis
2186 2803 2489 2862 secundum
2522 2804 2627 2858 Le-

82 2909 204 2962 gem
225 2893 598 2948 Pharisaeum
625 2913 651 2944 n
688 2892 848 2960 (Phil.
883 2899 993 2963 3‚5)
1023 2893 1338 2965 profitetur.

148 2979 236 3048 d.)
275 2979 618 3036 Gravissima
656 2982 933 3038 accusatio
971 2989 1072 3051 est,
1112 2981 1267 3053 quod
1309 2980 1537 3037 historia
1574 2980 1802 3038 Concilii
1838 2980 2232 3050 Apostolorum
2277 2983 2421 3049 (15,1
2470 2978 2621 3050 sqq.)

77 3067 485 3123 conciliationis
517 3069 696 3140 gratia
727 3069 798 3124 sit
822 3067 1161 3138 adulterata,
1189 3068 1466 3142 siquidem
1501 3085 1631 3125 cum
1659 3067 1855 3124 eadem
1884 3067 2113 3124 historia
2147 3083 2198 3124 a.
2230 3069 2285 3124 S.
2314 3066 2486 3123 Paulo
2508 3075 2627 3122 tra-

73 3154 196 3208 dita
225 3163 435 3226 pugnet
461 3153 620 3226 (Gal.
647 3161 735 3220 21
769 3162 946 3228 sqq.);
979 3166 1035 3211 at
1061 3157 1204 3213 duae
1231 3157 1369 3212 istae
1393 3157 1689 3212 relationes
1708 3155 1886 3212 amice
1907 3154 2257 3212 consentiunt
2276 3163 2331 3210 et
2350 3170 2409 3210 se
2430 3163 2627 3210 mutuo

75 3243 395 3314 complent,
427 3242 733 3298 dummodo
777 3243 848 3300 ad
885 3242 1132 3300 diversos
1167 3244 1304 3300 fines
1339 3245 1498 3300 Pauli
1526 3253 1582 3300 et
1616 3243 1797 3300 Lucae
1824 3243 2160 3300 attendatur.
2192 3245 2401 3310 Lucas,
2432 3250 2626 3312 utpote

76 3329 398 3399 historicuS,
428 3339 716 3387 externam
743 3331 972 3388 Concilii
995 3331 1286 3387 historiam
1321 3341 1532 3401 narrat,
1563 3331 1786 3401 Paulus,
1817 3339 1879 3387 ut
1901 3339 2093 3388 contra
2120 3329 2459 3387 iudaizantes
2488 3347 2623 3388 cou-

71 3431 308 3472 sensum
355 3433 488 3472 suae
531 3417 956 3486 praedicationis
983 3435 1108 3476 cum
1139 3419 1492 3491 antiquorum
1530 3420 1926 3490 Apostolorum
1967 3417 2218 3475 doctrina
2246 3418 2625 3486 demonstret,

75 3504 178 3559 illa
205 3505 322 3560 sola
350 3505 560 3561 referre
589 3505 781 3574 voluit,
809 3523 949 3578 quae
977 3507 1232 3578 privatim
1259 3522 1388 3562 cum
1415 3506 1723 3578 praecipuis
1745 3507 2023 3578 Apostolis
2050 3507 2182 3574 egit.
2218 3509 2413 3579 Itaque
2440 3508 2622 3562 Lucas

77 3589 364 3660 publicam
393 3593 741 3651 occasionem
781 3594 1008 3651 Concilii
1043 3603 1232 3650 narrat
1263 3593 1434 3668 (15,1.
1462 3599 1564 3662 2.),
1593 3594 1797 3650 Paulus
1825 3594 2099 3665 privatam
2128 3595 2403 3651 rationem
2436 3593 2619 3659 addit,

75 3693 188 3748 qua
225 3681 346 3751 ipse
389 3679 462 3736 ad
501 3682 610 3737 iter
643 3691 930 3753 permotus
969 3689 1054 3738 est
1090 3685 1142 3749 (α
1184 3681 1489 3738 secundum
1517 3682 1911 3738 revelationem
1939 3701 1965 3733 ι
2004 3684 2143 3740 Gal.
2174 3688 2319 3750 2,2);
2350 3684 2532 3738 Lucas
2558 3696 2627 3736 ex

77 3767 244 3822 sociis
273 3769 434 3824 Pauli
461 3777 514 3824 et
543 3769 826 3825 Barnabae
853 3769 1071 3826 nullum
1097 3771 1362 3839 nominat,
1390 3769 1593 3825 Paulus
1617 3785 1748 3826 vero
1776 3771 2029 3827 nominat
2056 3771 2243 3826 Titum
2275 3769 2624 3826 incircumci-

89 3869 238 3922 sum,
281 3854 410 3926 quia
447 3853 578 3910 hinc
613 3856 725 3912 iam
763 3856 1080 3928 apparebat,
1115 3859 1368 3928 antiquos
1394 3858 1693 3929 Apostolos
1720 3857 2289 3914 Ethnicochristianos
2315 3872 2430 3912 non
2456 3871 2624 3926 repu-

85 3939 248 4010 lisse3
280 3943 462 4000 Lucas
489 3959 552 3998 ea
581 3943 759 4000 obiter
781 3945 974 4018 tangit,
1008 3960 1151 4017 quae
1189 3945 1444 4015 privatim
1471 3945 1620 4000 inter
1654 3947 1950 4017 Apostolos
1989 3953 2109 4002 acta
2132 3955 2259 4000 sunt
2292 3945 2479 4014 (15‚6),
2512 3941 2631 3999 fuse

85 4037 276 4086 autem
293 4031 575 4102 publicam
601 4032 902 4088 sessionem
918 4042 1109 4089 narrat
1125 4041 1181 4088 et
1199 4030 1486 4089 decretum
1502 4034 1734 4089 Concilii
1752 4033 1921 4090 refert
1944 4032 2203 4103 (15‚7-29)
2219 4055 2232 4101 3
2260 4047 2401 4102 quae
2420 4031 2625 4098 omnia,

83 4124 282 4186 utpote
307 4129 471 4187 nota,
513 4120 956 4192 praetermittens
989 4120 1195 4176 Paulus
1226 4120 1438 4191 privata
1477 4136 1579 4176 sua
1608 4136 1737 4177 cum
1780 4141 1805 4172 α
1834 4121 2137 4176 aestimatis
2173 4141 2199 4172 ι)
2242 4119 2311 4186 (οἱ
2350 4121 2625 4180 δοκοῦντες)

80 4203 362 4277 colloquia
393 4206 591 4272 refert,
635 4224 776 4279 quae
816 4206 1072 4263 omnibus
1117 4207 1396 4279 Apostolis
1431 4207 1668 4264 eandem
1697 4208 2008 4264 doctrinam
2045 4205 2209 4262 fuisse
2238 4205 2625 4262 demonstrant

77 4289 235 4354 (Gal.
273 4299 369 4361 2,6
408 4293 578 4366 sqq.).
617 4294 778 4364 Quod
821 4295 867 4349 si
903 4294 1177 4364 obiicitur,
1219 4295 1506 4352 decretum
1546 4295 1771 4352 Concilii
1810 4310 1843 4350 a
1883 4294 2055 4350 Paulo
2096 4309 2322 4365 prorsus
2354 4293 2616 4366 ignorari,

75 4381 512 4449 respondemus,
551 4380 689 4436 illud
731 4379 953 4453 quidem
983 4399 1258 4454 nusquam
1287 4383 1492 4439 diserte
1516 4383 1588 4439 ab
1619 4399 1683 4438 eo
1708 4383 2154 4452 commemorari,
2180 4380 2280 4438 sed
2305 4382 2471 4437 tacite
2498 4397 2623 4454 sup-

69 4467 216 4534 poni
241 4469 292 4539 (1
321 4469 451 4525 Cor.
483 4475 570 4536 5,1
613 4484 760 4541 sqq.;
790 4472 1090 4540 10,14·21),
1120 4469 1430 4526 doctrinam
1458 4478 1647 4526 autem
1674 4468 2095 4538 iudaizantium,
2144 4485 2312 4542 quam
2334 4470 2536 4525 Paulus
2563 4469 2621 4524 in

70 4552 200 4606 suis
219 4555 462 4626 epistolis
478 4557 789 4627 impugnat.
819 4573 930 4610 non
952 4558 1188 4621 amplius
1211 4574 1330 4613 esse
1349 4559 1603 4613 eandem.
1628 4573 1769 4628 quae
1790 4557 2013 4614 decreto
2041 4556 2137 4612 illo
2168 4556 2515 4629 reprobatur,
2542 4556 2617 4614 ita

71 4647 144 4692 ut
175 4638 376 4700 diserte
415 4642 486 4700 ad
522 4643 663 4699 illud
696 4660 978 4702 recurrere
1005 4661 1120 4701 non
1147 4645 1389 4717 potuerit
1417 4645 1518 4712 (cl'r
1542 4644 1691 4701 Diss.
1718 4647 1873 4702 VIII.
1900 4645 1929 4718 ἓ
1959 4651 2049 4714 3,2
2068 4661 2122 4718 p.
2154 4653 2301 4714 535).
