3050 5184
422 251 501 309 54
541 267 826 311 HISTORIA
857 267 1111 315 CAXONIS
1141 269 1476 321 U'rmusouss
1495 268 1885 313 TESTAMENTI.
1911 286 1989 297 --
2008 268 2135 313 cAP.
2164 267 2248 309 lv.
2277 264 2432 309 unm
2454 262 2813 306 Apocflt'l‘ul
2844 260 3005 303 ETC.

423 406 586 469 atque
632 399 827 455 similia
875 414 1040 471 opera
1086 399 1188 456 sub
1233 399 1546 457 nominibus
1586 398 1871 463 Tkomae,
1904 398 2190 471 Stephani
2219 401 2601 463 Protomart„
2640 392 3011 448 Bartholo-

423 486 576 540 maei
605 494 710 541 etc.
741 486 1289 545 circumferebantur.

497 572 601 643 Qui
639 590 904 646 umquam
953 575 1262 647 apocrypha
1303 576 1594 648 superstita
1620 575 1843 647 legerit,
1874 590 1991 631 non
2024 581 2205 647 potest
2248 588 2363 628 non
2402 570 2609 637 videre,
2640 567 2739 623 illa
2790 567 3007 621 omnia

429 674 546 715 esse
573 660 871 719 effrenatae
890 672 944 717 et
974 663 1299 719 luxuriantis
1325 664 1527 720 mentis
1554 663 1828 719 humanae
1857 662 2038 719 foetus
2059 677 2161 717 nec
2178 658 2481 733 quidquam
2510 656 2712 713 habere
2752 654 3011 710 divinae

431 747 576 803 illius
611 748 974 820 simplicitatis
1003 752 1167 807 simul
1199 760 1254 808 et
1282 751 1659 820 sublimitatiS,
1692 750 1892 823 quibus
1920 750 2046 807 libri
2082 748 2302 823 genuini
2334 746 2507 802 nostri
2544 743 3005 818 suntinsigneS.

428 840 494 890 At
527 853 719 892 eorum
747 846 1020 903 auctoreS,
1052 846 1116 894 ut
1140 838 1415 911 figmentis
1437 840 1552 895 suis
1582 838 1964 895 auctoritatem
1992 837 2365 899 conciliarent,
2398 833 2470 890 ad
2498 833 2777 905 genuinos
2812 830 3009 886 libros

421 939 582 994 saepe
611 925 912 994 respiciunt
934 942 1002 981 ex
1025 926 1198 998 iisque
1227 926 1392 982 verba
1421 926 1685 983 nonnulla
1712 932 2081 994 transumunt,
2108 926 2183 980 ita
2212 933 2273 979 ut
2294 922 2605 994 antiquiora
2644 918 3006 991 apocrypha

421 1010 737 1067 authentiae
765 1012 1036 1069 librorum
1059 1030 1346 1070 sacrorum
1369 1016 1585 1087 egregia
1610 1014 1769 1071 nobis
1797 1014 2089 1071 exhibeant
2110 1018 2454 1085 argumenta.
2482 1012 2783 1065 Praeterea
2814 1008 3003 1061 etiam

429 1099 734 1155 inserviunt
755 1099 1039 1157 doctrinae
1057 1100 1303 1158 iudaicae
1325 1100 1761 1175 cognoscendae,
1787 1102 1961 1173 qualis
1980 1100 2083 1157 sub
2100 1099 2268 1155 initiis
2288 1112 2451 1155 aerae
2472 1096 2823 1153 christianae
2844 1102 3003 1150 erat.

425 1185 808 1243 dilucidandae
835 1187 1096 1244 historiae
1126 1190 1434 1246 haeresium
1463 1199 1569 1245 etc.

747 1370 789 1461 ἓ
819 1379 925 1441 11.
957 1410 1048 1425 ——
1075 1377 1171 1440 De
1200 1373 1386 1441 libris
1422 1374 1783 1463 deperditis
1820 1374 2171 1462 Utriusque
2209 1370 2625 1439 Testamenti.

506 1558 563 1616 1.
590 1590 669 1600 —
699 1559 858 1619 Num
896 1558 1058 1619 liber
1097 1560 1325 1637 aliquis
1365 1560 1667 1621 divinitus
1708 1560 2047 1639 inspiratus
2087 1558 2341 1617 interire
2382 1554 2609 1634 possit,
2654 1554 2981 1631 quaestio

432 1657 528 1712 est
553 1658 983 1729 controversa;
1019 1656 1276 1717 omnino
1299 1661 1510 1717 autem
1537 1661 1705 1717 certa
1728 1656 1975 1716 videtur
2004 1654 2316 1715 sententia
2349 1652 2743 1714 affirmativa.

496 1766 556 1821 S.
593 1770 962 1838 Anqustinus
1001 1768 1090 1835 (de
1123 1771 1240 1825 Civ.
1273 1772 1344 1825 D.
1373 1771 1587 1825 XVIII.
1622 1774 1709 1836 88)
1742 1769 1947 1825 librum
1984 1768 2311 1840 inspiratum
2336 1765 2559 1822 interire
2584 1780 2783 1835 posse,
2814 1763 2993 1819 dubi-

425 1861 508 1909 tat
553 1869 791 1925 eumque
830 1856 1078 1927 sequitur
1105 1856 1248 1912 inter
1285 1856 1420 1913 alios
1455 1858 1762 1913 Salmeron
1804 1856 2040 1928 (Proleg.
2086 1857 2181 1911 IV.
2222 1870 2345 1910 can.
2375 1854 2462 1925 4);
2493 1852 2591 1909 sed
2628 1852 2991 1907 contrariam

431 1942 765 1997 sententiam
791 1950 984 1999 tenent
1029 1945 1305 2016 Oriqenes
1335 1945 1422 2011 (ln
1449 1947 1609 1999 Cant.
1656 1945 1857 2013 Proh),
1889 1946 1947 1999 S.
1985 1945 2427 2013 chrysostomus
2464 1942 2553 2007 (ln
2592 1946 2613 1995 1
2650 1942 2783 1996 Cor.
2824 1940 2989 1995 hom.

438 2034 572 2094 7,3),
611 2032 671 2085 S.
709 2030 962 2085 Thomas
1006 2036 1118 2103 Aq.
1166 2032 1399 2098 (Comm.
1439 2031 1498 2087 in
1527 2048 1617 2102 ep.
1665 2033 1721 2088 S.
1766 2032 1926 2087 Pauli
1966 2030 2037 2087 ad
2092 2040 2113 2087 1
2160 2032 2287 2087 Cor.
2332 2036 2424 2094 5,4
2462 2038 2518 2085 et
2560 2030 2675 2084 Col.
2718 2033 2887 2093 ⁴‚16)
2934 2034 2987 2081 et

439 2116 698 2172 moderni
738 2118 1008 2189 plerique,
1041 2118 1206 2190 idque
1249 2128 1414 2182 recte,
1448 2120 1644 2175 saltem
1671 2122 1715 2175 si
1756 2120 1939 2191 agitur
1964 2118 2035 2174 de
2067 2120 2227 2187 libro,
2256 2118 2352 2189 qui
2384 2117 2659 2175 Ecclesiae
2685 2114 2989 2171 custodiae

441 2203 693 2259 nondum
721 2214 804 2261 est
829 2206 1083 2262 traditus,
1117 2204 1264 2262 Nihil
1305 2208 1454 2263 enim
1481 2207 1683 2276 obstat,
1717 2208 2010 2275 quominus
2044 2210 2225 2263 Deum
2250 2208 2309 2261 in
2349 2206 2533 2277 aliquo
2562 2205 2772 2275 scripto
2804 2202 2987 2274 inspi-

433 2291 608 2347 rando
634 2294 1021 2363 particularem
1045 2293 1342 2365 quemdam
1367 2296 1537 2351 finem
1562 2295 1817 2351 hahuisse
1840 2294 2105 2360 dicamus,
2138 2311 2249 2367 quo
2276 2302 2525 2351 cessante
2550 2293 2896 2363 permiserit,
2926 2298 2989 2343 ut

431 2378 569 2436 liber
595 2380 712 2451 ipse
734 2382 1034 2438 interiret¹.

513 2552 572 2609 2.
607 2551 778 2609 —In
825 2552 886 2611 S.
920 2550 1261 2629 Scripturis
1305 2557 1519 2613 autem
1563 2552 1744 2613 multi
1784 2556 2355 2613 commemorantur
2395 2550 2569 2621 libri,
2618 2548 2727 2626 qui
2778 2546 2983 2608 hodie

433 2663 558 2705 non
593 2648 868 2723 amplius
898 2652 1266 2725 supersunt,
1297 2654 1486 2726 atq-ue
1516 2650 1621 2708 vix
1652 2655 1750 2709 est
1782 2648 2076 2722 dubium,
2109 2648 2265 2725 quin
2294 2649 2520 2709 saltem
2554 2646 2754 2722 aliqui
2792 2662 2875 2705 ex
2901 2642 2980 2701 iis

432 2758 650 2803 revera
670 2743 904 2805 fuerint
929 2744 1240 2823 inspirati.

504 2857 570 2911 In
600 2858 798 2911 Vetere
829 2860 1196 2913 Testamento
1220 2857 1358 2913 haec
1384 2867 1891 2914 commemorantur
1912 2860 2113 2928 scripta
2137 2879 2149 2913 :
2176 2862 2247 2923 1.)
2278 2857 2443 2912 Liber
2472 2855 2746 2911 bellorum
2781 2851 2978 2909 Domi·

437 2943 493 2998 ni
511 2948 713 3007 (Num.
751 2948 957 3011 21‚14)‚
990 2945 1068 3015 2.)
1105 2945 1272 3000 Liber
1309 2948 1587 3003 Iustorum
1618 2950 1747 3011 (los.
1785 2952 1970 3013 10‚13;
2003 2952 2036 3001 2
2070 2952 2198 3017 Req.
2242 2948 2416 3015 1‚18);
2458 2944 2532 3015 3.)
2569 2942 2735 2997 Liber
2772 2940 2975 2997 verbo-

435 3046 561 3086 rum
597 3030 812 3087 dierum
849 3032 1157 3087 Salomonis
1190 3034 1241 3103 (3
1277 3038 1408 3104 Req.
1446 3037 1656 3103 11‚41);
1696 3034 1773 3103 4.)
1812 3034 1975 3090 Liber
2014 3035 2307 3090 verborum
2344 3034 2559 3088 dierum
2596 3046 2793 3101 regum
2838 3027 2973 3083 Iuda

437 3124 488 3183 (3
517 3123 654 3189 Req.
687 3124 846 3186 14,29
875 3124 1036 3186 etc.);
1074 3122 1154 3182 5.)
1188 3119 1354 3176 Liber
1381 3122 1675 3176 verborum
1706 3120 1919 3176 dierum
1949 3136 2141 3193 regum
2175 3122 2343 3177 Israel
2370 3126 2421 3186 (3
2446 3124 2582 3191 Rey.
2612 3124 2776 3185 14,19
2808 3120 2969 3179 etc.);

436 3210 514 3265 6.)
543 3205 706 3261 Liber
731 3208 1002 3261 Samuelis
1028 3206 1276 3263 videntis
1302 3210 1348 3275 (1
1387 3212 1523 3264 Par.
1553 3214 1766 3275 29,29);
1794 3214 1869 3274 7.)
1892 3210 2069 3266 Verba
2102 3209 2325 3265 Nathan
2352 3208 2653 3280 prophetae
2686 3206 2741 3277 (l.
2764 3212 2873 3271 c.);
2898 3206 2971 3265 8.)

437 3294 604 3349 Liber
644 3291 764 3348 Gad
810 3294 1059 3349 Videntis
1097 3296 1160 3360 (l.
1195 3298 1294 3365 c.);
1337 3301 1414 3361 9.)
1445 3296 1737 3368 Prophetia
1790 3298 1975 3367 (Vulq.
2018 3296 2157 3363 libri)
2184 3297 2359 3352 Ahiae
2387 3295 2627 3352 Silonitis
2654 3300 2703 3359 (2
2734 3298 2885 3348 Par.
2914 3296 2967 3348 9.

437 3383 556 3452 29);
593 3380 696 3451 10.)
727 3381 875 3437 Visio
896 3380 1057 3437 Addo
1087 3382 1336 3438 videntis
1365 3384 1428 3447 (t.
1451 3390 1556 3452 e.);
1592 3385 1699 3453 ιι.)
1724 3384 1890 3440 Liber
1912 3386 2124 3441 Semeia
2148 3384 2447 3455 prophetae
2477 3388 2529 3449 (2
2556 3387 2703 3437 Par.
2732 3389 2819 3441 12,
2856 3382 2962 3440 153:

493 3558 559 3619 (ι)
589 3558 738 3605 quta
761 3556 885 3605 alios
909 3554 1167 3619 theologos
1184 3556 1334 3607 etiam
1357 3557 1484 3609 liber
1501 3556 1753 3609 Ecclesiae
1780 3558 2041 3609 custodiae
2069 3560 2167 3609 iam
2187 3558 2410 3608 traditus
2424 3558 2634 3607 interire
2652 3560 2784 3620 post.
2804 3558 2961 3612 Quam

438 3638 494 3686 in
524 3635 832 3685 sententiam
867 3635 1060 3697 egregie
1093 3636 1256 3687 Card.
1287 3638 1573 3688 Franzelin
1601 3638 1683 3696 (de
1710 3640 1813 3688 Deo
1840 3640 2011 3687 T1·in0.
2045 3638 2132 3689 Ed.
2156 3644 2201 3688 2.
2232 3642 2419 3687 Romae
2452 3640 2587 3688 1874.
2612 3650 2663 3701 p.
2694 3636 2810 3699 42):
2842 3654 2865 3675 ιι
2892 3630 2963 3681 Ad

431 3728 619 3765 munus
647 3714 898 3764 Ecclesiae
919 3716 1139 3777 pertinet
1167 3714 1262 3764 sub
1293 3716 1581 3767 assistentia
1604 3718 1819 3781 Spiritus
1852 3722 1904 3771 S.
1930 3718 2163 3767 custodia
2198 3716 2506 3777 infallibilia,
2532 3716 2665 3766 sicut
2691 3714 2839 3765 verbi
2874 3710 2960 3761 Dei

430 3793 738 3855 generatim,
773 3793 844 3843 ita
881 3794 1034 3843 etiam
1066 3794 1212 3843 verbi
1239 3795 1432 3859 scripti.
1464 3796 1613 3851 Quod
1642 3796 1849 3859 quidem
1881 3810 1983 3845 non
2019 3798 2092 3846 ita
2120 3794 2503 3859 intelligendum
2538 3800 2640 3853 est,
2670 3808 2729 3845 ac
2756 3796 2799 3845 ai
2836 3790 2958 3843 assi-

431 3874 618 3923 stentia
646 3872 866 3935 Spiritus
893 3874 944 3923 S.
971 3872 1218 3937 promissa
1247 3879 1404 3932 esset,
1436 3889 1500 3923 ne
1527 3888 1766 3938 umquam
1800 3879 1889 3925 ant
1916 3878 2088 3925 textus
2124 3875 2333 3938 aliquis.
2364 3878 2455 3925 aut
2482 3888 2598 3937 pars
2628 3873 2745 3924 libri
2772 3870 2957 3927 divini.

429 3957 520 4001 aut
561 3952 716 4001 etiam
745 3949 872 4000 liber
903 3952 1125 4014 interger
1155 3951 1369 4002 excidat.
1401 3954 1645 4011 Quamvis
1672 3954 1807 4003 enim
1842 3954 2071 4017 specialis
2102 3953 2424 4018 providentia
2459 3954 2553 4003 Dei
2586 3952 2719 4003 circa
2756 3962 2955 4002 conser-

427 4032 682 4081 vationem
708 4029 954 4080 librorum
981 4044 1242 4081 sacrorum
1267 4034 1370 4080 tam
1388 4033 1588 4082 Veteris
1614 4046 1769 4097 quam
1794 4034 1920 4082 Novi
1950 4032 2255 4083 Testamenti
2287 4035 2510 4097 tempore
2533 4032 2737 4095 agnosci
2763 4030 2952 4081 debeat.

427 4110 680 4173 promissa
707 4112 878 4159 tamen
907 4110 1194 4159 assistentia
1217 4111 1436 4173 Spiritus
1465 4114 1515 4160 S.
1548 4116 1599 4161 et
1618 4110 1737 4160 inde
1762 4111 1986 4176 pendens
2014 4111 2347 4161 infallibilitas
2369 4112 2623 4161 Ecclesiae
2650 4112 2705 4160 in
2730 4108 2955 4161 custodia

425 4189 642 4252 depositi
665 4187 782 4238 fidei
811 4202 899 4252 per
923 4202 976 4237 se
1005 4202 1110 4239 non
1139 4190 1353 4238 includit
1377 4190 1771 4239 indefectibilem
1796 4191 2225 4241 conservationem
2246 4192 2477 4241 omnium
2504 4190 2746 4241 librorum
2767 4202 2953 4239 eorum·

424 4281 527 4330 que
555 4268 802 4331 partium,
835 4268 928 4331 qui
967 4273 1091 4317 sunt
1127 4268 1374 4317 divinitus
1402 4269 1637 4334 inspirati
1670 4274 1823 4333 atque
1854 4270 1982 4319 adeo
2014 4272 2277 4319 continent
2311 4269 2525 4319 verbnm
2563 4270 2654 4319 Dei
2694 4270 2948 4331 scriptum.

424 4347 572 4397 Ratio
609 4351 710 4405 est,
745 4348 864 4411 quia
907 4346 1032 4397 libri
1069 4350 1330 4410 inspirati
1365 4362 1474 4399 non
1511 4354 1639 4399 sunt
1676 4350 1900 4399 unicum
1934 4364 2033 4399 nec
2066 4350 2313 4399 absolute
2344 4350 2713 4399 ‘necessarium
2748 4350 2945 4398 instru-

428 4430 664 4475 mentum
694 4427 768 4475 αα
799 4426 1234 4476 conservandam
1261 4430 1667 4485 revelationem,
1700 4428 1835 4477 unde
1872 4432 2039 4491 potest
2072 4429 2294 4492 Spiritus
2326 4430 2376 4478 S.
2408 4442 2497 4493 per
2522 4427 2795 4479 Ecclesiam
2831 4436 2947 4475 con-

423 4516 626 4553 servare
658 4504 1001 4568 integritatem
1037 4505 1290 4556 revelatae
1326 4507 1581 4563 veritatis.
1613 4507 1731 4556 licet
1768 4508 2083 4569 permitteret
2117 4506 2237 4557 libri
2272 4510 2363 4557 aut
2388 4506 2549 4571 partis
2584 4506 2703 4557 libri
2730 4500 2948 4569 inspirati

421 4582 678 4635 iacturam.
707 4604 752 4635 w.
