3050 5184
386 309 504 368 246
558 323 632 366 ns
677 323 795 366 var
865 323 1120 366 rasi-An.
1169 321 1356 366 umus
1398 319 1757 364 msromcis.
1803 337 1883 347 -
1930 323 2061 366 car.
2106 321 2188 364 ιν.
2236 321 2310 365 ne
2352 321 2437 364 tt.
2489 309 2546 364 l.
2594 307 2653 362 2.
2701 317 2911 362 nascit.

385 455 461 509 ris
479 453 694 510 diverso
712 453 880 508 modo
903 453 1276 509 vestiebantur
1297 453 1392 520 (ΙΙ.
1419 457 1585 520 13,8),
1606 467 1703 522 per
1722 451 2053 523 alienigenas
2072 461 2259 508 autem
2282 453 2591 508 Salomonis
2608 465 2812 508 uxores
2828 465 2917 504 no·

386 557 484 596 vos
501 541 768 598 vestiendi
787 539 986 596 modos
1007 556 1128 596 esse
1144 539 1487 596 introductos
1506 548 1593 594 est
1609 539 1909 610 probabile.
1931 542 2105 596 Porro
2124 541 2335 612 Siceleg
2352 539 2409 596 in
2430 547 2705 610 potestate
2722 553 2917 608 recum

386 629 546 685 Iuda
571 645 748 700 usque
771 628 844 684 ad
873 643 1032 684 suam
1059 635 1298 684 aetatem
1319 628 1587 683 mansisse
1614 635 1807 682 auctor
1830 628 2024 682 asserit
2044 629 2113 699 (I,
2134 633 2313 696 27,6);
2348 627 2539 682 titulus
2558 633 2747 682 autem
2769 625 2921 696 regis

328 745 334 752 ·
387 717 530 772 Iuda
551 725 679 772 ante
709 716 868 788 regni
889 716 1206 772 scissionem
1229 731 1342 770 non
1371 715 1587 770 videtur
1614 722 1838 770 exortus
1868 715 2039 783 (Saul,
2071 715 2271 782 David,
2298 715 2559 772 Salomon
2587 713 2920 770 vocabantur

387 821 547 874 reyes
570 805 802 873 Israel),
833 802 980 858 unde
1013 811 1141 858 ante
1165 802 1416 858 Roboam
1451 819 1564 858 non
1603 802 1838 872 scripsit.
1872 801 1979 857 Sed
2012 803 2335 859 recentioris
2364 818 2585 875 quoque
2612 801 2805 858 aetatis
2832 816 2922 855 ve-

387 893 607 964 stigium
637 905 775 962 opus
809 906 922 946 non
950 891 1200 958 exhibet,
1229 892 1400 946 immo
1439 891 1715 961 integrum
1742 891 1801 945 in
1832 890 2101 946 Roboami
2128 905 2361 962 regnum
2400 891 2629 947 omnino
2669 886 2916 959 quadrat.

386 982 576 1052 Longe
591 980 768 1035 maior
797 979 984 1051 populi
1012 994 1140 1050 pars
1167 993 1233 1034 eo
1260 987 1508 1050 tempore
1533 993 1565 1033 a
1594 977 1761 1033 domo
1790 977 2041 1034 davidica
2070 977 2368 1047 defecerat,
2402 991 2545 1050 quae
2570 977 2690 1048 ipsa
2716 991 2917 1046 magno

388 1068 444 1122 in
467 1066 781 1124 discrimine
810 1066 1146 1122 versabatur.
1177 1065 1325 1134 Quid
1353 1067 1518 1137 igitur
1546 1066 1753 1136 aptius,
1788 1081 1953 1136 quam
1982 1075 2047 1121 ut
2070 1065 2164 1121 illo
2192 1074 2443 1137 tempore
2470 1065 2740 1136 propheta
2760 1063 2927 1118 initiis

387 1155 569 1226 regiae
591 1153 872 1227 dignitatis
897 1153 1184 1225 descriptis
1205 1152 1542 1220 ostenderet,
1574 1153 1771 1208 decem
1798 1152 1975 1210 tribus
2003 1169 2131 1209 cum
2150 1169 2295 1209 novo
2322 1169 2423 1208 suo
2444 1169 2573 1225 rege
2601 1153 2671 1208 ab
2698 1153 2794 1208 illo
2824 1167 2923 1222 po-

392 1243 520 1311 pulo
546 1244 659 1298 iam
687 1257 806 1297 esse
833 1250 1140 1312 separatas,
1164 1242 1255 1296 cui
1283 1241 1384 1297 soli
1413 1241 1804 1312 promissiones
1833 1250 1993 1296 erant
2030 1241 2237 1308 factae,
2266 1257 2449 1312 neque
2476 1242 2701 1298 illarum
2754 1239 2925 1311 parti—

389 1330 539 1402 cipes
563 1329 684 1385 fieri
712 1345 898 1401 posse,
927 1329 1031 1384 nisi
1057 1343 1178 1385 sese
1220 1329 1421 1384 iterum
1461 1328 1657 1384 domui
1688 1327 1971 1384 davidicae
2009 1328 2409 1401 adiungerent?
2436 1327 2546 1386 Sed
2587 1327 2725 1400 quid
2760 1326 2929 1383 etiam

389 1419 593 1488 aptiuS,
629 1432 798 1488 quam
829 1426 889 1471 ut
911 1417 1019 1488 ipsi
1046 1432 1265 1488 quoque
1306 1417 1424 1490 regi
1451 1416 1707 1472 Roboam
1729 1417 1789 1471 in
1812 1415 1976 1473 Saule
2000 1418 2072 1474 ob
2100 1417 2383 1474 levitatem
2412 1425 2469 1472 et
2496 1415 2931 1474 inobedientiam

389 1505 592 1561 reiecto
621 1513 678 1560 et
705 1505 760 1560 in
785 1503 996 1560 Davide
1025 1505 1096 1560 ob
1125 1504 1448 1560 fidelitatem
1475 1513 1531 1558 et
1560 1503 1933 1560 obedientiam
1970 1505 2211 1560 exaltato
2242 1514 2413 1577 atque
2438 1506 2610 1562 etiam
2642 1511 2770 1577 post
2796 1518 2931 1574 pec-

389 1601 512 1648 cata
539 1592 832 1648 commissa
858 1591 930 1647 ob
959 1592 1352 1662 poenitentiam
1375 1593 1433 1646 in
1459 1591 1590 1646 sede
1614 1593 1762 1664 regia
1784 1591 2111 1648 confirmato
2139 1591 2251 1648 duo
2280 1591 2531 1665 exempla
2558 1607 2931 1664 proponeren-

391 1689 500 1750 tur,
532 1681 733 1752 quibus
761 1679 895 1750 quid
924 1678 1070 1734 sacto
1097 1694 1236 1750 opus
1264 1688 1414 1734 esset
1441 1677 1817 1735 efficacissime
1844 1678 2189 1737 edoceretur.

886 1882 927 1970 ἓ
955 1889 1062 1948 21.
1097 1921 1183 1930 --
1221 1883 1314 1946 De
1341 1881 1667 1947 librorum
1697 1883 1981 1948 Samuel
2003 1884 2429 1950 auctoritate.

475 2087 531 2145 1.
567 2119 646 2129 —
682 2085 1014 2144 Librorum
1059 2084 1344 2156 Samuel,
1391 2075 1512 2144 etsi
1553 2101 1785 2144 nomen
1828 2085 2105 2145 auctoris
2148 2087 2472 2160 ignoretur
2511 2103 2718 2163 neque
2762 2095 2933 2147 aetas

391 2180 758 2241 omnimoda
789 2197 934 2240 cum
959 2179 1336 2240 certitudine
1367 2179 1723 2250 definiatur,
1748 2197 1975 2257 magna
2002 2185 2218 2240 tamen
2252 2187 2351 2241 est
2387 2187 2716 2242 auctoritas
2750 2184 2935 2244 histo-

391 2281 556 2352 riea;
583 2293 862 2354 namque
902 2276 1128 2353 optimi
1165 2280 1229 2334 et
1265 2275 1687 2353 copiosissimi
1738 2275 1941 2336 fontes
1985 2277 2201 2354 scripti
2238 2282 2303 2337 et
2328 2279 2559 2348 oraleS‚
2590 2279 2715 2339 fide
2744 2297 2937 2356 quam

393 2374 660 2433 maxime
692 2373 865 2450 digni
907 2372 1080 2450 (libri
1123 2371 1602 2449 prophetarum,
1630 2372 1789 2432 liber
1827 2373 2174 2443 Iustorum,
2204 2373 2442 2434 Psalmi
2478 2374 2753 2436 davidici
2786 2377 2936 2445 etc.)
3039 2383 3041 2392 ²

395 2471 455 2530 ei
481 2473 734 2548 praesto
759 2471 1046 2539 fuerunt,
1086 2486 1162 2528 ex
1191 2469 1418 2546 quibus
1441 2475 1673 2528 certam
1698 2485 1909 2528 rerum
1938 2469 2385 2531 narrandarum
2416 2472 2751 2532 scientiam
2778 2472 2938 2532 hau·
3039 2465 3041 2546 ζ

394 2566 517 2626 rire
547 2565 781 2642 potuit,
807 2565 1008 2642 iisque
1041 2567 1216 2623 tanto
1241 2581 1386 2624 cum
1409 2565 1693 2624 veritatis
1724 2564 1933 2624 studio
1962 2582 2115 2625 usus
2146 2570 2271 2640 est,
2290 2571 2363 2626 ut
2384 2568 2485 2627 vel
2512 2568 2635 2645 ipsi
2667 2570 2943 2629 rationa-

393 2663 575 2722 listae
607 2661 797 2722 multi
837 2663 974 2720 eius
1010 2661 1452 2720 auctoritatem
1485 2665 1855 2739 agnoscant,
1890 2662 2074 2738 pauci
2106 2667 2350 2723 tantum
2379 2663 2440 2723 ei
2464 2664 2656 2724 fidem
2688 2665 2939 2726 detrec·
3039 2649 3041 2652 ⁵

395 2763 558 2830 tent,
588 2759 736 2836 quia
759 2757 1104 2818 arbitrariis
1139 2774 1356 2817 eorum
1381 2757 1839 2817 assertionibus
1868 2758 2261 2819 contradicit.

462 2875 598 2928 'fres
626 2871 955 2943 prophetaS,
987 2872 1232 2931 Samuel,
1273 2869 1426 2934 Gad,
1457 2869 1711 2940 Nathan,
1743 2887 1829 2926 res
1862 2869 2145 2928 davidicas
2187 2875 2405 2945 scriptis
2433 2874 2589 2932 libris
2631 2879 2945 2932 memoriae

396 2960 726 3032 prodidisse,
758 2967 974 3015 constat
1019 2975 1085 3013 ex
1119 2967 1140 3013 1
1187 2963 1328 3014 Par.
1365 2964 1549 3025 29,29,
1590 2968 1758 3030 atque
1804 2957 1965 3015 facile
2000 2975 2195 3016 omnes
2240 2962 2569 3031 concedunt,
2622 2965 2947 3022 Samuelem
3039 2955 3041 2960 ¹

389 3049 820 3104 commentarios
848 3062 978 3102 suos
1006 3062 1120 3101 non
1148 3062 1179 3100 a
1203 3044 1450 3113 navidis,
1479 3043 1579 3100 sed
1611 3061 1645 3102 a
1674 3047 1787 3101 suis
1820 3046 1989 3117 ipsius
2014 3047 2181 3104 rebus
2219 3052 2387 3122 gestis
2428 3050 2739 3108 inchoasse.
2770 3055 2951 3109 Prae-

392 3148 544 3192 terea
571 3142 595 3191 1
630 3136 838 3190 Par-al.
871 3140 1032 3203 27‚24
1053 3142 1561 3189 commemorantur
1582 3132 1737 3210 fasti
1755 3138 1905 3206 reqt's
1936 3135 2137 3192 David
2162 3141 2213 3202 (α
2231 3137 2397 3193 verba
2420 3136 2633 3195 dierum
2656 3141 2808 3213 regis
2830 3143 2953 3198 Da-
3039 3139 3041 3164 ³

395 3223 485 3279 vid
511 3227 586 3290 n),
614 3224 860 3294 quinum
888 3239 920 3278 a
949 3224 1120 3276 trium
1144 3220 1543 3292 prophetarum
1570 3219 1723 3276 libris
1742 3221 2115 3294 distinguendi
2143 3224 2282 3290 sint,
2302 3224 2625 3298 ignoramus
2650 3227 2759 3296 (cfr
2776 3233 2811 3297 §
2829 3236 2947 3299 24).

393 3312 559 3382 Atqui
587 3311 812 3366 eosdem
839 3311 943 3366 hos
969 3309 1154 3378 libroS‚
1191 3309 1283 3381 qui
1315 3317 1505 3379 utpote
1538 3325 1570 3364 a
1602 3309 1885 3380 prophetis
1912 3310 2233 3381 aequalibus
2261 3322 2358 3368 aut
2384 3314 2456 3369 ab
2494 3315 2604 3371 alio
2632 3324 2781 3371 teste
2811 3335 2955 3372 ocu-

391 3400 493 3456 lari
515 3398 808 3469 conscripti
837 3397 1218 3454 omnimodam
1248 3395 1418 3452 fidem
1453 3397 1827 3466 merebantur,
1855 3413 1885 3452 a
1914 3407 2108 3454 nostro
2138 3416 2362 3472 quoque
2399 3412 2629 3458 auctore
2665 3403 2957 3462 adhibitos
3039 3429 3041 3454 τ

393 3503 529 3554 esse,
560 3486 765 3542 docent
791 3487 950 3541 multi
975 3486 1056 3541 illi
1091 3493 1305 3548 textuS,
1340 3484 1395 3538 in
1434 3483 1635 3554 quibus
1659 3484 1727 3540 ll.
1764 3486 2011 3542 Samuel
2041 3495 2097 3541 et
2127 3494 2177 3543 1.
2210 3490 2423 3544 Paral.
2458 3489 2525 3544 ad
2570 3491 2803 3547 verbum
2832 3493 2957 3550 fere
3039 3485 3041 3498 '

391 3575 758 3631 consonant².
791 3577 964 3630 Porro
994 3573 1230 3644 elegiam
1255 3571 1326 3626 de
1349 3573 1526 3628 Saulis
1554 3581 1611 3628 et
1638 3573 1913 3628 Ionathan
1942 3583 2122 3630 morte
2154 3576 2246 3644 (ΙΙ.
2284 3583 2520 3648 1,19-27)
2550 3594 2611 3634 se
2640 3596 2708 3635 ex
2746 3601 2773 3631 α
2808 3581 2959 3638 libro

393 3665 670 3720 Iustorum
699 3681 723 3714 ι
748 3662 1132 3717 transumsisse
1151 3661 1346 3715 asserit
1373 3667 1587 3726 auctor,
1610 3661 1885 3716 canticum
1910 3670 2102 3734 petrae
2122 3679 2252 3718 vero
2284 3665 2381 3730 (11.
2406 3667 2650 3738 22,i-51)
2674 3684 2743 3723 ex
2767 3671 2959 3738 primo
3039 3659 3041 3682 ²

394 3751 735 3806 Psalmorum
765 3749 905 3804 libro
935 3755 1050 3815 (Ps.
1088 3754 1194 3815 17),
1217 3762 1383 3818 quem
1413 3746 1594 3802 David
1620 3749 1735 3819 ipse
1760 3749 2079 3821 collegerat,
2102 3752 2513 3823 transcripsisse
2533 3763 2685 3811 recte
2706 3757 2957 3817 dicitur:

458 3937 525 3998 (1)
557 3935 676 3983 Loci
697 3932 958 3997 praecipui
982 3931 1214 3995 paralleli
1241 3935 1364 3980 sunt
1387 3931 1442 3980 hi
1467 3950 1480 3981 ι

522 4046 540 4088 ι
579 4044 692 4102 809.
723 4042 915 4091 31,1-13
943 4055 1006 4080 =
1039 4042 1056 4084 1
1094 4037 1283 4086 Paral.
1315 4041 1522 4094 10‚t·12.
1749 4045 1777 4088 2
1808 4042 1923 4101 περ.
1954 4043 2165 4098 7,1·8,1s
2190 4059 2254 4084 Ξ
2284 4047 2301 4089 ι
2332 4045 2523 4094 Parae.
2558 4051 2861 4104 17,1-18,ιΐ.

518 4127 546 4167 2
581 4123 698 4178 περ.
790 4121 920 4169 3,2-5
947 4133 1010 4159 =
1304 4131 1308 4134 ·
1373 4119 1522 4172 3.1-3.
1990 4123 2175 4177 10,1-11
2212 4139 2269 4163 =
2558 4127 2771 4186 isa-20,
2814 4135 2863 4177 ι.

758 4201 920 4254 5‚1-10
947 4211 1009 4238 =
1349 4198 1523 4253 ini-s.
1962 4201 2178 4256 1226-ae
2211 4217 2275 4243 =
2653 4207 2844 4264 20‚1-a.

785 4280 920 4324 11·25
949 4292 1012 4316 =
1320 4276 1523 4325 ita-17.
1958 4280 2185 4336 21‚18-22
2214 4297 2278 4322 Σ
2737 4288 2845 4336 443.

759 4357 917 4408 6,1—11
950 4371 1012 4395 .--
1316 4355 1522 4408 13,1-1·t.
1995 4359 2188 4416 23,8·39
2217 4379 2278 4398 =
2597 4367 2851 4422 11‚1o-47,

786 4437 922 4480 12-23
951 4450 1012 4474 =
1288 4435 1523 4489 15,25-29.
1996 4438 2189 4492 24‚1·25
2216 4453 2279 4480 =
2595 4447 2670 4500 21,
2716 4447 2851 4495 1.27,

461 4541 702 4585 accurata
734 4539 966 4584 textuum
1002 4535 1314 4598 comparatio
1339 4534 1512 4592 docet,
1544 4540 1818 4600 utrumque
1852 4541 2115 4589 auctorem
2146 4540 2325 4590 iisdem
2366 4542 2597 4596 sontibus
2632 4559 2751 4598 esse
2786 4562 2967 4608 usum,

400 4617 655 4662 auctorem
685 4626 807 4661 vero
835 4613 1249 4676 Paralipomenon
1278 4627 1308 4663 a
1333 4618 1506 4663 nostro
1531 4627 1678 4676 opere
1704 4629 1808 4664 non
1836 4615 2139 4679 dependere.
