<?xml version="1.0" encoding="UTF-8"?>
<!DOCTYPE html PUBLIC "-//W3C//DTD XHTML 1.0 Transitional//EN"
    "http://www.w3.org/TR/xhtml1/DTD/xhtml1-transitional.dtd">
<html xmlns="http://www.w3.org/1999/xhtml" xml:lang="en" lang="en">
 <head>
  <title>
</title>
<meta http-equiv="Content-Type" content="text/html;charset=utf-8" />
  <meta name='ocr-system' content='tesseract 3.04.00' />
  <meta name='ocr-capabilities' content='ocr_page ocr_carea ocr_par ocr_line ocrx_word'/>
</head>
<body>
  <div class='ocr_page' id='page_1' title='image "./historicaeetcri00corngoog_0234.png"; bbox 0 0 3050 5184; ppageno 0'>
   <div class='ocr_carea' id='block_1_1' title="bbox 387 237 2788 298">
    <p class='ocr_par' dir='ltr' id='par_1_1' title="bbox 387 237 2788 298">
     <span class='ocr_line' id='line_1_1' title="bbox 387 237 2788 298; baseline -0.004 -3"><span class='ocrx_word' id='word_1_1' title='bbox 387 237 506 295; x_wconf 69' lang='lat'>224</span> <span class='ocrx_word' id='word_1_2' title='bbox 637 253 710 295; x_wconf 75' lang='lat' dir='ltr'>nn</span> <span class='ocrx_word' id='word_1_3' title='bbox 753 252 892 298; x_wconf 72' lang='lat' dir='ltr'>var.</span> <span class='ocrx_word' id='word_1_4' title='bbox 939 253 1189 298; x_wconf 68' lang='lat' dir='ltr'>rasum,</span> <span class='ocrx_word' id='word_1_5' title='bbox 1237 252 1426 297; x_wconf 78' lang='lat' dir='ltr'>maius</span> <span class='ocrx_word' id='word_1_6' title='bbox 1468 252 1811 297; x_wconf 79' lang='lat' dir='ltr'>msrontcts.</span> <span class='ocrx_word' id='word_1_7' title='bbox 1857 270 1936 280; x_wconf 92' lang='lat'>—</span> <span class='ocrx_word' id='word_1_8' title='bbox 1976 238 2109 295; x_wconf 53' lang='lat' dir='ltr'>clip,</span> <span class='ocrx_word' id='word_1_9' title='bbox 2155 252 2226 294; x_wconf 83' lang='lat'>11.</span> <span class='ocrx_word' id='word_1_10' title='bbox 2276 249 2350 293; x_wconf 74' lang='lat' dir='ltr'>ne</span> <span class='ocrx_word' id='word_1_11' title='bbox 2392 248 2565 291; x_wconf 77' lang='lat' dir='ltr'>mano</span> <span class='ocrx_word' id='word_1_12' title='bbox 2606 246 2788 291; x_wconf 73' lang='lat' dir='ltr'>iosus.</span> 
     </span>
    </p>
   </div>
   <div class='ocr_carea' id='block_1_2' title="bbox 1081 460 2233 549">
    <p class='ocr_par' dir='ltr' id='par_1_2' title="bbox 1081 460 2233 549">
     <span class='ocr_line' id='line_1_2' title="bbox 1081 460 2233 549; baseline -0.002 -20"><span class='ocrx_word' id='word_1_13' title='bbox 1081 465 1116 548; x_wconf 65' lang='grc' dir='ltr'><strong>ἓ</strong></span> <span class='ocrx_word' id='word_1_14' title='bbox 1159 468 1265 529; x_wconf 93' lang='grc'>11.</span> <span class='ocrx_word' id='word_1_15' title='bbox 1297 500 1386 511; x_wconf 93' lang='lat'>--</span> <span class='ocrx_word' id='word_1_16' title='bbox 1421 466 1518 529; x_wconf 88' lang='lat' dir='ltr'>De</span> <span class='ocrx_word' id='word_1_17' title='bbox 1551 460 1707 529; x_wconf 74' lang='lat' dir='ltr'>libri</span> <span class='ocrx_word' id='word_1_18' title='bbox 1735 464 1926 529; x_wconf 82' lang='lat' dir='ltr'>Iosue</span> <span class='ocrx_word' id='word_1_19' title='bbox 1956 462 2233 549; x_wconf 73' lang='lat' dir='ltr'>orz&#39;qz&#39;ne.</span> 
     </span>
    </p>
   </div>
   <div class='ocr_carea' id='block_1_3' title="bbox 383 658 2925 935">
    <p class='ocr_par' dir='ltr' id='par_1_3' title="bbox 383 658 2925 935">
     <span class='ocr_line' id='line_1_3' title="bbox 465 658 2920 741; baseline -0.002 -17"><span class='ocrx_word' id='word_1_20' title='bbox 465 667 518 724; x_wconf 87' lang='lat'>1.</span> <span class='ocrx_word' id='word_1_21' title='bbox 553 700 632 708; x_wconf 87' lang='lat'>—</span> <span class='ocrx_word' id='word_1_22' title='bbox 659 668 746 725; x_wconf 90' lang='lat' dir='ltr'>De</span> <span class='ocrx_word' id='word_1_23' title='bbox 771 666 916 727; x_wconf 88' lang='lat' dir='ltr'>libri</span> <span class='ocrx_word' id='word_1_24' title='bbox 945 666 1124 727; x_wconf 88' lang='lat' dir='ltr'>Iosue</span> <span class='ocrx_word' id='word_1_25' title='bbox 1159 672 1397 726; x_wconf 80' lang='lat' dir='ltr'>auctore</span> <span class='ocrx_word' id='word_1_26' title='bbox 1426 666 1619 725; x_wconf 88' lang='lat' dir='ltr'>etiam</span> <span class='ocrx_word' id='word_1_27' title='bbox 1654 666 1819 725; x_wconf 88' lang='lat' dir='ltr'>inter</span> <span class='ocrx_word' id='word_1_28' title='bbox 1854 664 2027 736; x_wconf 86' lang='lat' dir='ltr'>illos,</span> <span class='ocrx_word' id='word_1_29' title='bbox 2065 663 2173 741; x_wconf 86' lang='lat' dir='ltr'>qui</span> <span class='ocrx_word' id='word_1_30' title='bbox 2204 663 2339 723; x_wconf 87' lang='lat' dir='ltr'>eius</span> <span class='ocrx_word' id='word_1_31' title='bbox 2384 662 2693 722; x_wconf 87' lang='lat' dir='ltr'>unitatem</span> <span class='ocrx_word' id='word_1_32' title='bbox 2725 664 2789 721; x_wconf 85' lang='lat' dir='ltr'>et</span> <span class='ocrx_word' id='word_1_33' title='bbox 2826 658 2920 719; x_wconf 89' lang='lat' dir='ltr'>in-</span> 
     </span>
     <span class='ocr_line' id='line_1_4' title="bbox 383 757 2922 841; baseline -0.002 -21"><span class='ocrx_word' id='word_1_34' title='bbox 383 762 736 839; x_wconf 79' lang='lat' dir='ltr'>tegritatem</span> <span class='ocrx_word' id='word_1_35' title='bbox 767 766 1142 841; x_wconf 85' lang='lat' dir='ltr'>agnoscunt,</span> <span class='ocrx_word' id='word_1_36' title='bbox 1166 781 1292 823; x_wconf 89' lang='lat' dir='ltr'>non</span> <span class='ocrx_word' id='word_1_37' title='bbox 1321 780 1446 822; x_wconf 88' lang='lat' dir='ltr'>una</span> <span class='ocrx_word' id='word_1_38' title='bbox 1476 766 1573 822; x_wconf 89' lang='lat' dir='ltr'>est</span> <span class='ocrx_word' id='word_1_39' title='bbox 1594 761 1921 833; x_wconf 89' lang='lat' dir='ltr'>sententia,</span> <span class='ocrx_word' id='word_1_40' title='bbox 1945 760 2087 819; x_wconf 91' lang='lat' dir='ltr'>aliis</span> <span class='ocrx_word' id='word_1_41' title='bbox 2116 760 2239 837; x_wconf 90' lang='lat' dir='ltr'>ipsi</span> <span class='ocrx_word' id='word_1_42' title='bbox 2257 761 2475 819; x_wconf 88' lang='lat' dir='ltr'>Iosuae</span> <span class='ocrx_word' id='word_1_43' title='bbox 2504 757 2751 819; x_wconf 89' lang='lat' dir='ltr'>auctori</span> <span class='ocrx_word' id='word_1_44' title='bbox 2770 773 2922 833; x_wconf 88' lang='lat' dir='ltr'>opus</span> 
     </span>
     <span class='ocr_line' id='line_1_5' title="bbox 384 854 2925 935; baseline -0.002 -19"><span class='ocrx_word' id='word_1_45' title='bbox 384 858 900 929; x_wconf 63' lang='lat' dir='ltr'>attribuentibus»,</span> <span class='ocrx_word' id='word_1_46' title='bbox 936 858 1082 918; x_wconf 90' lang='lat' dir='ltr'>aliis</span> <span class='ocrx_word' id='word_1_47' title='bbox 1116 858 1290 918; x_wconf 80' lang='lat' dir='ltr'>brevi</span> <span class='ocrx_word' id='word_1_48' title='bbox 1319 862 1464 935; x_wconf 88' lang='lat' dir='ltr'>post</span> <span class='ocrx_word' id='word_1_49' title='bbox 1485 858 1621 918; x_wconf 89' lang='lat' dir='ltr'>eius</span> <span class='ocrx_word' id='word_1_50' title='bbox 1651 862 1924 917; x_wconf 86' lang='lat' dir='ltr'>mortem</span> <span class='ocrx_word' id='word_1_51' title='bbox 1946 903 1959 930; x_wconf 91' lang='lat'><strong>‚</strong></span> <span class='ocrx_word' id='word_1_52' title='bbox 1992 856 2130 915; x_wconf 85' lang='lat' dir='ltr'>aliis</span> <span class='ocrx_word' id='word_1_53' title='bbox 2159 873 2285 916; x_wconf 90' lang='lat' dir='ltr'>non</span> <span class='ocrx_word' id='word_1_54' title='bbox 2314 855 2435 915; x_wconf 87' lang='lat' dir='ltr'>nisi</span> <span class='ocrx_word' id='word_1_55' title='bbox 2466 854 2698 915; x_wconf 88' lang='lat' dir='ltr'>Esdrae</span> <span class='ocrx_word' id='word_1_56' title='bbox 2724 856 2925 913; x_wconf 85' lang='lat' dir='ltr'>aetate</span> 
     </span>
    </p>
   </div>
   <div class='ocr_carea' id='block_1_4' title="bbox 385 952 1479 1013">
    <p class='ocr_par' dir='ltr' id='par_1_4' title="bbox 385 952 1479 1013">
     <span class='ocr_line' id='line_1_6' title="bbox 385 952 1479 1013; baseline 0.002 -2"><span class='ocrx_word' id='word_1_57' title='bbox 385 952 542 1011; x_wconf 91' lang='lat' dir='ltr'>illud</span> <span class='ocrx_word' id='word_1_58' title='bbox 569 959 858 1013; x_wconf 75' lang='lat' dir='ltr'>exortum</span> <span class='ocrx_word' id='word_1_59' title='bbox 889 969 1026 1013; x_wconf 85' lang='lat' dir='ltr'>esse</span> <span class='ocrx_word' id='word_1_60' title='bbox 1057 954 1479 1013; x_wconf 84' lang='lat' dir='ltr'>censentibus.</span> 
     </span>
    </p>
   </div>
   <div class='ocr_carea' id='block_1_5' title="bbox 378 1062 2931 1997">
    <p class='ocr_par' dir='ltr' id='par_1_5' title="bbox 378 1062 2931 1997">
     <span class='ocr_line' id='line_1_7' title="bbox 453 1062 2927 1138; baseline -0.001 -20"><span class='ocrx_word' id='word_1_61' title='bbox 453 1065 642 1135; x_wconf 82' lang='lat' dir='ltr'>Longe</span> <span class='ocrx_word' id='word_1_62' title='bbox 671 1065 923 1138; x_wconf 81' lang='lat' dir='ltr'>plerique</span> <span class='ocrx_word' id='word_1_63' title='bbox 946 1068 1138 1121; x_wconf 88' lang='lat' dir='ltr'>Patres</span> <span class='ocrx_word' id='word_1_64' title='bbox 1162 1069 1384 1122; x_wconf 87' lang='lat' dir='ltr'>Iosuam</span> <span class='ocrx_word' id='word_1_65' title='bbox 1412 1073 1696 1121; x_wconf 84' lang='lat' dir='ltr'>auctorem</span> <span class='ocrx_word' id='word_1_66' title='bbox 1726 1063 2011 1132; x_wconf 85' lang='lat' dir='ltr'>dixerunt,</span> <span class='ocrx_word' id='word_1_67' title='bbox 2056 1062 2447 1119; x_wconf 72' lang='lat' dir='ltr'>Tlieodoretus</span> <span class='ocrx_word' id='word_1_68' title='bbox 2475 1072 2665 1118; x_wconf 88' lang='lat' dir='ltr'>tamen</span> <span class='ocrx_word' id='word_1_69' title='bbox 2692 1076 2927 1118; x_wconf 82' lang='lat' dir='ltr'>erronea</span> 
     </span>
     <span class='ocr_line' id='line_1_8' title="bbox 383 1151 2925 1222; baseline -0.002 -15"><span class='ocrx_word' id='word_1_70' title='bbox 383 1151 590 1207; x_wconf 88' lang='lat' dir='ltr'>codicis</span> <span class='ocrx_word' id='word_1_71' title='bbox 625 1153 712 1207; x_wconf 87' lang='lat' dir='ltr'>sui</span> <span class='ocrx_word' id='word_1_72' title='bbox 747 1152 982 1209; x_wconf 87' lang='lat' dir='ltr'>lectione</span> <span class='ocrx_word' id='word_1_73' title='bbox 1022 1151 1282 1214; x_wconf 88' lang='lat' dir='ltr'>seductus</span> <span class='ocrx_word' id='word_1_74' title='bbox 1317 1153 1593 1208; x_wconf 88' lang='lat' dir='ltr'>iuniorem</span> <span class='ocrx_word' id='word_1_75' title='bbox 1633 1168 1753 1209; x_wconf 88' lang='lat' dir='ltr'>esse</span> <span class='ocrx_word' id='word_1_76' title='bbox 1794 1161 2075 1208; x_wconf 81' lang='lat' dir='ltr'>auctorem</span> <span class='ocrx_word' id='word_1_77' title='bbox 2112 1152 2417 1222; x_wconf 87' lang='lat' dir='ltr'>suspicatus</span> <span class='ocrx_word' id='word_1_78' title='bbox 2462 1158 2565 1219; x_wconf 89' lang='lat' dir='ltr'>est,</span> <span class='ocrx_word' id='word_1_79' title='bbox 2615 1158 2786 1221; x_wconf 88' lang='lat' dir='ltr'>atque</span> <span class='ocrx_word' id='word_1_80' title='bbox 2828 1153 2925 1203; x_wconf 84' lang='lat' dir='ltr'>Ps.</span> 
     </span>
     <span class='ocr_line' id='line_1_9' title="bbox 384 1237 2927 1313; baseline -0.001 -18"><span class='ocrx_word' id='word_1_81' title='bbox 384 1239 756 1297; x_wconf 76' lang='lat' dir='ltr'>Athanasius</span> <span class='ocrx_word' id='word_1_82' title='bbox 795 1242 949 1297; x_wconf 91' lang='lat' dir='ltr'>nullo</span> <span class='ocrx_word' id='word_1_83' title='bbox 990 1241 1158 1296; x_wconf 89' lang='lat' dir='ltr'>allato</span> <span class='ocrx_word' id='word_1_84' title='bbox 1196 1250 1522 1313; x_wconf 82' lang='lat' dir='ltr'>argumento</span> <span class='ocrx_word' id='word_1_85' title='bbox 1561 1240 1786 1296; x_wconf 87' lang='lat' dir='ltr'>titulum</span> <span class='ocrx_word' id='word_1_86' title='bbox 1828 1259 1853 1289; x_wconf 76' lang='grc' dir='ltr'><strong>α</strong></span> <span class='ocrx_word' id='word_1_87' title='bbox 1895 1238 2034 1295; x_wconf 87' lang='lat' dir='ltr'>liber</span> <span class='ocrx_word' id='word_1_88' title='bbox 2072 1240 2237 1295; x_wconf 87' lang='lat' dir='ltr'>Iosue</span> <span class='ocrx_word' id='word_1_89' title='bbox 2278 1260 2303 1289; x_wconf 74' lang='grc' dir='ltr'>ι»</span> <span class='ocrx_word' id='word_1_90' title='bbox 2344 1238 2583 1310; x_wconf 86' lang='lat' dir='ltr'>explicat</span> <span class='ocrx_word' id='word_1_91' title='bbox 2625 1259 2651 1289; x_wconf 77' lang='grc' dir='ltr'><strong>α</strong></span> <span class='ocrx_word' id='word_1_92' title='bbox 2682 1237 2829 1294; x_wconf 89' lang='lat' dir='ltr'>liber</span> <span class='ocrx_word' id='word_1_93' title='bbox 2860 1237 2927 1293; x_wconf 88' lang='lat' dir='ltr'>de</span> 
     </span>
     <span class='ocr_line' id='line_1_10' title="bbox 382 1325 2924 1401; baseline -0.001 -18"><span class='ocrx_word' id='word_1_94' title='bbox 382 1330 576 1383; x_wconf 89' lang='lat' dir='ltr'>Iosuae</span> <span class='ocrx_word' id='word_1_95' title='bbox 615 1327 781 1383; x_wconf 86' lang='lat' dir='ltr'>rebus</span> <span class='ocrx_word' id='word_1_96' title='bbox 827 1328 991 1401; x_wconf 85' lang='lat' dir='ltr'>gestis</span> <span class='ocrx_word' id='word_1_97' title='bbox 1021 1329 1105 1384; x_wconf 75' lang='grc'>»1.</span> <span class='ocrx_word' id='word_1_98' title='bbox 1139 1329 1290 1385; x_wconf 88' lang='lat' dir='ltr'>Saec.</span> <span class='ocrx_word' id='word_1_99' title='bbox 1337 1334 1424 1385; x_wconf 83' lang='lat'>15.</span> <span class='ocrx_word' id='word_1_100' title='bbox 1463 1332 1530 1383; x_wconf 81' lang='lat' dir='ltr'>R.</span> <span class='ocrx_word' id='word_1_101' title='bbox 1575 1327 1922 1383; x_wconf 83' lang='lat' dir='ltr'>Abarbanel</span> <span class='ocrx_word' id='word_1_102' title='bbox 1958 1326 2227 1383; x_wconf 88' lang='lat' dir='ltr'>nonnulla</span> <span class='ocrx_word' id='word_1_103' title='bbox 2262 1326 2319 1381; x_wconf 92' lang='lat' dir='ltr'>in</span> <span class='ocrx_word' id='word_1_104' title='bbox 2358 1325 2500 1382; x_wconf 90' lang='lat' dir='ltr'>libro</span> <span class='ocrx_word' id='word_1_105' title='bbox 2540 1326 2648 1398; x_wconf 83' lang='lat' dir='ltr'>legi</span> <span class='ocrx_word' id='word_1_106' title='bbox 2676 1326 2924 1397; x_wconf 74' lang='lat' dir='ltr'>putavit,</span> 
     </span>
     <span class='ocr_line' id='line_1_11' title="bbox 382 1413 2929 1487; baseline -0.001 -16"><span class='ocrx_word' id='word_1_107' title='bbox 382 1430 522 1487; x_wconf 89' lang='lat' dir='ltr'>quae</span> <span class='ocrx_word' id='word_1_108' title='bbox 549 1424 729 1472; x_wconf 90' lang='lat' dir='ltr'>morte</span> <span class='ocrx_word' id='word_1_109' title='bbox 757 1417 954 1473; x_wconf 90' lang='lat' dir='ltr'>Iosuae</span> <span class='ocrx_word' id='word_1_110' title='bbox 976 1417 1086 1472; x_wconf 87' lang='lat' dir='ltr'>sint</span> <span class='ocrx_word' id='word_1_111' title='bbox 1111 1416 1449 1485; x_wconf 82' lang='lat' dir='ltr'>recentiora,</span> <span class='ocrx_word' id='word_1_112' title='bbox 1482 1432 1655 1487; x_wconf 88' lang='lat' dir='ltr'>quare</span> <span class='ocrx_word' id='word_1_113' title='bbox 1687 1418 1949 1471; x_wconf 81' lang='lat' dir='ltr'>Testatus</span> <span class='ocrx_word' id='word_1_114' title='bbox 1976 1415 2137 1471; x_wconf 89' lang='lat' dir='ltr'>illum</span> <span class='ocrx_word' id='word_1_115' title='bbox 2164 1413 2433 1481; x_wconf 85' lang='lat' dir='ltr'>samueli,</span> <span class='ocrx_word' id='word_1_116' title='bbox 2466 1428 2775 1486; x_wconf 77' lang='lat' dir='ltr'>anonymus</span> <span class='ocrx_word' id='word_1_117' title='bbox 2800 1414 2929 1485; x_wconf 86' lang='lat' dir='ltr'>qui·</span> 
     </span>
     <span class='ocr_line' id='line_1_12' title="bbox 379 1501 2931 1576; baseline -0.001 -17"><span class='ocrx_word' id='word_1_118' title='bbox 379 1504 508 1559; x_wconf 90' lang='lat' dir='ltr'>dam</span> <span class='ocrx_word' id='word_1_119' title='bbox 537 1503 685 1575; x_wconf 88' lang='lat' dir='ltr'>apud</span> <span class='ocrx_word' id='word_1_120' title='bbox 711 1504 992 1560; x_wconf 86' lang='lat' dir='ltr'>serarium</span> <span class='ocrx_word' id='word_1_121' title='bbox 1018 1506 1283 1561; x_wconf 85' lang='lat' dir='ltr'>Eleazaro</span> <span class='ocrx_word' id='word_1_122' title='bbox 1312 1504 1581 1576; x_wconf 86' lang='lat' dir='ltr'>pontifici,</span> <span class='ocrx_word' id='word_1_123' title='bbox 1612 1506 1843 1561; x_wconf 78' lang='lat' dir='ltr'>Masius</span> <span class='ocrx_word' id='word_1_124' title='bbox 1866 1502 2074 1559; x_wconf 88' lang='lat' dir='ltr'>Esdrae</span> <span class='ocrx_word' id='word_1_125' title='bbox 2098 1501 2399 1559; x_wconf 86' lang='lat' dir='ltr'>attribuere</span> <span class='ocrx_word' id='word_1_126' title='bbox 2424 1503 2740 1558; x_wconf 85' lang='lat' dir='ltr'>voluerunt.</span> <span class='ocrx_word' id='word_1_127' title='bbox 2770 1502 2931 1558; x_wconf 87' lang='lat' dir='ltr'>Inter</span> 
     </span>
     <span class='ocr_line' id='line_1_13' title="bbox 379 1590 2929 1664; baseline -0 -18"><span class='ocrx_word' id='word_1_128' title='bbox 379 1590 676 1647; x_wconf 86' lang='lat' dir='ltr'>modernos</span> <span class='ocrx_word' id='word_1_129' title='bbox 715 1590 1014 1648; x_wconf 88' lang='lat' dir='ltr'>catholicos</span> <span class='ocrx_word' id='word_1_130' title='bbox 1052 1592 1382 1662; x_wconf 84' lang='lat' dir='ltr'>interpretes</span> <span class='ocrx_word' id='word_1_131' title='bbox 1422 1591 1591 1647; x_wconf 88' lang='lat' dir='ltr'>etiam</span> <span class='ocrx_word' id='word_1_132' title='bbox 1632 1591 1881 1664; x_wconf 83' lang='lat' dir='ltr'>plerique</span> <span class='ocrx_word' id='word_1_133' title='bbox 1918 1606 2007 1647; x_wconf 87' lang='lat' dir='ltr'>res</span> <span class='ocrx_word' id='word_1_134' title='bbox 2044 1599 2167 1661; x_wconf 91' lang='lat' dir='ltr'>post</span> <span class='ocrx_word' id='word_1_135' title='bbox 2206 1591 2403 1647; x_wconf 89' lang='lat' dir='ltr'>Iosuae</span> <span class='ocrx_word' id='word_1_136' title='bbox 2442 1596 2681 1645; x_wconf 90' lang='lat' dir='ltr'>mortem</span> <span class='ocrx_word' id='word_1_137' title='bbox 2733 1599 2929 1661; x_wconf 81' lang='lat' dir='ltr'>gestas</span> 
     </span>
     <span class='ocr_line' id='line_1_14' title="bbox 378 1676 2927 1751; baseline -0 -17"><span class='ocrx_word' id='word_1_138' title='bbox 378 1680 674 1735; x_wconf 88' lang='lat' dir='ltr'>nonnullas</span> <span class='ocrx_word' id='word_1_139' title='bbox 697 1680 914 1735; x_wconf 89' lang='lat' dir='ltr'>narrari</span> <span class='ocrx_word' id='word_1_140' title='bbox 941 1688 1194 1747; x_wconf 87' lang='lat' dir='ltr'>censent,</span> <span class='ocrx_word' id='word_1_141' title='bbox 1226 1677 1460 1751; x_wconf 90' lang='lat' dir='ltr'>ideoque</span> <span class='ocrx_word' id='word_1_142' title='bbox 1505 1678 1710 1735; x_wconf 87' lang='lat' dir='ltr'>librum</span> <span class='ocrx_word' id='word_1_143' title='bbox 1753 1682 1949 1735; x_wconf 89' lang='lat' dir='ltr'>Iosuae</span> <span class='ocrx_word' id='word_1_144' title='bbox 1992 1680 2096 1751; x_wconf 91' lang='lat' dir='ltr'>ipsi</span> <span class='ocrx_word' id='word_1_145' title='bbox 2145 1676 2369 1751; x_wconf 89' lang='lat' dir='ltr'>quidem</span> <span class='ocrx_word' id='word_1_146' title='bbox 2420 1676 2771 1741; x_wconf 84' lang='lat' dir='ltr'>abiudieant,</span> <span class='ocrx_word' id='word_1_147' title='bbox 2827 1678 2927 1733; x_wconf 89' lang='lat' dir='ltr'>sed</span> 
     </span>
     <span class='ocr_line' id='line_1_15' title="bbox 379 1765 2928 1837; baseline 0 -16"><span class='ocrx_word' id='word_1_148' title='bbox 379 1767 532 1823; x_wconf 82' lang='lat' dir='ltr'>brevi</span> <span class='ocrx_word' id='word_1_149' title='bbox 562 1775 751 1822; x_wconf 86' lang='lat' dir='ltr'>tamen</span> <span class='ocrx_word' id='word_1_150' title='bbox 781 1775 905 1837; x_wconf 90' lang='lat' dir='ltr'>post</span> <span class='ocrx_word' id='word_1_151' title='bbox 935 1767 1052 1821; x_wconf 88' lang='lat' dir='ltr'>eius</span> <span class='ocrx_word' id='word_1_152' title='bbox 1083 1775 1321 1822; x_wconf 87' lang='lat' dir='ltr'>aetatem</span> <span class='ocrx_word' id='word_1_153' title='bbox 1349 1768 1405 1821; x_wconf 92' lang='lat' dir='ltr'>in</span> <span class='ocrx_word' id='word_1_154' title='bbox 1434 1766 1763 1823; x_wconf 85' lang='lat' dir='ltr'>hodiernam</span> <span class='ocrx_word' id='word_1_155' title='bbox 1792 1766 2031 1822; x_wconf 78' lang='lat' dir='ltr'>formam</span> <span class='ocrx_word' id='word_1_156' title='bbox 2064 1765 2354 1822; x_wconf 88' lang='lat' dir='ltr'>redactum</span> <span class='ocrx_word' id='word_1_157' title='bbox 2387 1780 2505 1821; x_wconf 88' lang='lat' dir='ltr'>esse</span> <span class='ocrx_word' id='word_1_158' title='bbox 2530 1773 2751 1833; x_wconf 77' lang='lat' dir='ltr'>tenent3</span> <span class='ocrx_word' id='word_1_159' title='bbox 2782 1766 2928 1821; x_wconf 87' lang='lat' dir='ltr'>eius-</span> 
     </span>
     <span class='ocr_line' id='line_1_16' title="bbox 379 1852 2925 1927; baseline -0.001 -18"><span class='ocrx_word' id='word_1_160' title='bbox 379 1853 617 1925; x_wconf 87' lang='lat' dir='ltr'>demque</span> <span class='ocrx_word' id='word_1_161' title='bbox 644 1854 755 1909; x_wconf 88' lang='lat' dir='ltr'>fere</span> <span class='ocrx_word' id='word_1_162' title='bbox 779 1853 1083 1909; x_wconf 87' lang='lat' dir='ltr'>sententiae</span> <span class='ocrx_word' id='word_1_163' title='bbox 1111 1863 1240 1910; x_wconf 89' lang='lat' dir='ltr'>sunt</span> <span class='ocrx_word' id='word_1_164' title='bbox 1262 1854 1551 1910; x_wconf 83' lang='lat' dir='ltr'>acatholici</span> <span class='ocrx_word' id='word_1_165' title='bbox 1574 1854 1655 1910; x_wconf 92' lang='lat' dir='ltr'>illi</span> <span class='ocrx_word' id='word_1_166' title='bbox 1682 1855 2027 1927; x_wconf 81' lang='lat' dir='ltr'>interpreteS,</span> <span class='ocrx_word' id='word_1_167' title='bbox 2056 1854 2149 1925; x_wconf 88' lang='lat' dir='ltr'>qui</span> <span class='ocrx_word' id='word_1_168' title='bbox 2174 1854 2499 1926; x_wconf 89' lang='lat' dir='ltr'>inspiratum</span> <span class='ocrx_word' id='word_1_169' title='bbox 2522 1852 2741 1909; x_wconf 87' lang='lat' dir='ltr'>Veteris</span> <span class='ocrx_word' id='word_1_170' title='bbox 2763 1854 2925 1909; x_wconf 89' lang='lat' dir='ltr'>Test.</span> 
     </span>
     <span class='ocr_line' id='line_1_17' title="bbox 379 1941 1102 1997; baseline 0.003 -2"><span class='ocrx_word' id='word_1_171' title='bbox 379 1941 754 1997; x_wconf 86' lang='lat' dir='ltr'>characterem</span> <span class='ocrx_word' id='word_1_172' title='bbox 782 1941 1102 1997; x_wconf 90' lang='lat' dir='ltr'>admittunt.</span> 
     </span>
    </p>
   </div>
   <div class='ocr_carea' id='block_1_6' title="bbox 300 2090 2925 2650">
    <p class='ocr_par' dir='ltr' id='par_1_6' title="bbox 300 2090 2925 2650">
     <span class='ocr_line' id='line_1_18' title="bbox 455 2090 2917 2169; baseline -0.001 -18"><span class='ocrx_word' id='word_1_173' title='bbox 455 2096 513 2151; x_wconf 77' lang='lat'>2.</span> <span class='ocrx_word' id='word_1_174' title='bbox 543 2124 622 2136; x_wconf 91' lang='lat'>—-</span> <span class='ocrx_word' id='word_1_175' title='bbox 651 2092 779 2161; x_wconf 88' lang='lat' dir='ltr'>Qua</span> <span class='ocrx_word' id='word_1_176' title='bbox 807 2091 870 2149; x_wconf 91' lang='lat' dir='ltr'>in</span> <span class='ocrx_word' id='word_1_177' title='bbox 911 2091 1360 2151; x_wconf 85' lang='lat' dir='ltr'>sententiarum</span> <span class='ocrx_word' id='word_1_178' title='bbox 1408 2091 1711 2151; x_wconf 83' lang='lat' dir='ltr'>varietate</span> <span class='ocrx_word' id='word_1_179' title='bbox 1753 2091 2072 2169; x_wconf 85' lang='lat' dir='ltr'>antiquior</span> <span class='ocrx_word' id='word_1_180' title='bbox 2110 2091 2219 2151; x_wconf 87' lang='lat' dir='ltr'>illa</span> <span class='ocrx_word' id='word_1_181' title='bbox 2252 2090 2479 2151; x_wconf 89' lang='lat' dir='ltr'>merito</span> <span class='ocrx_word' id='word_1_182' title='bbox 2528 2091 2917 2168; x_wconf 84' lang='lat' dir='ltr'>praefertur,</span> 
     </span>
     <span class='ocr_line' id='line_1_19' title="bbox 379 2185 2923 2265; baseline -0 -17"><span class='ocrx_word' id='word_1_183' title='bbox 379 2206 536 2265; x_wconf 87' lang='lat' dir='ltr'>quae</span> <span class='ocrx_word' id='word_1_184' title='bbox 568 2189 882 2265; x_wconf 83' lang='lat' dir='ltr'>integrum</span> <span class='ocrx_word' id='word_1_185' title='bbox 911 2188 1144 2247; x_wconf 89' lang='lat' dir='ltr'>librum</span> <span class='ocrx_word' id='word_1_186' title='bbox 1177 2188 1396 2247; x_wconf 92' lang='lat' dir='ltr'>Iosuae</span> <span class='ocrx_word' id='word_1_187' title='bbox 1428 2188 1668 2248; x_wconf 89' lang='lat' dir='ltr'>auctori</span> <span class='ocrx_word' id='word_1_188' title='bbox 1699 2185 2051 2248; x_wconf 81' lang='lat' dir='ltr'>attribuit2.</span> <span class='ocrx_word' id='word_1_189' title='bbox 2082 2187 2333 2247; x_wconf 88' lang='lat' dir='ltr'>Etenim</span> <span class='ocrx_word' id='word_1_190' title='bbox 2354 2190 2499 2247; x_wconf 87' lang='lat' dir='ltr'>ante</span> <span class='ocrx_word' id='word_1_191' title='bbox 2530 2186 2785 2246; x_wconf 86' lang='lat' dir='ltr'>Davidis</span> <span class='ocrx_word' id='word_1_192' title='bbox 2810 2206 2923 2247; x_wconf 89' lang='lat' dir='ltr'>ae-</span> 
     </span>
     <span class='ocr_line' id='line_1_20' title="bbox 378 2283 2925 2361; baseline -0 -17"><span class='ocrx_word' id='word_1_193' title='bbox 378 2289 573 2344; x_wconf 85' lang='lat' dir='ltr'>tatem</span> <span class='ocrx_word' id='word_1_194' title='bbox 596 2300 745 2344; x_wconf 89' lang='lat' dir='ltr'>eum</span> <span class='ocrx_word' id='word_1_195' title='bbox 779 2284 1204 2361; x_wconf 89' lang='lat' dir='ltr'>conscriptum</span> <span class='ocrx_word' id='word_1_196' title='bbox 1235 2300 1401 2353; x_wconf 88' lang='lat' dir='ltr'>esse,</span> <span class='ocrx_word' id='word_1_197' title='bbox 1431 2288 1603 2343; x_wconf 90' lang='lat' dir='ltr'>certo</span> <span class='ocrx_word' id='word_1_198' title='bbox 1642 2288 1911 2357; x_wconf 88' lang='lat' dir='ltr'>constat;</span> <span class='ocrx_word' id='word_1_199' title='bbox 1944 2288 2265 2344; x_wconf 86' lang='lat' dir='ltr'>auctorem</span> <span class='ocrx_word' id='word_1_200' title='bbox 2308 2288 2549 2356; x_wconf 87' lang='lat' dir='ltr'>autem,</span> <span class='ocrx_word' id='word_1_201' title='bbox 2584 2283 2692 2359; x_wconf 89' lang='lat' dir='ltr'>qui</span> <span class='ocrx_word' id='word_1_202' title='bbox 2722 2284 2925 2344; x_wconf 82' lang='lat' dir='ltr'>rebus</span> 
     </span>
     <span class='ocr_line' id='line_1_21' title="bbox 300 2376 2919 2458; baseline 0.001 -19"><span class='ocrx_word' id='word_1_203' title='bbox 300 2395 305 2400; x_wconf 87' lang='lat'><em>·</em></span> <span class='ocrx_word' id='word_1_204' title='bbox 376 2380 639 2440; x_wconf 88' lang='lat' dir='ltr'>narratis</span> <span class='ocrx_word' id='word_1_205' title='bbox 677 2396 970 2458; x_wconf 86' lang='lat' dir='ltr'>praesens</span> <span class='ocrx_word' id='word_1_206' title='bbox 1009 2376 1312 2451; x_wconf 80' lang='lat' dir='ltr'>adsuerit,</span> <span class='ocrx_word' id='word_1_207' title='bbox 1345 2383 1479 2439; x_wconf 85' lang='lat' dir='ltr'>tota</span> <span class='ocrx_word' id='word_1_208' title='bbox 1516 2379 1665 2440; x_wconf 89' lang='lat' dir='ltr'>libri</span> <span class='ocrx_word' id='word_1_209' title='bbox 1708 2378 1954 2441; x_wconf 90' lang='lat' dir='ltr'>indoles</span> <span class='ocrx_word' id='word_1_210' title='bbox 1997 2380 2147 2440; x_wconf 90' lang='lat' dir='ltr'>satis</span> <span class='ocrx_word' id='word_1_211' title='bbox 2194 2379 2359 2439; x_wconf 89' lang='lat' dir='ltr'>clare</span> <span class='ocrx_word' id='word_1_212' title='bbox 2407 2378 2650 2456; x_wconf 87' lang='lat' dir='ltr'>prodit;</span> <span class='ocrx_word' id='word_1_213' title='bbox 2698 2396 2919 2457; x_wconf 90' lang='lat' dir='ltr'>neque</span> 
     </span>
     <span class='ocr_line' id='line_1_22' title="bbox 375 2474 2917 2555; baseline 0 -20"><span class='ocrx_word' id='word_1_214' title='bbox 375 2476 632 2550; x_wconf 89' lang='lat' dir='ltr'>desunt,</span> <span class='ocrx_word' id='word_1_215' title='bbox 668 2492 822 2553; x_wconf 91' lang='lat' dir='ltr'>quae</span> <span class='ocrx_word' id='word_1_216' title='bbox 850 2475 1170 2547; x_wconf 84' lang='lat' dir='ltr'>suadeant,</span> <span class='ocrx_word' id='word_1_217' title='bbox 1203 2478 1276 2535; x_wconf 88' lang='lat' dir='ltr'>ut</span> <span class='ocrx_word' id='word_1_218' title='bbox 1302 2476 1519 2535; x_wconf 87' lang='lat' dir='ltr'>losuae</span> <span class='ocrx_word' id='word_1_219' title='bbox 1542 2477 1753 2555; x_wconf 89' lang='lat' dir='ltr'>potius</span> <span class='ocrx_word' id='word_1_220' title='bbox 1774 2493 1971 2553; x_wconf 89' lang='lat' dir='ltr'>quam</span> <span class='ocrx_word' id='word_1_221' title='bbox 2001 2474 2182 2536; x_wconf 86' lang='lat' dir='ltr'>alteri</span> <span class='ocrx_word' id='word_1_222' title='bbox 2214 2474 2499 2536; x_wconf 89' lang='lat' dir='ltr'>eiusdem</span> <span class='ocrx_word' id='word_1_223' title='bbox 2518 2474 2741 2535; x_wconf 87' lang='lat' dir='ltr'>aetatis</span> <span class='ocrx_word' id='word_1_224' title='bbox 2772 2477 2917 2536; x_wconf 74' lang='lat' dir='ltr'>viro</span> 
     </span>
     <span class='ocr_line' id='line_1_23' title="bbox 373 2571 2925 2650; baseline 0.001 -19"><span class='ocrx_word' id='word_1_225' title='bbox 373 2573 536 2633; x_wconf 91' lang='lat' dir='ltr'>liber</span> <span class='ocrx_word' id='word_1_226' title='bbox 559 2572 959 2643; x_wconf 86' lang='lat' dir='ltr'>attribuatur,</span> <span class='ocrx_word' id='word_1_227' title='bbox 985 2572 1356 2649; x_wconf 88' lang='lat' dir='ltr'>praesertim</span> <span class='ocrx_word' id='word_1_228' title='bbox 1387 2588 1589 2647; x_wconf 89' lang='lat' dir='ltr'>quum</span> <span class='ocrx_word' id='word_1_229' title='bbox 1619 2572 1809 2632; x_wconf 90' lang='lat' dir='ltr'>etiam</span> <span class='ocrx_word' id='word_1_230' title='bbox 1840 2571 2151 2632; x_wconf 89' lang='lat' dir='ltr'>Siracides</span> <span class='ocrx_word' id='word_1_231' title='bbox 2174 2572 2424 2631; x_wconf 86' lang='lat' dir='ltr'>Iosuam</span> <span class='ocrx_word' id='word_1_232' title='bbox 2446 2571 2639 2631; x_wconf 87' lang='lat' dir='ltr'>sacris</span> <span class='ocrx_word' id='word_1_233' title='bbox 2661 2571 2925 2650; x_wconf 79' lang='lat' dir='ltr'>scripto-</span> 
     </span>
    </p>
   </div>
   <div class='ocr_carea' id='block_1_7' title="bbox 375 2665 1317 2729">
    <p class='ocr_par' dir='ltr' id='par_1_7' title="bbox 375 2665 1317 2729">
     <span class='ocr_line' id='line_1_24' title="bbox 375 2665 1317 2729; baseline 0 -2"><span class='ocrx_word' id='word_1_234' title='bbox 375 2668 538 2729; x_wconf 80' lang='lat' dir='ltr'>ribus</span> <span class='ocrx_word' id='word_1_235' title='bbox 562 2668 976 2729; x_wconf 82' lang='lat' dir='ltr'>adnumerare</span> <span class='ocrx_word' id='word_1_236' title='bbox 1006 2665 1317 2728; x_wconf 88' lang='lat' dir='ltr'>videatur.</span> 
     </span>
    </p>
   </div>
   <div class='ocr_carea' id='block_1_8' title="bbox 364 2778 2923 3730">
    <p class='ocr_par' dir='ltr' id='par_1_8' title="bbox 364 2778 2923 3730">
     <span class='ocr_line' id='line_1_25' title="bbox 437 2778 2921 2853; baseline 0.001 -17"><span class='ocrx_word' id='word_1_237' title='bbox 437 2778 737 2852; x_wconf 81' lang='lat' dir='ltr'>Tempore,</span> <span class='ocrx_word' id='word_1_238' title='bbox 765 2798 874 2853; x_wconf 89' lang='lat' dir='ltr'>quo</span> <span class='ocrx_word' id='word_1_239' title='bbox 912 2781 1149 2851; x_wconf 90' lang='lat' dir='ltr'>scriptus</span> <span class='ocrx_word' id='word_1_240' title='bbox 1186 2788 1270 2836; x_wconf 88' lang='lat' dir='ltr'>est</span> <span class='ocrx_word' id='word_1_241' title='bbox 1309 2780 1470 2847; x_wconf 90' lang='lat' dir='ltr'>liber,</span> <span class='ocrx_word' id='word_1_242' title='bbox 1496 2781 1863 2838; x_wconf 87' lang='lat' dir='ltr'>Chananaeus</span> <span class='ocrx_word' id='word_1_243' title='bbox 1901 2780 2191 2838; x_wconf 86' lang='lat' dir='ltr'>habitabat</span> <span class='ocrx_word' id='word_1_244' title='bbox 2238 2780 2298 2836; x_wconf 91' lang='lat' dir='ltr'>in</span> <span class='ocrx_word' id='word_1_245' title='bbox 2334 2782 2519 2838; x_wconf 90' lang='lat' dir='ltr'>Gazer</span> <span class='ocrx_word' id='word_1_246' title='bbox 2552 2780 2779 2853; x_wconf 81' lang='lat'>(16,10)‚</span> <span class='ocrx_word' id='word_1_247' title='bbox 2828 2784 2921 2839; x_wconf 86' lang='lat' dir='ltr'>Ie-</span> 
     </span>
     <span class='ocr_line' id='line_1_26' title="bbox 369 2867 2917 2941; baseline 0.001 -16"><span class='ocrx_word' id='word_1_248' title='bbox 369 2868 606 2925; x_wconf 89' lang='lat' dir='ltr'>busaeus</span> <span class='ocrx_word' id='word_1_249' title='bbox 649 2869 709 2924; x_wconf 91' lang='lat' dir='ltr'>in</span> <span class='ocrx_word' id='word_1_250' title='bbox 755 2868 1056 2923; x_wconf 87' lang='lat' dir='ltr'>Ierusalem</span> <span class='ocrx_word' id='word_1_251' title='bbox 1104 2868 1326 2939; x_wconf 79' lang='lat'>(15,63)‚</span> <span class='ocrx_word' id='word_1_252' title='bbox 1374 2888 1398 2917; x_wconf 75' lang='grc' dir='ltr'>ι(</span> <span class='ocrx_word' id='word_1_253' title='bbox 1435 2867 1609 2924; x_wconf 87' lang='lat' dir='ltr'>Sidon</span> <span class='ocrx_word' id='word_1_254' title='bbox 1649 2884 1851 2941; x_wconf 86' lang='lat' dir='ltr'>magna</span> <span class='ocrx_word' id='word_1_255' title='bbox 1886 2888 1912 2919; x_wconf 69' lang='lat' dir='ltr'>n</span> <span class='ocrx_word' id='word_1_256' title='bbox 1956 2868 2329 2940; x_wconf 88' lang='lat' dir='ltr'>principatum</span> <span class='ocrx_word' id='word_1_257' title='bbox 2355 2868 2535 2923; x_wconf 88' lang='lat' dir='ltr'>tenuit</span> <span class='ocrx_word' id='word_1_258' title='bbox 2575 2870 2917 2928; x_wconf 87' lang='lat' dir='ltr'>Phoeniciae</span> 
     </span>
     <span class='ocr_line' id='line_1_27' title="bbox 369 2954 2919 3029; baseline 0.001 -16"><span class='ocrx_word' id='word_1_259' title='bbox 369 2957 595 3028; x_wconf 81' lang='lat'>(19‚29),</span> <span class='ocrx_word' id='word_1_260' title='bbox 625 2954 722 3012; x_wconf 91' lang='lat' dir='ltr'>sed</span> <span class='ocrx_word' id='word_1_261' title='bbox 766 2965 896 3012; x_wconf 87' lang='lat' dir='ltr'>ante</span> <span class='ocrx_word' id='word_1_262' title='bbox 938 2956 1252 3011; x_wconf 88' lang='lat' dir='ltr'>Salomonis</span> <span class='ocrx_word' id='word_1_263' title='bbox 1280 2963 1521 3012; x_wconf 89' lang='lat' dir='ltr'>aetatem</span> <span class='ocrx_word' id='word_1_264' title='bbox 1562 2957 1819 3029; x_wconf 84' lang='lat' dir='ltr'>Aegyptii</span> <span class='ocrx_word' id='word_1_265' title='bbox 1848 2956 2168 3012; x_wconf 86' lang='lat' dir='ltr'>deleverant</span> <span class='ocrx_word' id='word_1_266' title='bbox 2212 2957 2574 3013; x_wconf 83' lang='lat' dir='ltr'>chananaeos</span> <span class='ocrx_word' id='word_1_267' title='bbox 2620 2956 2679 3012; x_wconf 89' lang='lat' dir='ltr'>in</span> <span class='ocrx_word' id='word_1_268' title='bbox 2726 2958 2919 3015; x_wconf 86' lang='lat' dir='ltr'>Gazer</span> 
     </span>
     <span class='ocr_line' id='line_1_28' title="bbox 371 3041 2923 3119; baseline 0.001 -18"><span class='ocrx_word' id='word_1_269' title='bbox 371 3052 424 3113; x_wconf 78' lang='lat'>(3</span> <span class='ocrx_word' id='word_1_270' title='bbox 455 3049 583 3116; x_wconf 74' lang='lat' dir='ltr'>Req.</span> <span class='ocrx_word' id='word_1_271' title='bbox 619 3044 788 3115; x_wconf 82' lang='lat'>9‚16)‚</span> <span class='ocrx_word' id='word_1_272' title='bbox 831 3041 1012 3099; x_wconf 89' lang='lat' dir='ltr'>David</span> <span class='ocrx_word' id='word_1_273' title='bbox 1058 3045 1173 3114; x_wconf 90' lang='lat' dir='ltr'>ipse</span> <span class='ocrx_word' id='word_1_274' title='bbox 1222 3042 1500 3100; x_wconf 83' lang='lat' dir='ltr'>lebusaeis</span> <span class='ocrx_word' id='word_1_275' title='bbox 1548 3044 1753 3116; x_wconf 86' lang='lat' dir='ltr'>eripuit</span> <span class='ocrx_word' id='word_1_276' title='bbox 1801 3044 2103 3101; x_wconf 85' lang='lat' dir='ltr'>Ierusalem</span> <span class='ocrx_word' id='word_1_277' title='bbox 2134 3049 2187 3111; x_wconf 81' lang='grc'>(2</span> <span class='ocrx_word' id='word_1_278' title='bbox 2216 3048 2350 3117; x_wconf 71' lang='lat' dir='ltr'>Ray.</span> <span class='ocrx_word' id='word_1_279' title='bbox 2399 3049 2492 3113; x_wconf 82' lang='lat'>5‚5</span> <span class='ocrx_word' id='word_1_280' title='bbox 2534 3047 2702 3116; x_wconf 84' lang='lat' dir='ltr'>sqq.),</span> <span class='ocrx_word' id='word_1_281' title='bbox 2734 3048 2923 3119; x_wconf 73' lang='lat' dir='ltr'>&#39;syrus</span> 
     </span>
     <span class='ocr_line' id='line_1_29' title="bbox 367 3130 2922 3205; baseline 0.002 -18"><span class='ocrx_word' id='word_1_282' title='bbox 367 3132 496 3188; x_wconf 88' lang='lat' dir='ltr'>inde</span> <span class='ocrx_word' id='word_1_283' title='bbox 519 3150 551 3187; x_wconf 89' lang='lat' dir='ltr'>a</span> <span class='ocrx_word' id='word_1_284' title='bbox 577 3147 719 3187; x_wconf 89' lang='lat' dir='ltr'>saec.</span> <span class='ocrx_word' id='word_1_285' title='bbox 756 3137 841 3186; x_wconf 83' lang='lat'>12.</span> <span class='ocrx_word' id='word_1_286' title='bbox 871 3130 1266 3201; x_wconf 82' lang='lat' dir='ltr'>hegemoniam</span> <span class='ocrx_word' id='word_1_287' title='bbox 1292 3132 1472 3187; x_wconf 87' lang='lat' dir='ltr'>tenuit</span> <span class='ocrx_word' id='word_1_288' title='bbox 1506 3131 1865 3187; x_wconf 89' lang='lat' dir='ltr'>Phoenicum.</span> <span class='ocrx_word' id='word_1_289' title='bbox 1892 3134 2067 3188; x_wconf 87' lang='lat' dir='ltr'>Porro</span> <span class='ocrx_word' id='word_1_290' title='bbox 2098 3131 2328 3188; x_wconf 85' lang='lat' dir='ltr'>Davidis</span> <span class='ocrx_word' id='word_1_291' title='bbox 2353 3140 2633 3203; x_wconf 86' lang='lat' dir='ltr'>tempore,</span> <span class='ocrx_word' id='word_1_292' title='bbox 2660 3134 2757 3205; x_wconf 88' lang='lat' dir='ltr'>qui</span> <span class='ocrx_word' id='word_1_293' title='bbox 2787 3150 2922 3191; x_wconf 86' lang='lat' dir='ltr'>cum</span> 
     </span>
     <span class='ocr_line' id='line_1_30' title="bbox 367 3216 2921 3295; baseline 0.002 -20"><span class='ocrx_word' id='word_1_294' title='bbox 367 3220 547 3291; x_wconf 81' lang='lat' dir='ltr'>Tyriis</span> <span class='ocrx_word' id='word_1_295' title='bbox 577 3216 772 3273; x_wconf 87' lang='lat' dir='ltr'>foedus</span> <span class='ocrx_word' id='word_1_296' title='bbox 809 3218 1084 3273; x_wconf 85' lang='lat' dir='ltr'>amicitiae</span> <span class='ocrx_word' id='word_1_297' title='bbox 1121 3218 1350 3286; x_wconf 89' lang='lat' dir='ltr'>inierat,</span> <span class='ocrx_word' id='word_1_298' title='bbox 1387 3220 1570 3273; x_wconf 87' lang='lat' dir='ltr'>nullus</span> <span class='ocrx_word' id='word_1_299' title='bbox 1598 3220 1837 3291; x_wconf 87' lang='lat' dir='ltr'>scriptor</span> <span class='ocrx_word' id='word_1_300' title='bbox 1862 3220 2193 3275; x_wconf 89' lang='lat' dir='ltr'>israeliticus</span> <span class='ocrx_word' id='word_1_301' title='bbox 2228 3218 2533 3276; x_wconf 89' lang='lat' dir='ltr'>Phoenices</span> <span class='ocrx_word' id='word_1_302' title='bbox 2559 3220 2709 3276; x_wconf 87' lang='lat' dir='ltr'>inter</span> <span class='ocrx_word' id='word_1_303' title='bbox 2736 3238 2921 3295; x_wconf 82' lang='lat' dir='ltr'>popu-</span> 
     </span>
     <span class='ocr_line' id='line_1_31' title="bbox 366 3305 2919 3377; baseline 0.001 -13"><span class='ocrx_word' id='word_1_304' title='bbox 366 3310 450 3364; x_wconf 89' lang='lat' dir='ltr'>los</span> <span class='ocrx_word' id='word_1_305' title='bbox 471 3305 738 3363; x_wconf 89' lang='lat' dir='ltr'>delendos</span> <span class='ocrx_word' id='word_1_306' title='bbox 767 3320 1092 3361; x_wconf 87' lang='lat' dir='ltr'>enumerare</span> <span class='ocrx_word' id='word_1_307' title='bbox 1120 3307 1301 3377; x_wconf 87' lang='lat' dir='ltr'>potuit</span> <span class='ocrx_word' id='word_1_308' title='bbox 1327 3311 1515 3376; x_wconf 82' lang='grc' dir='ltr'>(ι3,6),</span> <span class='ocrx_word' id='word_1_309' title='bbox 1544 3322 1647 3363; x_wconf 90' lang='lat' dir='ltr'>nec</span> <span class='ocrx_word' id='word_1_310' title='bbox 1675 3308 1735 3361; x_wconf 91' lang='lat' dir='ltr'>in</span> <span class='ocrx_word' id='word_1_311' title='bbox 1758 3306 2182 3364; x_wconf 86' lang='lat' dir='ltr'>enumeratione</span> <span class='ocrx_word' id='word_1_312' title='bbox 2210 3307 2501 3363; x_wconf 88' lang='lat' dir='ltr'>civitatum</span> <span class='ocrx_word' id='word_1_313' title='bbox 2525 3306 2661 3363; x_wconf 87' lang='lat' dir='ltr'>Iuda</span> <span class='ocrx_word' id='word_1_314' title='bbox 2690 3310 2919 3367; x_wconf 85' lang='lat' dir='ltr'>omisis-</span> 
     </span>
     <span class='ocr_line' id='line_1_32' title="bbox 365 3394 2917 3471; baseline 0.002 -22"><span class='ocrx_word' id='word_1_315' title='bbox 365 3402 451 3449; x_wconf 89' lang='lat' dir='ltr'>set</span> <span class='ocrx_word' id='word_1_316' title='bbox 495 3414 520 3444; x_wconf 83' lang='lat'>«</span> <span class='ocrx_word' id='word_1_317' title='bbox 565 3394 838 3464; x_wconf 89' lang='lat' dir='ltr'>Ephrata‚</span> <span class='ocrx_word' id='word_1_318' title='bbox 885 3408 1026 3465; x_wconf 89' lang='lat' dir='ltr'>quae</span> <span class='ocrx_word' id='word_1_319' title='bbox 1073 3394 1180 3449; x_wconf 91' lang='lat' dir='ltr'>alio</span> <span class='ocrx_word' id='word_1_320' title='bbox 1225 3394 1450 3450; x_wconf 90' lang='lat' dir='ltr'>nomine</span> <span class='ocrx_word' id='word_1_321' title='bbox 1497 3402 1729 3450; x_wconf 84' lang='lat' dir='ltr'>vocatur</span> <span class='ocrx_word' id='word_1_322' title='bbox 1772 3394 2098 3451; x_wconf 88' lang='lat' dir='ltr'>Bethlehem</span> <span class='ocrx_word' id='word_1_323' title='bbox 2142 3414 2168 3446; x_wconf 68' lang='lat' dir='ltr'>a</span> <span class='ocrx_word' id='word_1_324' title='bbox 2216 3395 2321 3465; x_wconf 85' lang='lat' dir='ltr'>(el&#39;r</span> <span class='ocrx_word' id='word_1_325' title='bbox 2365 3397 2506 3451; x_wconf 78' lang='lat' dir='ltr'>Gen.</span> <span class='ocrx_word' id='word_1_326' title='bbox 2556 3400 2722 3464; x_wconf 50' lang='lat'>³546</span> <span class='ocrx_word' id='word_1_327' title='bbox 2762 3414 2917 3471; x_wconf 83' lang='lat' dir='ltr'>sqq.;</span> 
     </span>
     <span class='ocr_line' id='line_1_33' title="bbox 364 3480 2921 3554; baseline 0.002 -16"><span class='ocrx_word' id='word_1_328' title='bbox 364 3484 510 3551; x_wconf 56' lang='grc'>483)</span> <span class='ocrx_word' id='word_1_329' title='bbox 529 3480 568 3535; x_wconf 87' lang='lat'>³.</span> <span class='ocrx_word' id='word_1_330' title='bbox 593 3513 660 3521; x_wconf 96' lang='lat'><strong>—</strong></span> <span class='ocrx_word' id='word_1_331' title='bbox 680 3484 822 3537; x_wconf 84' lang='lat' dir='ltr'>Ante</span> <span class='ocrx_word' id='word_1_332' title='bbox 843 3480 1114 3537; x_wconf 84' lang='lat' dir='ltr'>Davidem</span> <span class='ocrx_word' id='word_1_333' title='bbox 1134 3482 1303 3554; x_wconf 83' lang='lat' dir='ltr'>igitur</span> <span class='ocrx_word' id='word_1_334' title='bbox 1323 3483 1560 3554; x_wconf 89' lang='lat' dir='ltr'>scriptus</span> <span class='ocrx_word' id='word_1_335' title='bbox 1580 3491 1665 3537; x_wconf 88' lang='lat' dir='ltr'>est</span> <span class='ocrx_word' id='word_1_336' title='bbox 1682 3481 1841 3548; x_wconf 77' lang='lat' dir='ltr'>liber,</span> <span class='ocrx_word' id='word_1_337' title='bbox 1864 3482 1963 3539; x_wconf 91' lang='lat' dir='ltr'>sed</span> <span class='ocrx_word' id='word_1_338' title='bbox 1984 3483 2153 3538; x_wconf 89' lang='lat' dir='ltr'>etiam</span> <span class='ocrx_word' id='word_1_339' title='bbox 2174 3498 2205 3538; x_wconf 90' lang='lat' dir='ltr'>a</span> <span class='ocrx_word' id='word_1_340' title='bbox 2227 3483 2366 3551; x_wconf 86' lang='lat' dir='ltr'>viro,</span> <span class='ocrx_word' id='word_1_341' title='bbox 2391 3484 2488 3554; x_wconf 88' lang='lat' dir='ltr'>qui</span> <span class='ocrx_word' id='word_1_342' title='bbox 2517 3483 2714 3540; x_wconf 81' lang='lat' dir='ltr'>iosuae</span> <span class='ocrx_word' id='word_1_343' title='bbox 2734 3496 2921 3543; x_wconf 85' lang='lat' dir='ltr'>aetate</span> 
     </span>
     <span class='ocr_line' id='line_1_34' title="bbox 377 3568 2916 3643; baseline 0.002 -20"><span class='ocrx_word' id='word_1_344' title='bbox 377 3570 530 3624; x_wconf 86' lang='lat' dir='ltr'>vixit.</span> <span class='ocrx_word' id='word_1_345' title='bbox 560 3569 719 3624; x_wconf 87' lang='lat' dir='ltr'>lllam</span> <span class='ocrx_word' id='word_1_346' title='bbox 749 3569 896 3624; x_wconf 91' lang='lat' dir='ltr'>enim</span> <span class='ocrx_word' id='word_1_347' title='bbox 932 3577 1168 3625; x_wconf 89' lang='lat' dir='ltr'>aetatem</span> <span class='ocrx_word' id='word_1_348' title='bbox 1207 3568 1394 3641; x_wconf 89' lang='lat' dir='ltr'>prodit</span> <span class='ocrx_word' id='word_1_349' title='bbox 1428 3568 1736 3641; x_wconf 87' lang='lat' dir='ltr'>inaequalis</span> <span class='ocrx_word' id='word_1_350' title='bbox 1764 3569 2061 3640; x_wconf 85' lang='lat' dir='ltr'>descriptio</span> <span class='ocrx_word' id='word_1_351' title='bbox 2095 3570 2507 3626; x_wconf 87' lang='lat' dir='ltr'>territoriorum</span> <span class='ocrx_word' id='word_1_352' title='bbox 2542 3571 2775 3643; x_wconf 81' lang='lat' dir='ltr'>singulis</span> <span class='ocrx_word' id='word_1_353' title='bbox 2810 3576 2916 3629; x_wconf 86' lang='lat' dir='ltr'>tri-</span> 
     </span>
     <span class='ocr_line' id='line_1_35' title="bbox 376 3654 2915 3730; baseline 0.002 -18"><span class='ocrx_word' id='word_1_354' title='bbox 376 3654 555 3713; x_wconf 87' lang='lat' dir='ltr'>bubus</span> <span class='ocrx_word' id='word_1_355' title='bbox 593 3656 968 3726; x_wconf 86' lang='lat' dir='ltr'>addictorum‚</span> <span class='ocrx_word' id='word_1_356' title='bbox 1016 3672 1158 3729; x_wconf 89' lang='lat' dir='ltr'>quae</span> <span class='ocrx_word' id='word_1_357' title='bbox 1195 3658 1366 3714; x_wconf 89' lang='lat' dir='ltr'>statui</span> <span class='ocrx_word' id='word_1_358' title='bbox 1401 3672 1619 3728; x_wconf 87' lang='lat' dir='ltr'>rerum,</span> <span class='ocrx_word' id='word_1_359' title='bbox 1651 3657 1746 3729; x_wconf 90' lang='lat' dir='ltr'>qui</span> <span class='ocrx_word' id='word_1_360' title='bbox 1782 3672 1849 3713; x_wconf 89' lang='lat' dir='ltr'>eo</span> <span class='ocrx_word' id='word_1_361' title='bbox 1877 3665 2127 3730; x_wconf 90' lang='lat' dir='ltr'>tempore</span> <span class='ocrx_word' id='word_1_362' title='bbox 2165 3657 2298 3727; x_wconf 79' lang='lat' dir='ltr'>suit,</span> <span class='ocrx_word' id='word_1_363' title='bbox 2332 3658 2581 3729; x_wconf 89' lang='lat' dir='ltr'>apprime</span> <span class='ocrx_word' id='word_1_364' title='bbox 2618 3671 2915 3718; x_wconf 85' lang='lat' dir='ltr'>consonat.</span> 
     </span>
    </p>
   </div>
   <div class='ocr_carea' id='block_1_9' title="bbox 434 3840 2917 3907">
    <p class='ocr_par' dir='ltr' id='par_1_9' title="bbox 434 3840 2917 3907">
     <span class='ocr_line' id='line_1_36' title="bbox 434 3840 2917 3907; baseline -0.001 -16"><span class='ocrx_word' id='word_1_365' title='bbox 434 3840 452 3905; x_wconf 93' lang='lat'>(</span> <span class='ocrx_word' id='word_1_366' title='bbox 461 3842 500 3905; x_wconf 84' lang='lat'>1)</span> <span class='ocrx_word' id='word_1_367' title='bbox 529 3840 836 3891; x_wconf 69' lang='lat' dir='ltr'>The-odoret.</span> <span class='ocrx_word' id='word_1_368' title='bbox 862 3842 920 3890; x_wconf 92' lang='lat' dir='ltr'>In</span> <span class='ocrx_word' id='word_1_369' title='bbox 945 3844 1040 3891; x_wconf 89' lang='lat' dir='ltr'>los.</span> <span class='ocrx_word' id='word_1_370' title='bbox 1071 3845 1270 3905; x_wconf 83' lang='lat' dir='ltr'>quaest.</span> <span class='ocrx_word' id='word_1_371' title='bbox 1305 3844 1378 3892; x_wconf 74' lang='lat'>14.</span> <span class='ocrx_word' id='word_1_372' title='bbox 1411 3840 1533 3905; x_wconf 78' lang='lat' dir='ltr'>legit</span> <span class='ocrx_word' id='word_1_373' title='bbox 1563 3857 1575 3889; x_wconf 74' lang='grc' dir='ltr'><strong>ε</strong></span> <span class='ocrx_word' id='word_1_374' title='bbox 1610 3859 1637 3883; x_wconf 74' lang='grc' dir='ltr'>ι</span> <span class='ocrx_word' id='word_1_375' title='bbox 1667 3854 1833 3891; x_wconf 88' lang='lat' dir='ltr'>nonne</span> <span class='ocrx_word' id='word_1_376' title='bbox 1859 3842 1985 3891; x_wconf 85' lang='lat' dir='ltr'>haec</span> <span class='ocrx_word' id='word_1_377' title='bbox 2012 3842 2201 3907; x_wconf 83' lang='lat' dir='ltr'>scripta</span> <span class='ocrx_word' id='word_1_378' title='bbox 2228 3845 2349 3892; x_wconf 86' lang='lat' dir='ltr'>sunt</span> <span class='ocrx_word' id='word_1_379' title='bbox 2373 3844 2434 3892; x_wconf 78' lang='lat' dir='ltr'>in</span> <span class='ocrx_word' id='word_1_380' title='bbox 2460 3843 2601 3892; x_wconf 80' lang='lat' dir='ltr'>libro</span> <span class='ocrx_word' id='word_1_381' title='bbox 2630 3848 2863 3907; x_wconf 74' lang='lat' dir='ltr'>reperto</span> <span class='ocrx_word' id='word_1_382' title='bbox 2892 3868 2917 3889; x_wconf 61' lang='grc' dir='ltr'>ι</span> 
     </span>
    </p>
   </div>
   <div class='ocr_carea' id='block_1_10' title="bbox 281 3919 2919 3987">
    <p class='ocr_par' dir='ltr' id='par_1_10' title="bbox 281 3919 2919 3987">
     <span class='ocr_line' id='line_1_37' title="bbox 281 3919 2919 3987; baseline 0.002 -19"><span class='ocrx_word' id='word_1_383' title='bbox 281 3958 288 3965; x_wconf 90' lang='grc'><strong>.</strong></span> <span class='ocrx_word' id='word_1_384' title='bbox 377 3920 471 3983; x_wconf 76' lang='grc' dir='ltr'>(ἐπὶ</span> <span class='ocrx_word' id='word_1_385' title='bbox 495 3920 550 3969; x_wconf 75' lang='grc' dir='ltr'>τὸ</span> <span class='ocrx_word' id='word_1_386' title='bbox 576 3920 752 3983; x_wconf 78' lang='grc' dir='ltr'><strong>βιὸλίον</strong></span> <span class='ocrx_word' id='word_1_387' title='bbox 773 3922 828 3970; x_wconf 82' lang='grc' dir='ltr'>τὸ</span> <span class='ocrx_word' id='word_1_388' title='bbox 852 3922 1033 3983; x_wconf 76' lang='grc' dir='ltr'><strong>εὑρεθέν</strong></span> <span class='ocrx_word' id='word_1_389' title='bbox 1055 3922 1155 3970; x_wconf 83' lang='lat' dir='ltr'>Ios.</span> <span class='ocrx_word' id='word_1_390' title='bbox 1183 3922 1343 3981; x_wconf 86' lang='lat'>10,13)</span> <span class='ocrx_word' id='word_1_391' title='bbox 1371 3932 1462 3983; x_wconf 89' lang='lat' dir='ltr'>pro</span> <span class='ocrx_word' id='word_1_392' title='bbox 1485 3919 1564 3968; x_wconf 77' lang='grc' dir='ltr'>ἐπὶ</span> <span class='ocrx_word' id='word_1_393' title='bbox 1584 3919 1770 3983; x_wconf 75' lang='grc' dir='ltr'><strong>βισλίου</strong></span> <span class='ocrx_word' id='word_1_394' title='bbox 1790 3924 1874 3969; x_wconf 82' lang='grc' dir='ltr'>τοῦ</span> <span class='ocrx_word' id='word_1_395' title='bbox 1894 3922 2057 3977; x_wconf 57' lang='lat' dir='ltr'>coevo:</span> <span class='ocrx_word' id='word_1_396' title='bbox 2082 3920 2130 3979; x_wconf 76' lang='grc' dir='ltr'>(κ</span> <span class='ocrx_word' id='word_1_397' title='bbox 2152 3920 2205 3970; x_wconf 87' lang='lat' dir='ltr'>in</span> <span class='ocrx_word' id='word_1_398' title='bbox 2226 3919 2360 3970; x_wconf 90' lang='lat' dir='ltr'>libro</span> <span class='ocrx_word' id='word_1_399' title='bbox 2382 3920 2637 3971; x_wconf 86' lang='lat' dir='ltr'>iustorum</span> <span class='ocrx_word' id='word_1_400' title='bbox 2664 3940 2691 3966; x_wconf 64' lang='grc' dir='ltr'><strong>υ</strong></span> <span class='ocrx_word' id='word_1_401' title='bbox 2722 3924 2919 3987; x_wconf 48' lang='lat' dir='ltr'>Vulgi).</span> 
     </span>
    </p>
   </div>
   <div class='ocr_carea' id='block_1_11' title="bbox 375 3997 2925 4541">
    <p class='ocr_par' dir='ltr' id='par_1_11' title="bbox 375 3997 2925 4541">
     <span class='ocr_line' id='line_1_38' title="bbox 375 3997 2919 4063; baseline 0.002 -16"><span class='ocrx_word' id='word_1_402' title='bbox 375 3998 510 4049; x_wconf 90' lang='lat' dir='ltr'>unde</span> <span class='ocrx_word' id='word_1_403' title='bbox 537 3998 816 4058; x_wconf 82' lang='lat' dir='ltr'>concludit,</span> <span class='ocrx_word' id='word_1_404' title='bbox 847 4000 1178 4049; x_wconf 86' lang='lat' dir='ltr'>recentiorem</span> <span class='ocrx_word' id='word_1_405' title='bbox 1205 4000 1504 4062; x_wconf 82' lang='lat' dir='ltr'>scriptorem</span> <span class='ocrx_word' id='word_1_406' title='bbox 1525 3997 1715 4048; x_wconf 86' lang='lat' dir='ltr'>librum</span> <span class='ocrx_word' id='word_1_407' title='bbox 1739 4011 1973 4049; x_wconf 80' lang='lat' dir='ltr'>exarasse</span> <span class='ocrx_word' id='word_1_408' title='bbox 1990 4016 2015 4047; x_wconf 78' lang='grc' dir='ltr'>α</span> <span class='ocrx_word' id='word_1_409' title='bbox 2044 4012 2107 4049; x_wconf 83' lang='lat' dir='ltr'>ex</span> <span class='ocrx_word' id='word_1_410' title='bbox 2125 3998 2225 4049; x_wconf 85' lang='lat' dir='ltr'>alio</span> <span class='ocrx_word' id='word_1_411' title='bbox 2246 3999 2379 4050; x_wconf 92' lang='lat' dir='ltr'>libro</span> <span class='ocrx_word' id='word_1_412' title='bbox 2402 4004 2551 4063; x_wconf 82' lang='lat' dir='ltr'>capta</span> <span class='ocrx_word' id='word_1_413' title='bbox 2572 4001 2843 4051; x_wconf 76' lang='lat' dir='ltr'>occasione</span> <span class='ocrx_word' id='word_1_414' title='bbox 2874 4020 2919 4053; x_wconf 69' lang='lat' dir='ltr'>n.</span> 
     </span>
     <span class='ocr_line' id='line_1_39' title="bbox 437 4076 2925 4151; baseline 0.002 -24"><span class='ocrx_word' id='word_1_415' title='bbox 437 4078 502 4139; x_wconf 86' lang='grc'>(2)</span> <span class='ocrx_word' id='word_1_416' title='bbox 527 4077 748 4129; x_wconf 86' lang='lat' dir='ltr'>Evidens</span> <span class='ocrx_word' id='word_1_417' title='bbox 775 4080 852 4127; x_wconf 85' lang='lat' dir='ltr'>est</span> <span class='ocrx_word' id='word_1_418' title='bbox 881 4076 1088 4127; x_wconf 87' lang='lat' dir='ltr'>ultimos</span> <span class='ocrx_word' id='word_1_419' title='bbox 1117 4090 1294 4127; x_wconf 81' lang='lat' dir='ltr'>versus</span> <span class='ocrx_word' id='word_1_420' title='bbox 1331 4076 1592 4141; x_wconf 79' lang='lat'>(22‚29·33)</span> <span class='ocrx_word' id='word_1_421' title='bbox 1629 4076 1817 4140; x_wconf 85' lang='lat' dir='ltr'>quibus</span> <span class='ocrx_word' id='word_1_422' title='bbox 1853 4079 2029 4129; x_wconf 73' lang='lat' dir='ltr'>iosuae</span> <span class='ocrx_word' id='word_1_423' title='bbox 2055 4090 2195 4128; x_wconf 86' lang='lat' dir='ltr'>mors</span> <span class='ocrx_word' id='word_1_424' title='bbox 2220 4081 2470 4137; x_wconf 84' lang='lat' dir='ltr'>narratur,</span> <span class='ocrx_word' id='word_1_425' title='bbox 2500 4092 2530 4127; x_wconf 83' lang='lat' dir='ltr'>a</span> <span class='ocrx_word' id='word_1_426' title='bbox 2558 4078 2758 4151; x_wconf 78' lang='lat' dir='ltr'>iuniore</span> <span class='ocrx_word' id='word_1_427' title='bbox 2790 4083 2925 4131; x_wconf 85' lang='lat' dir='ltr'>scri-</span> 
     </span>
     <span class='ocr_line' id='line_1_40' title="bbox 375 4155 2917 4223; baseline 0.002 -18"><span class='ocrx_word' id='word_1_428' title='bbox 375 4158 520 4219; x_wconf 88' lang='lat' dir='ltr'>ptore</span> <span class='ocrx_word' id='word_1_429' title='bbox 556 4170 668 4207; x_wconf 85' lang='lat' dir='ltr'>esse</span> <span class='ocrx_word' id='word_1_430' title='bbox 699 4155 916 4207; x_wconf 88' lang='lat' dir='ltr'>additos.</span> <span class='ocrx_word' id='word_1_431' title='bbox 949 4158 1123 4220; x_wconf 85' lang='lat' dir='ltr'>Neque</span> <span class='ocrx_word' id='word_1_432' title='bbox 1157 4155 1347 4219; x_wconf 83' lang='lat' dir='ltr'>glossas</span> <span class='ocrx_word' id='word_1_433' title='bbox 1375 4156 1647 4207; x_wconf 87' lang='lat' dir='ltr'>nonnullas</span> <span class='ocrx_word' id='word_1_434' title='bbox 1683 4170 1714 4205; x_wconf 86' lang='lat' dir='ltr'>a</span> <span class='ocrx_word' id='word_1_435' title='bbox 1742 4157 2021 4207; x_wconf 82' lang='lat' dir='ltr'>recentiore</span> <span class='ocrx_word' id='word_1_436' title='bbox 2057 4171 2213 4207; x_wconf 85' lang='lat' dir='ltr'>manu</span> <span class='ocrx_word' id='word_1_437' title='bbox 2246 4157 2467 4207; x_wconf 86' lang='lat' dir='ltr'>insertas</span> <span class='ocrx_word' id='word_1_438' title='bbox 2492 4170 2602 4209; x_wconf 66' lang='lat' dir='ltr'>aese</span> <span class='ocrx_word' id='word_1_439' title='bbox 2640 4172 2917 4223; x_wconf 78' lang='lat' dir='ltr'>negamus:</span> 
     </span>
     <span class='ocr_line' id='line_1_41' title="bbox 377 4234 2917 4299; baseline 0.002 -16"><span class='ocrx_word' id='word_1_440' title='bbox 377 4248 478 4284; x_wconf 87' lang='lat' dir='ltr'>non</span> <span class='ocrx_word' id='word_1_441' title='bbox 517 4234 640 4285; x_wconf 87' lang='lat' dir='ltr'>satis</span> <span class='ocrx_word' id='word_1_442' title='bbox 673 4249 857 4299; x_wconf 87' lang='lat' dir='ltr'>purum</span> <span class='ocrx_word' id='word_1_443' title='bbox 887 4235 1025 4285; x_wconf 87' lang='lat' dir='ltr'>enim</span> <span class='ocrx_word' id='word_1_444' title='bbox 1060 4237 1257 4284; x_wconf 85' lang='lat' dir='ltr'>textum</span> <span class='ocrx_word' id='word_1_445' title='bbox 1297 4234 1414 4284; x_wconf 88' lang='lat' dir='ltr'>libri</span> <span class='ocrx_word' id='word_1_446' title='bbox 1450 4234 1516 4283; x_wconf 88' lang='lat' dir='ltr'>ad</span> <span class='ocrx_word' id='word_1_447' title='bbox 1558 4248 1651 4284; x_wconf 87' lang='lat' dir='ltr'>nos</span> <span class='ocrx_word' id='word_1_448' title='bbox 1686 4234 1912 4293; x_wconf 81' lang='lat' dir='ltr'>venisse,</span> <span class='ocrx_word' id='word_1_449' title='bbox 1942 4235 2207 4287; x_wconf 85' lang='lat' dir='ltr'>dissensus</span> <span class='ocrx_word' id='word_1_450' title='bbox 2248 4236 2384 4287; x_wconf 85' lang='lat' dir='ltr'>inter</span> <span class='ocrx_word' id='word_1_451' title='bbox 2424 4238 2637 4287; x_wconf 73' lang='lat' dir='ltr'>Massor.</span> <span class='ocrx_word' id='word_1_452' title='bbox 2668 4242 2725 4287; x_wconf 87' lang='lat' dir='ltr'>et</span> <span class='ocrx_word' id='word_1_453' title='bbox 2770 4240 2917 4289; x_wconf 79' lang='lat' dir='ltr'>Alex.</span> 
     </span>
     <span class='ocr_line' id='line_1_42' title="bbox 375 4312 2923 4379; baseline 0.003 -18"><span class='ocrx_word' id='word_1_454' title='bbox 375 4313 476 4363; x_wconf 85' lang='lat' dir='ltr'>iam</span> <span class='ocrx_word' id='word_1_455' title='bbox 504 4314 676 4374; x_wconf 85' lang='lat' dir='ltr'>docet;</span> <span class='ocrx_word' id='word_1_456' title='bbox 706 4328 768 4364; x_wconf 81' lang='lat' dir='ltr'>ex</span> <span class='ocrx_word' id='word_1_457' title='bbox 795 4314 904 4378; x_wconf 86' lang='lat' dir='ltr'>ipso</span> <span class='ocrx_word' id='word_1_458' title='bbox 928 4316 1096 4364; x_wconf 86' lang='lat' dir='ltr'>autem</span> <span class='ocrx_word' id='word_1_459' title='bbox 1121 4316 1268 4363; x_wconf 85' lang='lat' dir='ltr'>textu</span> <span class='ocrx_word' id='word_1_460' title='bbox 1287 4312 1430 4364; x_wconf 89' lang='lat' dir='ltr'>hebr.</span> <span class='ocrx_word' id='word_1_461' title='bbox 1457 4313 1540 4363; x_wconf 81' lang='lat' dir='ltr'>vel</span> <span class='ocrx_word' id='word_1_462' title='bbox 1568 4314 1705 4377; x_wconf 80' lang='lat' dir='ltr'>vulg.</span> <span class='ocrx_word' id='word_1_463' title='bbox 1732 4314 2067 4364; x_wconf 84' lang='lat' dir='ltr'>demonstrari</span> <span class='ocrx_word' id='word_1_464' title='bbox 2100 4318 2288 4379; x_wconf 85' lang='lat' dir='ltr'>potest,</span> <span class='ocrx_word' id='word_1_465' title='bbox 2316 4315 2563 4366; x_wconf 87' lang='lat' dir='ltr'>nonnulla</span> <span class='ocrx_word' id='word_1_466' title='bbox 2590 4330 2703 4367; x_wconf 85' lang='lat' dir='ltr'>esse</span> <span class='ocrx_word' id='word_1_467' title='bbox 2732 4320 2923 4369; x_wconf 71' lang='lat' dir='ltr'>omissa</span> 
     </span>
     <span class='ocr_line' id='line_1_43' title="bbox 375 4392 1641 4456; baseline 0.001 -16"><span class='ocrx_word' id='word_1_468' title='bbox 375 4392 536 4455; x_wconf 61' lang='lat'>(1532</span> <span class='ocrx_word' id='word_1_469' title='bbox 565 4392 703 4455; x_wconf 75' lang='lat' dir='ltr'>etc.).</span> <span class='ocrx_word' id='word_1_470' title='bbox 732 4392 976 4443; x_wconf 86' lang='lat' dir='ltr'>nonnulla</span> <span class='ocrx_word' id='word_1_471' title='bbox 1002 4392 1174 4443; x_wconf 82' lang='lat' dir='ltr'>addita</span> <span class='ocrx_word' id='word_1_472' title='bbox 1203 4392 1380 4456; x_wconf 51' lang='lat'>(1215,</span> <span class='ocrx_word' id='word_1_473' title='bbox 1416 4396 1476 4442; x_wconf 81' lang='lat'>:30</span> <span class='ocrx_word' id='word_1_474' title='bbox 1501 4392 1641 4455; x_wconf 89' lang='lat' dir='ltr'>etc.).</span> 
     </span>
     <span class='ocr_line' id='line_1_44' title="bbox 435 4470 2925 4541; baseline 0.004 -22"><span class='ocrx_word' id='word_1_475' title='bbox 435 4470 502 4533; x_wconf 86' lang='grc'>(3)</span> <span class='ocrx_word' id='word_1_476' title='bbox 531 4470 775 4521; x_wconf 88' lang='lat' dir='ltr'>Ultimum</span> <span class='ocrx_word' id='word_1_477' title='bbox 804 4472 902 4523; x_wconf 89' lang='lat' dir='ltr'>hoc</span> <span class='ocrx_word' id='word_1_478' title='bbox 937 4476 1288 4534; x_wconf 77' lang='lat' dir='ltr'>argumentum</span> <span class='ocrx_word' id='word_1_479' title='bbox 1317 4471 1657 4521; x_wconf 83' lang='lat' dir='ltr'>omittendum</span> <span class='ocrx_word' id='word_1_480' title='bbox 1694 4474 1799 4533; x_wconf 85' lang='lat' dir='ltr'>est,</span> <span class='ocrx_word' id='word_1_481' title='bbox 1828 4473 1870 4522; x_wconf 87' lang='lat' dir='ltr'>si</span> <span class='ocrx_word' id='word_1_482' title='bbox 1904 4478 2001 4524; x_wconf 83' lang='lat' dir='ltr'>los.</span> <span class='ocrx_word' id='word_1_483' title='bbox 2042 4476 2181 4534; x_wconf 77' lang='lat'>15,59</span> <span class='ocrx_word' id='word_1_484' title='bbox 2210 4472 2365 4524; x_wconf 85' lang='lat' dir='ltr'>lectio</span> <span class='ocrx_word' id='word_1_485' title='bbox 2396 4473 2736 4527; x_wconf 77' lang='lat' dir='ltr'>alexandrina</span> <span class='ocrx_word' id='word_1_486' title='bbox 2774 4490 2925 4541; x_wconf 80' lang='lat' dir='ltr'>prae·</span> 
     </span>
    </p>
   </div>
   <div class='ocr_carea' id='block_1_12' title="bbox 375 4546 1270 4614">
    <p class='ocr_par' dir='ltr' id='par_1_12' title="bbox 375 4546 1270 4614">
     <span class='ocr_line' id='line_1_45' title="bbox 375 4546 1270 4614; baseline 0.001 -15"><span class='ocrx_word' id='word_1_487' title='bbox 375 4546 557 4607; x_wconf 72' lang='lat' dir='ltr'>fertur,</span> <span class='ocrx_word' id='word_1_488' title='bbox 587 4563 716 4613; x_wconf 81' lang='lat' dir='ltr'>quae</span> <span class='ocrx_word' id='word_1_489' title='bbox 746 4551 999 4614; x_wconf 77' lang='lat' dir='ltr'>Ephrata</span> <span class='ocrx_word' id='word_1_490' title='bbox 1027 4549 1270 4602; x_wconf 85' lang='lat' dir='ltr'>nominat.</span> 
     </span>
    </p>
   </div>
  </div>
 </body>
</html>
