3050 5184
429 296 546 353 456
627 311 703 354 nn
733 310 874 354 novt
902 309 1067 354 rear.
1103 307 1294 352 uenis
1324 285 1671 350 msron'icis.
1706 321 1785 330 —
1814 304 1943 349 ear.
1980 308 2023 350 1.
2058 307 2133 350 ns
2162 307 2513 354 nvsuestns
2548 307 2879 354 sruornms.

497 443 556 498 S.
585 445 846 514 Papiae,
899 440 1284 512 Hierapoleos
1325 437 1615 510 episcopi,
1654 439 2051 494 testimonium
2098 439 2259 496 nobis
2298 440 2643 497 conservavit
2682 437 2921 494 Eusebius

434 529 527 597 (H.
559 531 618 585 Ε.
647 531 751 586 111.
785 534 871 598 39)
913 529 1000 584 his
1036 526 1216 583 verbis
1247 546 1260 580 :
1291 525 1550 587 Μαθθαῖος
1586 523 1673 596 μὲν
1705 519 1793 580 οὖν
1830 523 2018 596 ἑὸραΐδι
2048 527 2291 600 διαλέκτῳ
2325 527 2390 581 τὰ
2420 528 2573 600 λόγια
2604 528 2701 599 (se.
2728 523 2917 596 κυριαιᾶ)

431 619 782 690 συνεγράψατο·
807 617 1086 689 ἡρμήνευσε
1105 613 1284 668 &aaran
1309 615 1376 676 ὥς
1397 611 1611 679 ἠδύνατο
1634 612 1857 680 ἕκαστος,
1890 633 1917 665 α
1949 615 2263 672 Matthaeus
2290 617 2461 688 igitur
2482 615 2740 672 hebrai&
2760 615 2922 684 lingua

431 721 711 762 sermones
743 704 1086 774 (dominicos)
1113 702 1462 772 conscripsit3
1493 715 1591 757 eos
1616 709 1806 756 autem
1830 701 2224 773 interpretatus
2249 713 2333 760 est
2356 705 2759 777 unusquisque,
2786 709 2923 773 prout

431 793 608 862 potuit
633 813 679 848 ι.
706 796 822 850 Iam
853 808 984 848 vero
1006 795 1092 859 a.)
1111 793 1166 848 S.
1190 791 1386 861 Papias
1401 833 1416 860 ‚
1443 797 1585 845 teste
1606 791 1837 846 Irenaeo
1860 790 1929 860 (e.
1950 791 2118 847 Haer.
2146 793 2215 847 V.
2246 793 2330 862 33)
2366 813 2393 843 α
2417 792 2644 849 loannis
2662 789 2923 861 (apostolia

429 879 650 936 auditor
675 890 730 936 et
758 879 1046 954 Polycarpi
1074 880 1309 942 amicus,
1343 878 1426 933 vir
1451 877 1713 949 antiquus
1740 895 1766 930 ι
1785 920 1799 946 ,
1832 878 2023 949 primis
2059 880 2395 950 apostolicae
2422 878 2781 936 successionis
2808 885 2924 932 teni·

431 967 652 1038 poribus
689 968 874 1024 ssoruit
907 966 1345 1038 immediatisque
1385 965 1611 1022 Domini
1640 964 1921 1037 discipulis
1947 965 2294 1024 familiariter
2320 976 2405 1024 est
2440 983 2575 1023 usus
2606 969 2755 1038 (Em.
2783 965 2849 1021 Η.
2874 966 2924 1018 E.

433 1057 527 1109 lll.
564 1061 679 1124 ἕως
713 1072 884 1127 quare
907 1057 1024 1112 eius
1051 1055 1353 1111 auctoritas
1380 1055 1438 1108 in
1467 1053 1571 1108 hac
1598 1054 1919 1126 quaestione
1947 1069 2164 1110 summa
2191 1064 2293 1111 est.
2326 1057 2400 1123 b.)
2419 1057 2475 1111 S.
2510 1055 2724 1126 PapiaS,
2748 1055 2791 1109 si
2808 1053 2925 1108 Mat-

431 1142 656 1198 thaeum
685 1143 746 1196 τὰ
768 1143 918 1214 λόγια
939 1144 1180 1215 (nuptam,
1203 1157 1486 1198 sermones
1515 1142 1602 1198 vel
1630 1143 1854 1198 oracula
1875 1142 2117 1213 Domini)
2148 1143 2431 1215 scripsisse
2464 1143 2689 1208 asserit,
2720 1139 2925 1213 primum

429 1239 680 1287 nostrum
709 1233 1068 1305 Evangelium
1103 1229 1394 1303 designare
1434 1229 1633 1298 voluit3
1664 1232 1741 1286 ita
1780 1231 1979 1288 saltem
2016 1232 2137 1286 eius
2162 1231 2328 1288 verba
2364 1231 2639 1287 intellexit
2672 1228 2923 1294 Eusebius

430 1318 526 1389 qui
555 1317 680 1389 quia
707 1319 983 1392 integrum
1013 1319 1214 1390 Papiae
1241 1334 1409 1388 opus,
1435 1318 1494 1373 in
1520 1333 1631 1389 quo
1658 1317 1795 1374 haec
1818 1319 1985 1374 verba
2011 1317 2357 1391 legebantur,
2386 1335 2519 1391 prae
2546 1318 2727 1374 oculis
2744 1315 2925 1378 babuit,

429 1405 624 1460 melius
653 1421 822 1478 quam
847 1422 978 1473 ηοε,
1008 1406 1078 1462 de
1107 1421 1301 1462 eorum
1329 1406 1571 1478 genuino
1606 1420 1771 1461 sensu
1798 1405 2044 1462 iudicare
2072 1407 2267 1476 potuit.
2295 1409 2499 1463 Contra
2530 1421 2677 1478 quae
2698 1404 2929 1460 obiiciunt

415 1492 745 1561 adversarii,
773 1495 998 1566 Papiam
1026 1493 1096 1550 dc
1117 1495 1250 1549 solis
1271 1493 1616 1549 sermonibus
1644 1493 1869 1550 Domini
1896 1509 1929 1550 a
1958 1494 2240 1550 Matthaeo
2268 1495 2601 1565 conscriptis
2632 1493 2810 1565 loqui,
2838 1490 2927 1562 pri-

431 1596 584 1636 mum
612 1591 798 1638 autem
836 1582 1197 1654 Evangelium
1233 1581 1399 1637 etiam
1441 1581 1711 1652 plurImas
1738 1583 2022 1637 continere
2067 1583 2433 1638 narrationes
2474 1581 2587 1638 Sed
2631 1579 2926 1637 vocabulum

417 1669 617 1738 λογίων
660 1670 912 1725 latiorem
945 1685 1166 1726 sensum
1202 1668 1466 1735 admittit,
1509 1677 1569 1723 ut
1596 1668 1803 1723 librum
1840 1668 2119 1740 designet,
2149 1672 2240 1740 qui
2270 1679 2329 1725 et
2366 1670 2715 1725 narrationes
2748 1675 2803 1722 et
2836 1682 2928 1720 ser-

432 1772 624 1811 mones
654 1757 1056 1828 complectitur.
1083 1756 1293 1812 Eodem
1321 1755 1469 1811 enim
1496 1757 1555 1811 in
1586 1757 1708 1812 loco
1740 1759 1795 1812 S.
1832 1757 2029 1827 Papiae
2056 1756 2127 1812 de
2168 1757 2381 1830 origine
2418 1756 2653 1813 secundi
2688 1753 2929 1826 Evangelii

433 1844 673 1914 loquenti
702 1844 764 1898 τὰ
794 1844 997 1914 motez&
1032 1844 1184 1914 λόγια
1219 1843 1369 1900 idem
1396 1852 1556 1913 sunt,
1589 1842 1740 1914 quod
1768 1843 1830 1896 τὰ
1865 1844 1959 1897 ὕπὸ
1997 1845 2205 1915 Χριστοῦ
2242 1846 2275 1912 ἢ
2308 1845 2553 1915 λεχθέντα
2584 1845 2619 1910 ἢ
2654 1843 2927 1915 πραχθένταὶ

431 1933 486 1987 S.
514 1932 686 1987 Paulo
711 1931 773 1985 τὰ
800 1932 950 2003 λόγια
973 1937 1064 1985 τοῦ
1090 1934 1201 1985 θεοῦ
1225 1941 1353 1986 sunt
1379 1939 1561 1986 totum
1584 1933 1757 1987 Vetus
1782 1933 1933 1987 Test.
1958 1937 2142 1998 (Rom.
2178 1938 2335 2000 3‚2.)‚
2356 1942 2525 2005 atque
2555 1932 2729 1988 etiam
2754 1929 2835 1986 ΕΙ.
2860 1931 2929 1982 Ιο-

430 2020 600 2090 sepho
629 2021 780 2080 (Bell.
815 2019 926 2074 iud.
955 2021 1052 2076 Vl.
1083 2025 1194 2089 5‚4)
1213 2020 1276 2072 τὰ
1302 2019 1453 2089 λόγια
1478 2018 1631 2074 idem
1658 2027 1809 2085 sunt,
1842 2019 1992 2090 quod
2024 2018 2339 2075 immediate
2364 2029 2555 2092 postea
2582 2021 2651 2072 τὰ
2670 2019 2777 2090 ἱερὰ
2796 2018 2932 2088 γράμ-

433 2126 580 2176 ματα.
611 2109 758 2180 Ergo
787 2107 1016 2162 dubium
1041 2123 1155 2163 non
1179 2117 1286 2173 est,
1321 2107 1456 2179 quin
1488 2107 1756 2162 vocabulo
1780 2107 1967 2176 λογίων
2005 2107 2060 2162 S.
2092 2109 2289 2179 Papias
2326 2109 2571 2180 primum
2604 2106 2931 2178 Evangelinm

429 2194 718 2267 designare
751 2199 1038 2268 potuerit,
1069 2197 1170 2251 etsi
1209 2195 1474 2267 plurimas
1497 2195 1848 2264 narrationes
1883 2197 2304 2266 complectatur.
2336 2199 2413 2251 At
2438 2196 2643 2252 latiore
2681 2196 2775 2251 illo
2798 2207 2931 2248 sensu

433 2283 760 2338 vocabulum
791 2284 848 2338 in
885 2284 1083 2355 Papiae
1119 2283 1436 2339 testimonio
1473 2283 1779 2354 explicetur
1814 2299 2037 2340 necesse
2077 2294 2180 2340 est.
2220 2286 2366 2339 Nam
2401 2283 2643 2340 articulo
2676 2282 2856 2337 addito
2882 2279 2932 2330 τῖτ

429 2369 579 2441 λόγια
606 2387 638 2426 a
667 2371 949 2426 Matthaeo
990 2371 1302 2442 conscripta
1339 2372 1492 2427 velut
1527 2385 1667 2442 opus
1704 2369 2064 2443 designantur
2098 2371 2354 2426 omnibus
2390 2371 2777 2439 notissimum,
2810 2367 2933 2438 atqui

431 2457 711 2530 quodnam
747 2466 830 2514 est
871 2459 1007 2514 illud
1043 2459 1313 2514 Matthaei
1349 2457 1602 2529 Apostoli
1638 2474 1777 2529 opus
1815 2459 2073 2514 omnibus
2108 2459 2335 2514 ineunte
2371 2459 2455 2515 vel
2496 2459 2689 2514 medio
2725 2473 2859 2513 saec.
2891 2461 2930 2510 2.

429 2547 711 2618 cognitum
749 2555 966 2618 praeter
1001 2546 1360 2620 Evangelium
1389 2546 1671 2617 primum?
1696 2545 1791 2601 ubi
1819 2546 1904 2602 vel
1942 2547 2283 2602 levissimum
2318 2546 2617 2618 vestigium
2654 2545 2831 2618 operis
2853 2543 2933 2599 ali-

431 2634 586 2689 cuius
613 2634 929 2706 apostolici,
970 2635 1119 2705 quod
1156 2636 1304 2690 solos
1341 2649 1625 2689 sermones
1652 2633 1878 2689 Domini
1908 2634 2243 2689 continuerit
2260 2637 2285 2688 ἓ
2314 2649 2452 2688 num
2488 2633 2729 2705 cogitari
2755 2638 2933 2704 potest.

431 2737 569 2794 opus
599 2721 822 2778 ineunte
858 2737 998 2778 saec.
1027 2728 1081 2778 2.
1113 2737 1213 2793 pro
1243 2721 1545 2793 apostolico
1592 2723 1843 2793 agnitum
1882 2729 2069 2776 tantae
2099 2719 2359 2776 oblivioni
2402 2735 2524 2776 esse
2568 2721 2863 2782 traditum,
2890 2725 2935 2769 nt

433 2818 556 2880 post
581 2809 826 2866 medium
845 2825 992 2866 saec.
1013 2816 1064 2865 2.
1091 2825 1257 2865 nemo
1279 2810 1427 2864 illius
1449 2809 1802 2864 meminerit?
1820 2811 2099 2864 Remanet
2127 2807 2293 2880 igitur
2310 2811 2367 2864 S.
2390 2807 2587 2880 Papias
2609 2808 2937 2881 gravissimus

431 2898 584 2953 testis
605 2897 942 2967 apostolicae
967 2897 1193 2970 originis
1220 2897 1382 2968 primi
1409 2896 1693 2968 Evangelii
1718 2897 1937 2968 integri.

501 2985 654 3040 Alter
680 2986 836 3040 testis
873 2984 1059 3056 paullo
1091 2983 1272 3040 iunior
1298 2993 1382 3040 est
1402 2987 1459 3040 S.
1487 2988 1862 3052 Pantaenus,
1890 3001 2057 3056 quem
2084 2993 2320 3041 exeunte
2348 3001 2495 3041 saec.
2528 2992 2585 3041 2.
2618 2984 2769 3057 apud
2796 2983 2937 3039 Indus

431 3072 787 3145 Evangelium
827 3072 1095 3128 Matthaei
1136 3072 1389 3128 hebraice
1429 3073 1802 3142 conscriptum
1838 3088 1873 3127 a
1908 3073 1965 3127 S.
1996 3072 2423 3128 Bai-tholomaeo
2457 3075 2732 3145 Apostolo
2758 3085 2871 3127 eam
2892 3068 2935 3122 in

429 3170 631 3216 terram
674 3161 904 3216 allatum
931 3160 1230 3231 reperisse,
1260 3167 1537 3223 testantur
1570 3159 1857 3216 Eusebius
1900 3161 1993 3227 (H.
2034 3162 2098 3215 E.
2132 3162 2201 3216 V.
2237 3162 2318 3230 10)
2359 3169 2416 3214 et
2453 3161 2512 3215 S.
2560 3164 2934 3228 Hieronymus

430 3247 522 3314 (de
551 3249 664 3303 Vir.
696 3247 776 3302 ill.
803 3249 902 3316 6.).
932 3249 1292 3320 Evangelium
1322 3255 1507 3304 autem
1536 3246 1703 3316 illud,
1734 3246 1887 3318 quod
1915 3248 2027 3302 iam
2052 3263 2200 3303 saec.
2232 3255 2279 3304 1.
2322 3247 2394 3302 ad
2425 3247 2593 3303 Indos
2620 3247 2873 3320 pervenit,
2898 3243 2935 3296 si

429 3350 459 3388 a
488 3337 767 3390 Pantaeno
789 3335 1076 3392 Matthaeo
1105 3335 1318 3390 auctori
1345 3335 1681 3400 attribuitur,
1714 3351 1745 3388 a
1770 3343 1961 3391 nostro
1985 3336 2167 3406 primo
2196 3349 2309 3390 non
2336 3333 2663 3392 dissensisse
2692 3350 2793 3392 nec
2814 3334 2935 3388 solos

427 3421 734 3478 dominicos
761 3438 1044 3479 sermones
1067 3422 1422 3492 continuisse,
1455 3421 1681 3477 evidens
1710 3431 1811 3478 est.

507 3578 566 3635 4.
599 3607 680 3618 -—
713 3574 829 3633 Vix
865 3574 1128 3634 minoris
1169 3574 1558 3634 auctoritatis
1600 3573 1665 3632 in
1712 3573 1826 3634 hac
1868 3575 2234 3651 quaestione
2277 3579 2422 3635 sunt
2468 3575 2933 3654 Apologetarum

427 3687 586 3730 saec.
619 3673 704 3740 2.,
728 3671 1101 3748 praesertim
1121 3670 1237 3731 SS.
1263 3674 1307 3730 A
1323 3669 1709 3746 ἰΙιεηαρονασ,
1741 3669 2052 3748 Theophili
2068 3670 2367 3744 Antioc-lt„
2400 3669 2621 3732 Iustim'
2644 3671 2750 3737 M„
2774 3673 2934 3744 atque

425 3771 683 3828 Petrum
703 3765 1155 3844 apostolicorum
1173 3767 1557 3826 testimonia.
1583 3766 1729 3838 Qui,
1753 3766 1905 3826 licet
1936 3767 2315 3827 Matthaeum
2342 3785 2469 3826 non
2496 3769 2851 3837 nominent,
2874 3779 2933 3820 ex

427 3863 764 3942 Evangelio
805 3867 1024 3940 scripto
1064 3864 1254 3922 verba
1303 3863 1620 3923 dominica
1664 3863 1958 3940 allegant;
2002 3863 2169 3923 unde
2224 3863 2460 3934 elucet,
2498 3863 2663 3924 illud
2714 3864 2835 3923 iam
2880 3859 2931 3915 in

425 3961 894 4039 Scripturarum
923 3977 1189 4020 numero
1218 3959 1411 4020 fuisse
1442 3977 1515 4019 ac
1543 3960 1725 4036 proin
1753 3959 2132 4037 apostolicae
2163 3959 2425 4036 originis
2455 3976 2624 4030 esse;
2654 3959 2930 4019 indirecte

423 4059 618 4135 igitur
665 4057 983 4117 iuniorum
1022 4057 1309 4127 Patrum,
1358 4055 1468 4132 qui
1517 4055 1798 4132 primum
1846 4055 2251 4133 Evangelium
2294 4055 2599 4133 Apostolo
2644 4053 2930 4114 Matthaeo

423 4153 658 4215 auctori
689 4153 1070 4224 attribuunt,
1104 4152 1360 4212 traditio
1391 4141 1812 4211 confirmatur.

491 4267 914 4338 Quamprimum
939 4264 1372 4334 demonstratur,
1394 4263 1759 4336 Evangelium
1778 4271 2031 4320 nostrum
2050 4273 2304 4335 tempore
2322 4265 2631 4337 apostolico
2652 4279 2766 4320 csse
2786 4274 2927 4316 exor-
3017 4341 3018 4344 Ἴ

421 4364 568 4424 tum,
597 4353 924 4409 adversariis
963 4354 1143 4408 omnis
1175 4354 1316 4408 ratio
1346 4352 1595 4423 eripitur,
1629 4350 1701 4408 ob
1730 4367 1898 4422 quam
1932 4351 2282 4407 Matthaeum
2311 4352 2430 4408 eius
2467 4359 2751 4408 auctorem
2776 4363 2924 4419 agno-

421 4457 572 4498 scere
611 4442 827 4496 nolunt.
868 4443 1061 4512 Neque
1108 4441 1352 4514 effugere
1391 4447 1624 4510 possunt
1660 4439 2039 4494 rationalistae
2078 4439 2469 4496 auctoritatem
2506 4437 2923 4495 testimoniorum
3017 4467 3018 4520 3

421 4529 644 4584 illorum
673 4528 1090 4598 patristicorum
1117 4526 1461 4597 dictitanteS‚
1489 4543 1520 4582 a
1546 4525 1805 4582 Patribus
1832 4526 1942 4582 illis
1968 4526 2087 4582 sola
2116 4527 2298 4582 verba
2324 4525 2601 4583 dominica
2632 4523 2843 4596 allegari
2870 4533 2923 4572 ac
3017 4521 3018 4524 ’

423 4616 580 4684 proin
608 4630 802 4670 eorum
839 4613 1262 4686 allegationibus
1299 4614 1440 4669 nihil
1479 4613 1878 4683 demonstrari,
1906 4613 2013 4670 nisi
2051 4614 2435 4670 collectionem
2464 4627 2791 4670 sermonum
2819 4611 2916 4662 Do·
3017 4647 3018 4684 3
