3050 5184
391 340 510 402 280
604 357 678 402 Dr:
720 358 861 402 vm.
910 357 1167 402 TESTAM.
1214 356 1410 400 umus
1452 353 1797 400 msromcls.
1844 369 1925 382 —·
1965 353 2098 398 CAP.
2143 355 2226 398 tx.
2273 355 2350 397 DE
2390 353 2558 396 uano
2600 349 2801 395 lunrru.

392 495 454 542 ut
488 487 632 542 inter
659 486 978 544 Holofernis
1010 486 1421 559 expeditionem
1448 495 1503 543 et
1546 484 1723 556 Iosiae
1751 482 1968 541 cladem
1995 483 2142 556 apud
2185 482 2460 556 Mageddo
2503 487 2663 553 (608.)
2686 477 2886 554 quadra·

392 575 541 644 ginta
579 583 799 630 tantum
826 575 957 631 anni
984 575 1357 631 interiaceant.
1389 573 1545 643 Quae
1587 571 1887 628 difficultas
1923 572 2157 627 solvitur
2197 587 2388 628 errore
2425 571 2484 626 in
2527 569 2685 626 annis
2729 565 2888 623 aetatis

393 669 581 726 Iudith
601 670 873 741 admisso;
896 687 997 744 pro
1026 677 1124 728 105
1157 663 1295 754 (ΠΡ)
1319 669 1616 744 legendum
1643 668 1783 724 sorte
1805 676 1890 724 est
1915 674 1984 724 65
2017 659 2186 740 (Πῦ);
2211 668 2271 724 in
2301 674 2389 734 1‚3
2407 671 2514 724 Gr.
2539 667 2698 724 etiam
2726 664 2891 735 legitur

396 773 499 823 100
530 759 642 851 (Ρ),
672 767 766 823 ubi
793 769 963 842 Syrus
991 766 1159 824 habet
1185 774 1258 824 60
1283 759 1395 840 (0).

472 919 532 976 3.
564 949 645 962 -
674 916 1113 996 Geoyraphicae
1137 916 1544 978 difficultates
1561 962 1574 987 ‚
1599 915 1831 993 quibus
1858 915 2193 975 auctoritas
2221 913 2370 974 libri
2403 913 2816 991 impugnatur,
2837 925 2896 967 ex

396 1030 473 1073 eo
500 1013 904 1090 proveniunt,
938 1013 1107 1091 quod
1136 1013 1475 1072 adversarii
1504 1011 1583 1073 ad
1617 1010 1907 1072 hodierni
1934 1016 2142 1071 textus
2171 1011 2648 1088 corruptionem
2679 1024 2799 1068 non
2819 1022 2896 1064 sa-

398 1110 479 1168 tis
510 1109 869 1181 attendunt,
896 1115 1082 1188 atque
1113 1125 1299 1171 unam
1328 1113 1572 1170 tantum
1601 1107 1958 1170 Holofernis
1988 1106 2458 1186 expeditionem
2484 1104 2750 1166 describi
2777 1119 2896 1178 sup-

399 1210 669 1284 ponunt,
703 1205 855 1266 licet
882 1209 1150 1284 quatuor
1187 1204 1620 1286 expeditiones
1648 1205 1725 1265 ab
1757 1209 2010 1265 auctore
2042 1203 2534 1282 distinguantur.

466 1310 688 1378 Quanta
714 1310 789 1366 sit
817 1310 1106 1365 nominum
1138 1308 1637 1382 geographicorum
1673 1309 1983 1380 corruptio,
2014 1308 2338 1364 innumerae
2373 1321 2568 1362 eorum
2608 1305 2900 1375 discrepan-

395 1396 505 1451 tiae
531 1397 589 1452 in
628 1397 795 1453 variis
819 1397 1062 1454 textibus
1098 1405 1155 1452 et
1182 1396 1463 1453 codicibus
1489 1396 1636 1452 clare
1671 1393 2083 1462 demonstrant;
2114 1395 2442 1465 paucissima
2470 1393 2626 1448 enim
2655 1393 2712 1448 in
2745 1391 2901 1446 omni-

398 1483 501 1539 bus
518 1484 861 1541 versionibus
878 1485 1259 1551 consentiunt;
1280 1485 1642 1556 interpretum
1662 1491 1847 1539 autem
1867 1491 1923 1538 et
1939 1481 2292 1539 librariorum
2312 1495 2528 1537 errores
2549 1480 2762 1536 auctori
2777 1478 2905 1534 attri-

398 1571 568 1628 buere
580 1588 693 1628 non
715 1573 861 1629 licet.
886 1577 1149 1628 Attamen
1167 1571 1423 1628 omnibus
1440 1573 1561 1627 istis
1579 1569 2027 1642 corruptionibus
2045 1586 2159 1626 non
2178 1569 2526 1626 obstantibus
2544 1568 2786 1624 narratio
2801 1575 2908 1637 apte

398 1661 721 1730 explicatur,
752 1657 1055 1716 dummodo
1089 1668 1330 1733 quatuor
1359 1658 1676 1715 Holofernis
1705 1657 2082 1729 expeditiones
2110 1656 2536 1728 distinguantur.
2570 1657 2760 1713 Asiam
2785 1653 2907 1709 occi·

396 1747 675 1803 dentalem
705 1749 849 1803 enim
890 1746 1140 1820 redigere
1168 1749 1349 1804 iussus
1378 1763 1409 1802 a
1432 1747 1828 1818 septemtrione
1864 1747 2131 1816 incipiens
2164 1740 2355 1800 contra
2386 1744 2573 1800 Asiam
2612 1745 2749 1800 Min.
2779 1755 2908 1798 arma

400 1836 591 1900 vertit,
620 1836 931 1891 Melitenem
958 1835 1320 1908 expugnavit,
1354 1833 1596 1902 PisidaS,
1625 1833 1831 1906 Lydios
1850 1874 1865 1902 ‚
1889 1833 2086 1891 Cilices
2111 1831 2313 1888 devicit
2343 1837 2412 1900 (2,
2428 1837 2592 1888 12-23
2626 1835 2756 1900 Gr.,·
2781 1835 2908 1898 212.

404 1929 469 1980 13
503 1923 712 1995 Vulq.).
754 1924 875 1992 Quo
909 1930 1166 1994 tempore
1198 1923 1257 1978 in
1282 1921 1471 1978 Cilicia
1514 1921 1722 1977 bellum
1751 1921 2002 1993 gerebat,
2037 1919 2403 1992 Sammughes
2440 1923 2644 1992 aperte
2669 1917 2910 1975 rebellare

399 2009 610 2081 coepit,
636 2026 807 2082 quare
830 2010 1161 2066 Holofernes
1188 2008 1429 2065 secunda
1454 2007 1804 2081 expeditione
1827 2009 2288 2080 Mesopotamiam
2319 2022 2492 2078 usque
2511 2006 2583 2064 ad
2605 2007 2788 2064 sinum
2805 2021 2912 2076 per·

398 2097 575 2153 sicum
610 2096 837 2154 domare
879 2105 1213 2168 coactusest
1244 2101 1393 2165 (2‚24
1426 2099 1558 2164 Gr.,·
1582 2102 1714 2163 2‚14
1745 2097 1967 2170 Wolff).
1999 2095 2089 2151 Ad
2115 2095 2306 2151 Asiam
2331 2095 2655 2152 citeriorem
2681 2093 2910 2166 redigen·

398 2184 531 2241 dam
551 2201 803 2242 reversus
820 2185 1044 2240 tertiam
1064 2183 1471 2256 expeditionem
1494 2201 1527 2239 a
1546 2185 1734 2240 Cilicia
1756 2185 1956 2240 iterum
1979 2183 2249 2254 incipiens
2269 2183 2420 2256 prius
2439 2173 2657 2240 A'rabes
2674 2180 2914 2240 nomades

400 2275 576 2344 u'sque
602 2272 670 2328 ad
710 2272 1076 2339 Nabataeam,
1110 2270 1314 2328 deinde
1340 2271 1582 2338 Arabe8‚
1615 2272 1712 2345 qui
1739 2287 1912 2344 prope
1939 2273 2275 2327 Damascum
2312 2269 2535 2326 stabiles
2575 2270 2740 2327 sedes
2774 2269 2912 2325 habe-

401 2361 561 2428 bant,
596 2360 891 2416 debellavit
926 2365 1167 2430 (2,25-2⁷
1209 2363 1343 2430 Gr.‚·
1374 2365 1606 2424 2,15-1⁷
1641 2361 1842 2431 Vulq.)
1880 2368 2045 2430 atque
2083 2366 2238 2414 tanto
2276 2367 2492 2414 terrore
2529 2359 2672 2415 alios
2709 2357 2918 2432 populos

403 2448 657 2518 perculit,
680 2456 743 2504 ut
769 2464 963 2504 omnes
988 2446 1153 2503 urbes
1180 2447 1498 2504 maritimae
1520 2461 1552 2502 a
1578 2446 1751 2504 Sidon
1775 2462 1950 2518 usque
1977 2445 2049 2503 ad
2079 2447 2316 2502 Ascalon
2346 2448 2494 2502 ultro
2515 2463 2574 2503 se
2598 2449 2655 2503 ei
2676 2445 2918 2502 dederent

402 2541 701 2604 (2,28·3‚10
726 2539 861 2604 6η,-
888 2541 1167 2604 2,18-3,15
1202 2535 1423 2606 Vulq.).
1452 2534 1567 2591 Soli
1605 2533 1794 2591 Iudaei
1835 2535 2091 2590 resistere
2132 2533 2439 2603 audebant,
2467 2531 2716 2608 ¹ideoque
2749 2539 2918 2590 contra

397 2639 497 2679 eos
525 2633 780 2696 quartam
806 2622 1213 2695 expeditionem
1241 2623 1483 2694 suscepit
1504 2627 1614 2690 (4,1
1647 2625 1810 2694 sqq.),
1849 2621 1905 2676 in
1925 2637 2043 2696 *qua
2071 2621 2320 2678 devictus
2347 2630 2403 2677 et
2427 2623 2644 2678 occisus
2672 2631 2771 2678 est.

434 2805 439 2818 ·
481 2778 539 2833 4.
570 2809 649 2818 —
672 2773 851 2845 Quod
882 2774 935 2832 si
977 2773 1261 2834 nonnulli
1306 2773 1640 2844 obiiciunt,
1669 2777 1799 2832 tam
1839 2771 2230 2852 praeclaram
2269 2771 2552 2832 Iudithae
2601 2772 2918 2833 victoriam

402 2873 465 2928 in
495 2870 635 2929 aliis
658 2870 838 2930 libris
881 2869 1075 2929 sacris
1112 2887 1239 2930 non
1282 2869 1799 2941 commemorari,
1832 2873 2003 2928 recte
2033 2867 2484 2946 respondetur,
2520 2868 2648 2929 alia
2687 2881 2914 2947 quoque

403 2969 717 3042 praeclara
738 2967 1045 3026 beneficia
1073 2967 1287 3025 divina
1309 2966 1386 3025 ab
1414 2982 1541 3026 uno
1570 2965 1705 3024 solo
1730 2969 1982 3025 auctore
2013 2981 2187 3025 sacro
2223 2965 2477 3034 referri,
2511 2983 2720 3042 neque
2755 2965 2918 3042 plane

400 3061 650 3136 deesse,
685 3061 914 3139 quibus
938 3061 1212 3122 narratio
1238 3061 1382 3121 libri
1406 3060 1618 3121 Iudith
1647 3078 1790 3120 cum
1814 3061 2077 3138 reliquis
2107 3060 2285 3120 libris
2315 3065 2758 3122 connectatur.

470 3165 727 3221 Profecto
755 3166 805 3220 si
830 3165 967 3222 liber
994 3165 1192 3221 Esther
1218 3165 1543 3230 interiisset,
1575 3165 1712 3220 nihil
1748 3165 1977 3220 omnino
2007 3162 2077 3219 de
2115 3179 2318 3237 magno
2345 3163 2620 3220 beneficio
2649 3165 2921 3226 sciremus,

400 3268 512 3324 quo
539 3254 689 3308 Deus
715 3254 981 3325 populum
1009 3267 1172 3307 suum
1200 3252 1269 3309 ab
1297 3253 1498 3308 Amani
1541 3251 1922 3324 persecutione
1960 3251 2241 3320 liberavit,
2273 3252 2328 3306 in
2355 3251 2475 3308 solo
2507 3251 2770 3308 Indicum
2803 3250 2922 3306 libro

400 3349 910 3396 commemorantur
936 3341 1215 3396 Samsonis
1244 3340 1524 3412 praeclare
1557 3350 1739 3412 gesta;
1771 3357 1836 3396 ex
1867 3341 1985 3395 solo
2014 3339 2156 3395 libro
2186 3338 2342 3395 Ruth
2373 3339 2532 3396 nobis
2557 3340 2744 3397 filialis
2773 3340 2924 3411 pietas

402 3427 569 3506 liuius
596 3427 841 3483 mulieris
864 3436 919 3484 et
949 3427 1381 3484 semImoabitica
1416 3429 1572 3501 origo
1600 3427 1801 3484 domus
1829 3426 2130 3483 Davidicae
2157 3427 2524 3482 innotuerunt
2551 3436 2662 3484 etc.
2689 3429 2922 3485 Ceterum

402 3515 567 3572 isaias
601 3514 877 3586 praefecto
907 3516 1105 3571 domus
1134 3517 1318 3588 regiae
1350 3515 1591 3573 Eliakim
1621 3530 1938 3586 supremam
1967 3515 2356 3570 auctoritatem
2393 3513 2752 3587 praedicens,
2779 3525 2924 3584 atque

401 3612 597 3659 auctor
614 3603 1000 3674 Paralipomen
1022 3617 1255 3659 narrans
1282 3606 1580 3659 Manassen
1606 3618 1637 3657 e
1661 3603 1933 3673 captivate
1958 3602 2225 3657 reducem
2251 3601 2503 3658 civitates
2530 3605 2692 3676 regni
2719 3605 2802 3659 sui
2827 3617 2924 3657 mu·

403 3690 600 3746 nivisse
628 3699 733 3746 etc.
778 3690 961 3762 aliqua
991 3691 1203 3746 ratione
1243 3690 1619 3746 narrationem
1648 3697 1898 3745 nostram
1941 3705 2069 3745 cum
2117 3705 2276 3746 sacra
2311 3689 2541 3746 historia
2585 3697 2924 3748 connectunt.

400 3777 720 3836 Secundum
746 3776 1040 3834 nonnullos
1066 3778 1395 3848 interpretes
1425 3777 1648 3834 Nahum
1680 3776 1950 3849 propheta
1979 3776 2182 3832 diserte
2217 3777 2287 3832 de
2317 3775 2574 3834 Iudithae
2611 3780 2840 3836 victoria
2859 3777 2925 3832 lo·

400 3874 563 3922 cutus
588 3873 700 3934 θεῖς
731 3864 829 3922 sed
858 3865 986 3921 licet
1030 3865 1137 3921 hoc
1183 3863 1253 3920 ab
1298 3865 1418 3921 aliis
1457 3881 1574 3921 non
1610 3865 1966 3930 concedatur,
2009 3865 2236 3921 evidens
2286 3872 2480 3921 tamen
2517 3874 2636 3931 est,
2667 3866 2924 3923 silentium

402 3953 741 4025 reliquorum
768 3953 1099 4024 scriptorum
1122 3968 1406 4008 sacrorum
1436 3953 1652 4009 veritati
1673 3953 1966 4009 historicae
1993 3952 2120 4009 libri
2147 3953 2329 4008 nostri
2365 3953 2750 4018 nonobstare.

483 4105 539 4163 5.
568 4136 649 4146 —-
677 4101 769 4162 De
795 4101 935 4163 libri
970 4101 1176 4162 Iudith
1213 4107 1444 4180 oriqine
1475 4102 1634 4163 nihil
1665 4102 1820 4164 certi
1867 4106 1965 4164 est
2005 4103 2342 4176 traditum;
2383 4103 2922 4165 verisimilitudine

403 4204 617 4260 autem
657 4216 784 4258 non
817 4203 989 4259 caret
1027 4216 1246 4260 eorum
1288 4199 1671 4269 coniectura,
1721 4199 1831 4277 qui
1881 4217 2028 4261 eum
2065 4217 2284 4261 versus
2330 4200 2538 4260 exsilii
2577 4198 2919 4280 babylonici

403 4295 658 4355 initium
681 4312 719 4354 a
740 4295 967 4356 Iudaeo
996 4295 1440 4375 palaestinensi
1472 4295 1900 4376 conscriptum
1927 4313 2062 4356 esse
2101 4299 2378 4356 censent.

472 4399 639 4454 Omni
694 4415 921 4471 prorsus
979 4407 1309 4472 argumento
1354 4397 1752 4468 destituuntur,
1797 4400 1895 4472 qui
1937 4408 2037 4456 aut
2087 4399 2342 4456 Iudithae
2388 4400 2518 4472 ipsi,
2564 4409 2661 4457 aut
2701 4397 2924 4472 pontific·

402 4485 653 4551 Eliakim‚
683 4495 781 4542 aut
806 4487 1037 4543 Achiori
1058 4487 1188 4543 duci
1213 4487 1682 4556 Ammonitarum,
1704 4496 1801 4543 aut
1829 4501 2048 4543 summo
2077 4486 2353 4544 sacerdoti
2377 4489 2574 4545 iosuae
2599 4498 2706 4544 etc.
2737 4487 2924 4544 librum

401 4571 735 4642 attribuunt;
767 4573 1039 4630 Iudaeum
1078 4574 1539 4646 palaestinensem
1577 4573 1742 4630 fuisse
1779 4583 2061 4631 auctorem
2105 4590 2279 4646 quum
2317 4573 2607 4644 hebraica,
2653 4591 2764 4647 qua
2807 4585 2924 4627 usus

400 4668 499 4725 est,
534 4659 717 4732 lingua
756 4669 878 4717 tum
906 4671 1161 4718 accurata
1179 4705 1192 4728 ,
1221 4677 1389 4734 quam
1424 4662 1482 4717 in
1514 4661 1804 4718 Bethuliae
1835 4661 2204 4733 descriptione
2229 4661 2442 4732 prodit,
2471 4663 2726 4719 locorum
2747 4660 2922 4732 palae·
