3050 5184
362 243 479 301 110
626 258 778 301 ntsr.
824 257 1167 303 vensiontm
1208 258 1266 301 u,
1316 256 1375 298 τ.
1420 273 1501 285 —-
1542 256 1675 299 car.
1723 256 1783 299 v.
1833 255 1911 299 nn
1951 255 2120 299 vens.
2165 256 2300 299 Lu.
2347 251 2645 297 votens.

364 388 507 443 inter
532 404 581 443 a.
615 394 740 443 690.
771 397 829 443 et
854 394 979 444 716.
1013 388 1281 459 scriptum
1308 402 1455 455 esse3
1486 401 1519 441 a
1543 385 1824 444 ceolfrido
1853 386 2054 445 abbate
2077 388 2308 443 Summo
2331 382 2583 441 Pontifici
2611 380 2836 438 oblatus
2869 388 2938 435 et

362 474 419 529 in
462 474 741 531 Amiatiuo
778 476 1115 531 monasterio
1154 474 1249 529 diu
1288 482 1546 531 servatus
1586 473 1748 531 hodie
1787 476 1937 531 inter
1975 474 2211 547 κειμήλια
2247 471 2613 531 bibliothecae
2657 471 2936 526 Lauren-

366 564 547 618 tianae
572 564 887 619 Florentiae
928 562 1293 634 conspicitur;
1324 577 1519 617 omnes
1549 564 1856 635 Utriusque
1893 565 2041 618 Test.
2091 561 2262 619 libros
2297 568 2518 632 praeter
2551 556 2772 614 Baruch
2819 572 2936 611 ex-

364 648 535 705 hibet.
566 654 617 705 A
645 666 757 721 quo
785 665 889 706 nee
931 658 1183 721 tempore
1230 665 1333 705 nec
1375 650 1700 707 auctoritate
1744 650 1912 723 longe
1953 648 2120 706 distat
2167 648 2503 714 Talentum,
2535 647 2629 718 qui
2664 660 2817 701 saec.
2870 650 2934 699 8.

364 737 601 808 scriptus
646 737 815 793 etiam
858 744 1051 793 omnes
1094 737 1268 793 libros
1314 745 1534 807 praeter
1577 737 1795 795 Baruch
1845 738 2093 793 continet
2147 745 2206 793 et
2247 744 2405 792 textu
2458 732 2528 790 ad
2583 732 2938 788 amiatinum

367 839 536 895 prope
577 824 819 891 accedit;
860 823 1107 880 eiusdem
1149 824 1264 880 l'ere
1296 825 1491 881 aetatis
1520 825 1688 881 etiam
1719 834 1803 887 est
1839 828 2104 881 cavensis
2134 826 2229 891 (U.
2264 826 2328 878 T.
2361 838 2489 878 cum
2515 819 2788 888 Barueh),
2821 817 2938 874 sed

367 910 703 983 singularem
730 919 914 969 textus
943 912 1323 968 recensionem
1352 911 1539 968 habet.
1570 911 1682 967 Alii
1717 910 1936 973 codices
1976 917 2119 967 saec.
2167 918 2218 967 8.
2269 910 2608 987 antiquiores
2649 923 2766 962 non
2815 907 2942 961 nisi

370 986 1003 1069 partes‘Scripturarum
1046 999 1333 1055 continent
1381 1018 1395 1054 ι
1440 1000 1866 1055 Foroiuliensis
1907 1014 2051 1054 saec.
2101 1004 2154 1054 6.
2205 1008 2416 1070 partem
2461 996 2935 1068 Evangeliorum,

372 1088 511 1139 Otto
520 1086 811 1141 bonianus
829 1101 969 1141 saec.
991 1093 1044 1142 8.
1068 1085 1472 1142 Oetateuchum
1487 1129 1501 1155 ,
1525 1086 1613 1142 eui
1641 1088 1814 1141 multa
1836 1103 1903 1143 ex
1924 1086 2148 1158 antiqua
2169 1087 2418 1142 versione
2445 1084 2787 1140 intermiscet
2807 1091 2934 1139 etc.

369 1174 602 1227 Textum
629 1172 699 1228 ab
728 1174 963 1229 Alcuino
992 1182 1301 1229 correctum
1332 1173 1595 1230 exhibent
1619 1174 1916 1231 Paulinus
1941 1175 2026 1233 vel
2057 1174 2374 1230 carolinus
2403 1180 2460 1227 et
2481 1172 2802 1228 Statianus
2837 1170 2938 1225 vel

374 1258 807 1317 Vallicellanus
842 1276 988 1317 saec.
1024 1266 1077 1317 9.
1110 1262 1405 1333 conscripti
1442 1262 1645 1331 aliique
1681 1263 1943 1318 iunioreS.
1981 1264 2218 1321 Textum
2253 1263 2310 1317 S.
2350 1261 2500 1315 Petri
2528 1259 2787 1315 Damiani
2823 1274 2938 1314 co-

370 1345 522 1402 dices
558 1346 729 1419 aliqui
769 1348 988 1404 romani
1031 1348 1196 1418 (inter
1222 1364 1364 1421 quos
1400 1349 1728 1419 praecipuus
1766 1350 1824 1404 in
1860 1348 2192 1407 bibliotheca
2219 1350 2278 1405 S.
2307 1349 2514 1404 Mariae
2540 1345 2613 1402 ad
2638 1348 2938 1417 Martyroe

372 1438 703 1503 asservatur)
731 1436 953 1493 tradere
980 1444 1295 1505 censentur,
1337 1452 1512 1509 quare
1556 1438 1800 1494 recensio
1827 1436 1944 1507 ipsa
1990 1436 2272 1495 interdum
2301 1449 2534 1491 romana
2576 1434 2934 1506 appellatur.

373 1521 509 1577 inde
538 1538 569 1579 a
598 1539 743 1580 saec.
778 1530 865 1580 14.
896 1522 1101 1595 duplex
1144 1523 1433 1581 dumtaxat
1460 1523 1822 1596 distinguitur
1861 1524 2117 1581 codicum
2146 1525 2363 1591 clasniS,
2396 1523 2660 1579 italorum
2688 1530 2748 1577 et
2787 1538 2936 1593 ger-

370 1611 745 1681 manicorum,
779 1627 1018 1683 quorum
1050 1613 1263 1683 priores
1289 1611 1473 1669 colore
1500 1611 1672 1668 latino
1699 1613 1925 1684 puriore
1951 1620 2219 1683 superant
2242 1612 2605 1684 posteriores,
2637 1607 2739 1665 sed
2765 1608 2935 1665 idem

372 1695 505 1765 l'ere,
536 1699 583 1753 si
608 1698 679 1754 ad
707 1700 889 1755 solum
917 1714 1139 1755 sensum
1164 1699 1435 1768 attendis,
1464 1700 1523 1755 in
1554 1700 1801 1771 utrisque
1825 1710 1908 1756 est
1935 1709 2119 1756 textus
2147 1699 2520 1771 (parisiensis).

451 1848 510 1906 3.
538 1881 619 1890 —
646 1848 933 1907 Primum
951 1894 964 1917 ,
1000 1848 1169 1925 quod
1194 1865 1496 1926 umquam
1536 1848 1706 1927 typis
1733 1852 1831 1910 est
1862 1849 2250 1927 descriptum
2271 1894 2285 1919 ‚
2320 1865 2480 1925 opus
2507 1847 2631 1909 fuit
2651 1846 2934 1923 Vulgata

374 1941 755 2021 (Moguntiae
796 1942 1001 2022 1450.)
1035 1944 1429 2023 primamque
1462 1945 1640 2005 illam
1666 1945 2016 2007 editionem
2045 1949 2188 2007 ante
2219 1944 2451 2005 saeculi
2475 1946 2574 2005 15.
2601 1944 2794 2003 finem
2821 1962 2932 2003 se-

375 2042 553 2099 cutae
580 2044 727 2099 sunt
754 2040 913 2101 aliae
940 2040 1071 2100 fere
1102 2045 1385 2115 centum,
1421 2058 1688 2119 quarum
1717 2043 2005 2103 omnium
2035 2045 2244 2102 textus
2260 2088 2275 2114 ,
2305 2045 2528 2119 utpote
2553 2057 2630 2101 ex
2653 2040 2932 2101 iuniori-

375 2135 495 2195 bus
512 2135 839 2197 codicibus
856 2136 1185 2198 desumtus
1199 2155 1326 2198 non
1345 2140 1561 2216 magni
1583 2138 1939 2199 estvaloris.
1957 2139 2050 2198 Ab
2069 2140 2324 2198 ineunte
2345 2136 2606 2214 quidem
2628 2152 2798 2197 saec.
2817 2138 2926 2196 16.

375 2232 577 2291 maior
622 2249 768 2292 cura
803 2233 1229 2311 emendandae
1258 2233 1562 2311 Vulgatae
1609 2234 1893 2313 impendi
1938 2240 2162 2312 coepta
2200 2238 2326 2308 est,
2357 2233 2466 2293 sed
2510 2250 2658 2293 mox
2697 2240 2932 2297 exorto

376 2330 887 2404 protestantismo
914 2347 1044 2389 non
1072 2333 1317 2390 tantum
1347 2334 1676 2391 novatores
1703 2331 1813 2391 sed
1845 2332 2034 2390 etiam
2065 2331 2259 2408 aliqui
2284 2329 2574 2391 catholici
2604 2328 2933 2407 interpre-

374 2429 469 2483 tes
498 2425 630 2485 sive
670 2424 845 2485 novis
886 2424 1103 2486 latinis
1139 2426 1655 2488 translationibus
1695 2445 1770 2487 ex
1797 2427 2070 2489 hebraeo
2101 2430 2164 2487 et
2186 2444 2411 2505 graeco
2437 2424 2764 2486 adornatis
2789 2428 2932 2486 sive

374 2520 675 2597 Vulgatae
724 2521 1099 2583 lectionibus
1155 2523 1234 2583 ad
1276 2524 1657 2603 primigenia
1695 2524 2084 2601 exemplaria
2126 2523 2418 2584 licentius
2470 2522 2804 2583 recensitis
2867 2527 2934 2583 et

376 2617 629 2676 mutatis
659 2634 955 2696 magnam
982 2623 1186 2681 textus
1217 2620 1373 2680 sacri
1405 2620 1923 2681 incertitudinem
1958 2620 2354 2692 invexerunt,
2391 2618 2544 2679 dum
2568 2618 2756 2697 pauci
2784 2624 2930 2679 tan-

376 2717 513 2773 tum
539 2714 878 2791 genuinam
902 2715 964 2775 S.
994 2716 1360 2794 Hieronymi
1386 2716 1741 2777 versionem
1765 2718 2101 2777 restituere
2129 2719 2274 2776 sunt
2304 2716 2533 2776 conati.

443 2826 614 2881 Primi
636 2828 1047 2898 seripturarum
1072 2828 1317 2885 editores
1340 2828 1411 2884 de
1437 2838 1698 2885 accurata
1719 2837 1903 2885 textus
1923 2828 2068 2885 sacri
2088 2828 2466 2901 recognitione
2484 2842 2683 2899 parum
2702 2828 2932 2885 solliciti

377 2913 646 2985 primum,
678 2930 843 2987 quem
876 2915 989 2971 l'ors
1014 2914 1241 2985 obtulit,
1274 2916 1523 2973 codicem
1553 2926 1652 2973 aut
1685 2917 1969 2987 exemplar
1995 2917 2110 2973 iam
2133 2916 2464 2988 impressum
2491 2931 2592 2986 pro
2617 2912 2931 2989 archetypo

392 3011 790 3081 adhibuerunt,
824 3020 989 3083 atque
1023 3011 1121 3067 illa
1145 3010 1265 3082 ipsa
1296 3011 1502 3077 Biblia,
1538 3028 1681 3084 quae
1713 3010 1844 3067 inde
1872 3011 1942 3067 ab
1977 3026 2029 3068 a.
2061 3016 2220 3068 14⁷0.
2258 3032 2283 3063 α
2323 3011 2569 3069 sontibus
2597 3026 2666 3069 ex
2693 3014 2942 3085 graeciS,

392 3100 774 3156 Hebraeorum
820 3114 1043 3170 quoque
1088 3098 1269 3168 libris,
1315 3100 1613 3156 emendata
1651 3100 1786 3157 satis
1823 3108 1879 3155 et
1917 3098 2180 3157 decorata
2219 3100 2384 3157 simul
2425 3122 2452 3155 u
2489 3116 2609 3157 sese
2641 3100 2938 3167 dixerunt,

382 3196 785 3267 subscriptione
802 3197 910 3253 hae
938 3207 1179 3255 emtores
1206 3199 1427 3255 allicere
1456 3199 1748 3257 dumtaxat
1769 3201 2084 3274 yoluerunt.
2115 3202 2338 3257 Primus
2356 3201 2494 3257 Alb.
2526 3202 2934 3265 castellanus,

380 3283 447 3337 O.
479 3284 677 3340 Praed.
694 3324 711 3351 ‚
756 3282 982 3340 editioni
1028 3300 1159 3342 suae
1201 3287 1467 3354 (venetiis
1514 3292 1672 3355 1506)
1714 3288 1894 3345 varias
1939 3288 2205 3346 lectiones
2251 3287 2467 3345 addidit
2512 3296 2679 3359 atque
2717 3289 2938 3359 primus

381 3378 587 3439 textus,
621 3372 718 3442 qui
746 3371 1072 3429 emendatus
1098 3374 1217 3430 iure
1245 3384 1495 3441 vocatur,
1522 3385 1604 3431 cst
1627 3376 2041 3448 complutensis
2069 3380 2140 3443 (a.
2183 3382 2371 3446 1517),
2403 3375 2638 3432 eandem
2661 3374 2838 3446 viam,
2873 3384 2939 3431 ut

380 3474 449 3513 ex
476 3456 758 3513 codicibus
786 3467 998 3517 textum
1026 3462 1396 3533 corrigerent,
1436 3471 1628 3533 postea
1663 3472 1964 3519 tenuerunt
2000 3472 2196 3519 auctor
2223 3462 2482 3519 editionis
2523 3464 2939 3535 'lictor-pinnae

384 3545 665 3611 (Coloniae
710 3552 868 3613 1530)
913 3564 977 3603 ac
1003 3550 1329 3621 praesertim
1370 3551 1514 3605 Rob.
1561 3550 1897 3623 Stephanus
1937 3550 2178 3617 (Parisiis
2223 3556 2359 3607 1528
2387 3558 2446 3607 et
2472 3550 2742 3621 saepius),
2777 3551 2940 3605 cuius

382 3630 549 3688 editio
578 3649 632 3688 a.
674 3640 831 3689 1540.
863 3644 1051 3705 postea
1088 3652 1122 3693 a
1164 3637 1596 3693 Lovaniensibus
1631 3646 1932 3695 retractata
1969 3646 2052 3693 est
2081 3636 2187 3711 (cfr
2213 3640 2246 3707 ς
2276 3642 2442 3708 19‚1).
2486 3639 2706 3693 Interea
2744 3646 2938 3693 autem

378 3728 572 3775 exorto
599 3723 1053 3791 protestantismo
1074 3734 1389 3794 novatores,
1423 3726 1517 3799 qui
1541 3725 1836 3797 vulgatam
1867 3734 2225 3798 respuerunt,
2257 3735 2354 3781 aut
2380 3740 2555 3780 novas
2581 3724 2783 3780 latinas
2813 3740 2938 3781 ver-

382 3809 565 3863 siones
602 3808 706 3863 sibi
731 3808 1079 3867 adornarunt
1114 3822 1211 3868 aut
1238 3814 1511 3887 vulgatae
1547 3821 1760 3869 textum
1803 3812 1878 3869 ad
1909 3812 2245 3885 exemplaria
2274 3812 2630 3885 primigenia,
2660 3812 2840 3867 immo
2867 3812 2936 3867 ad

384 3897 558 3965 ipsam
583 3895 817 3951 Lutheri
844 3899 1157 3955 versionem
1199 3901 1573 3973 germanicam
1611 3909 1830 3957 mutare
1857 3915 1970 3955 non
1999 3898 2341 3959 dubitarunt.
2385 3898 2704 3956 Dolendum
2747 3908 2939 3955 autem

385 3998 553 4053 quam
597 3984 837 4039 maxime
880 3994 990 4051 est,
1029 3985 1178 4058 quod
1224 3988 1282 4042 in
1328 3988 1433 4045 hac
1478 3989 1565 4043 via
1607 4004 1873 4061 sequaces
1920 3986 2214 4044 habuerint
2255 3986 2561 4043 catholicos
2604 3985 2928 4059 theologos;

384 4072 597 4128 Santes
614 4074 920 4143 Paqm‘nus
946 4083 1202 4129 accurate
1230 4076 1442 4147 singula
1464 4075 1631 4132 verba
1649 4084 1916 4131 textuum
1945 4074 2396 4147 primigeniorum
2423 4074 2732 4145 exprimere
2757 4088 2932 4131 cona-

386 4166 473 4213 tus
498 4167 583 4215 est
610 4158 759 4216 haud
786 4158 994 4217 infelici
1022 4177 1149 4217 cum
1178 4178 1436 4217 successu
1466 4163 1745 4234 (Lugduni
1773 4168 1934 4219 1526.
1962 4171 2018 4218 et
2039 4161 2405 4235 saepissime),
2436 4160 2714 4218 infelicior
2739 4162 2930 4219 Βανά.

387 4246 725 4315 Caietanus,
755 4264 929 4319 quum
952 4248 1267 4321 linguarum
1300 4248 1591 4305 hebraicae
1615 4258 1672 4305 et
1701 4266 1930 4321 graecae
1957 4250 2179 4321 ignarus
2202 4258 2362 4319 esset,
2395 4266 2424 4305 a
2455 4248 2664 4306 Iudaeo
2687 4250 2932 4322 quodam

386 4331 605 4389 adiutus
632 4343 848 4391 textum
872 4335 976 4392 sibi
1003 4336 1321 4405 adornavit,
1354 4352 1519 4407 quem
1551 4337 1850 4408 explicaret
1891 4340 2125 4405 (Romae
2157 4343 2311 4394 1531.
2359 4342 2538 4409 sqq),
2569 4336 2931 4395 infelicissimi

383 4422 726 4492 Euyubz‘nus
742 4423 1023 4479 steuchus
1046 4423 1309 4491 (venetiis
1333 4426 1534 4495 1529.)‚
1557 4426 1818 4481 Isidorus
1841 4426 2085 4482 Clarius
2115 4426 2183 4482 Ο.
2215 4426 2272 4482 S.
2301 4426 2437 4481 Ben.
2463 4425 2728 4495 (venetiis
2749 4430 2928 4493 1542.)

384 4508 585 4579 aliique
613 4509 909 4582 vulgatam
942 4511 1168 4583 proprio
1196 4512 1377 4567 Marte
1401 4519 1691 4568 mutarunt
1715 4529 1970 4586 novaque
1997 4529 2096 4569 sua
2128 4528 2298 4585 opera
2333 4512 2436 4569 sub
2462 4513 2736 4585 vulgatae
2767 4512 2929 4571 titulo

382 4610 687 4669 propagare
717 4599 833 4653 ausi
862 4606 1005 4653 sunt.
