3050 5184
673 375 749 419 DE
791 375 1154 421 APOGRYPms
1195 377 1442 420 vmmus
1485 377 1879 422 TESTAMENTI.
2468 353 2542 421 51

115 501 204 555 omli
224 503 280 558 ad
303 520 418 560 eum
441 507 723 576 pervenire
757 516 1076 580 potuerunt.
1115 511 1408 565 Praeterea
1445 509 1547 564 etsi
1584 507 1749 564 hodie
1784 510 1841 564 in
1878 507 2195 582 apocrypho
2228 509 2415 564 libello
2453 523 2549 564 ae-

113 587 286 660 thiopico
307 591 459 650 verba
483 594 606 660 illa,
637 611 780 667 quae
807 597 862 650 S.
896 595 1063 651 ludas
1096 595 1288 662 habet,
1322 597 1598 669 legantur,
1630 596 2053 652 incertissimum
2090 605 2200 661 est,
2234 613 2371 651 num
2404 611 2546 652 sem-

115 691 176 743 per
201 679 244 731 in
277 695 333 734 eo
369 679 664 752 adfuerint,
702 699 776 738 an
813 684 996 754 potius
1035 691 1225 756 postea
1261 683 1404 740 libro
1441 684 1739 740 terminato
1778 699 1845 739 ex
1882 685 2135 756 Apostoli
2177 685 2405 756 epistola
2446 685 2556 739 sint

115 763 274 836 inserta,
298 776 416 838 apto
443 769 588 825 enim
615 785 744 826 cum
775 770 1228 843 praecedentibus
1256 780 1322 826 et·
1334 771 1795 844 consequentibus
1822 787 1967 828 nexu
1988 773 2048 828 in
2076 771 2557 843 aethiopico'libro

112 862 255 908 ment.
287 883 350 896 -
377 858 452 912 Ex
488 861 836 914 Ascensz‘one
870 859 1088 932 Moysis
1119 859 1379 916 haustum
1416 875 1535 916 esse
1573 859 1758 915 Iudae
1796 867 1857 930 7,
1900 868 2230 930 putaverunt
2271 860 2553 932 OrigeneS,

115 937 318 1011 Didymus
341 945 590 1014 Oecum.,
615 954 672 1002 et
698 961 764 1002 ex
793 947 1160 1021 Apocalypsi
1186 949 1404 1019 Moysis
1429 947 1484 1004 S.
1509 949 1745 1004 Paulum
1769 947 2015 1003 hausisse
2041 947 2177 1003 Gal.
2210 953 2303 1016 5,6
2333 955 2387 1002 et
2407 953 2555 1014 6‚15,

115 1040 375 1086 mnarum
397 1033 628 1089 Photius
653 1043 708 1089 et
733 1035 964 1108 Gregor.
998 1037 1161 1108 Sync.
1179 1059 1194 1106 ς
1213 1035 1323 1092 sed
1349 1051 1460 1107 quo
1489 1051 1619 1091 cum
1646 1036 1763 1090 iure
1792 1035 1927 1091 haec
1950 1044 2286 1104 asserantur,
2318 1051 2431 1090 non
2459 1051 2559 1106 ap-

120 1123 227 1180 paret.
243 1118 422 1174 Prioris
448 1121 752 1194 apocryphi
771 1132 1065 1195 supersunt
1089 1123 1396 1196 fragmenta
1425 1123 1627 1191 latina;
1652 1132 1897 1179 ceterum
1916 1125 2105 1178 Patres
2135 1137 2327 1178 omnes
2347 1131 2559 1177 utrum-

123 1216 184 1268 qne
203 1203 413 1262 libellum
437 1223 656 1280 semper
681 1211 1006 1284 apocryphis
1033 1209 1486 1268 adnumerarunt.
1517 1243 1591 1252 -
1614 1210 1700 1267 Ad
1722 1211 2129 1266 Ascensz'onem
2157 1211 2383 1274 Isaiae,
2416 1226 2558 1282 quae

132 1289 330 1362 iahiopice
372 1294 552 1352 adhuc
596 1307 801 1366 exstat,
849 1299 905 1354 S.
953 1299 1158 1355 Paulus
1204 1301 1506 1371 respexisse
1552 1297 1772 1366 dicitur,
1818 1297 1912 1354 ubi
1959 1298 2028 1353 de
2071 1297 2354 1370 prophetis
2398 1297 2559 1352 sectis

139 1377 244 1432 Ἠών.
269 1387 436 1452 11,37)
456 1393 512 1439 et
532 1383 604 1441 de
623 1386 816 1441 salutis
843 1387 1148 1443 messianae
1175 1385 1512 1443 obscuritate
1537 1391 1587 1454 (1
1624 1390 1755 1444 Cor.
1792 1391 1905 1455 2‚9)
1928 1387 2203 1458 loquitur;
2233 1385 2563 1457 martyrium

137 1463 212 1518 ain
235 1469 512 1540 prophetae
547 1472 606 1528 in
651 1475 858 1545 priore,
900 1475 1134 1530 visiones
1171 1475 1288 1530 eius
1325 1473 1600 1547 quaedam
1636 1473 1707 1530 de
1743 1473 1915 1548 gloria
1960 1475 2113 1543 regni
2154 1473 2463 1528 messianici
2502 1472 2563 1526 in

133 1549 228 1606 &len
249 1555 402 1614 libelli
433 1569 590 1630 parte
617 1559 951 1618 referuntur.
981 1563 1090 1618 Alii
1116 1563 1328 1634 antiqui
1354 1562 1651 1634 scriptores
1674 1561 1842 1618 verba
1874 1561 1973 1617 illa
2013 1561 2082 1616 de
2119 1562 2301 1616 salute
2330 1559 2563 1615 messia-

129 1651 196 1693 mm
211 1646 246 1706 {1
273 1649 390 1700 Cor.
418 1651 538 1717 2,9)
567 1665 632 1703 ex
668 1647 836 1706 Eliae
863 1651 1226 1722 Apocalypsi
1253 1649 1506 1706 desumta
1536 1649 1755 1714 dicunt,
1782 1665 1849 1705 ex
1878 1664 1987 1721 qua
2024 1647 2189 1704 etiam
2226 1647 2421 1704 hausta
2456 1648 2566 1702 sint

124 1725 353 1802 fpk.5‚143
379 1735 475 1791 sed
505 1735 656 1792 hunc
683 1753 902 1793 versum
924 1737 1156 1795 Photius
1181 1739 1240 1794 in
1269 1739 1608 1811 apocrypho
1636 1738 1921 1793 Ieremiae
1947 1737 2173 1792 invenit.
2201 1735 2419 1791 Scilicet
2436 1749 2563 1805 apo-

121 1816 364 1883 erp-phorum
387 1825 777 1894 compilatores
793 1827 1059 1882 nonnulla
1077 1825 1246 1882 verba
1266 1825 1548 1882 interdum
1566 1841 1635 1882 ex
1662 1824 1939 1881 canonicis
1958 1825 2258 1896 scripturis
2279 1832 2564 1878 transum-

119 1913 262 1970 ⁵³f¹¹¹¹t‚
295 1917 350 1964 ut
373 1909 686 1968 fictionibus
713 1913 825 1969 suis
851 1915 1118 1970 maiorem
1148 1914 1535 1970 auctoritatem
1572 1913 1958 1982 conciliarent3
1986 1915 2180 1967 Patres
2210 1919 2397 1966 autem
2431 1911 2560 1982 ipsi,

119 1990 176 2054 qui
193 1990 243 2046 de
260 1997 510 2054 eiusmodi
535 1999 688 2056 libris
715 2001 1046 2074 apocryphis
1071 2001 1320 2074 allegatis
1347 2002 1672 2074 loquuntur,
1704 2000 1829 2056 ideo
1858 2001 1936 2056 eis
1964 2001 2235 2056 maiorem
2262 1998 2562 2054 auctorita—

117 2083 188 2131 tem
202 2095 290 2136 non
311 2085 693 2143 attribuerunt.
723 2089 908 2158 Quare
929 2088 1080 2144 hisce
1106 2089 1388 2146 immorari
1416 2105 1557 2160 opus
1582 2104 1695 2144 non
1722 2096 1821 2144 est.

165 2274 204 2329 'a
225 2307 288 2318 —
306 2278 492 2348 Quam
511 2282 788 2360 plurima
803 2282 925 2343 alia
943 2283 1297 2362 apocrypha
1314 2283 1559 2344 Veteris
1576 2283 1742 2342 Test.
1768 2282 1923 2342 olim
1943 2281 2560 2352 circumferebantur,

117 2365 188 2426 sed
207 2387 236 2428 a
255 2375 408 2436 nullo
437 2378 867 2439 ecclesiastico
899 2380 1031 2440 viro
1061 2381 1124 2440 in
1159 2381 1394 2440 honore
1423 2379 1845 2451 habebantur;
1878 2378 2183 2440 nonnulla
2214 2395 2291 2437 ex
2313 2376 2559 2456 pauciS,

118 2477 223 2564 quae
244 2475 558 2548 superstita
581 2480 762 2548 sunt,
789 2476 974 2536 statui
1001 2493 1210 2536 rerum
1232 2522 1246 2548 ,
1271 2477 1378 2553 qui
1408 2476 1632 2554 primis
1662 2475 1928 2536 saeculis
1957 2475 2074 2535 suit
2090 2520 2104 2546 ,
2129 2472 2563 2552 cognoscendo

121 2566 346 2626 mservire
372 2575 655 2647 possunt.

133 2683 312 2772 ..xdami
342 2699 394 2745 et
417 2693 592 2756 Evae,
619 2693 810 2750 Abelis
836 2703 892 2750 et
919 2693 1100 2760 Sethi,
1132 2697 1250 2750 Noe
1278 2696 1504 2766 eiusque
1527 2694 1715 2749 uxoris
1740 2693 1943 2748 Noriae
1975 2702 2083 2748 etc.
2109 2700 2219 2748 etc.
2250 2691 2565 2748 nominibus

119 2764 200 2822 hbri
215 2774 409 2842 quidam
431 2779 567 2836 olim
597 2779 820 2837 fuerunt
844 2782 1113 2852 inscripti,
1139 2782 1237 2838 sed
1259 2797 1355 2838 eos
1379 2797 1703 2838 enumerare
1727 2780 2068 2851 superfluum
2090 2788 2193 2836 est.
2224 2781 2450 2835 Praeter
2477 2795 2561 2842 ea,

119 2860 320 2924 ‘lmiam
345 2868 770 2938 nominavimus,
802 2869 966 2926 hodie
1003 2877 1300 2940 supersunt
1335 2869 1489 2926 liber
1516 2868 1926 2924 lubilaeorum
1966 2867 2053 2923 vel
2076 2883 2274 2940 parva
2303 2867 2560 2932 Genesis,

125 2943 416 3010 Testamenta
442 2955 760 3012 duodecim
791 2958 1318 3029 patriarcharum,
1348 2957 1741 3029 Apocalypsis
1774 2961 1831 3010 et
1858 2955 2119 3028 epistola
2144 2955 2387 3010 Baruclt
2420 2957 2567 3020 (cum

122 3035 288 3092 'leonino
319 3039 453 3098 libro
483 3059 598 3098 non
623 3045 840 3100 Baruch
868 3045 1305 3113 confundenda),
1344 3045 1741 3118 Apocalypsis
1779 3042 2019 3099 Esdrae
2055 3043 2311 3110 (imitatio
2348 3049 2401 3098 4.
2442 3042 2567 3098 libri

121 3114 308 3192 Emtae),
331 3127 580 3188 historia
607 3133 859 3188 Asenetlt
883 3135 1069 3190 uxoris
1091 3133 1290 3204 Ioseph
1319 3141 1424 3189 etc.

548 3321 584 3403 ἕ
615 3325 722 3386 10.
755 3357 844 3369 -
869 3321 966 3385 De
997 3318 1405 3408 apocryph&
1433 3319 1613 3386 Novi
1640 3319 2060 3385 Testamenti.

181 3519 218 3576 ¹-
239 3556 303 3568 —
327 3529 524 3591 Primo
555 3532 696 3594 loco
725 3531 1128 3592 nominentur
1152 3534 1402 3610 oportet
1423 3531 1603 3605 libri,
1636 3529 1745 3607 qui
1784 3529 1937 3590 olim
1971 3527 2138 3607 apud
2173 3528 2419 3605 aliquos
2456 3531 2572 3588 Pa-

128 3611 211 3672 “08
243 3635 506 3702 magnam
543 3629 986 3690 auctoritatem
1021 3627 1339 3692 habebant
1379 3643 1775 3705 quorumque
1822 3626 2105 3686 nonnulli
2150 3625 2342 3685 etiam
2385 3625 2575 3685 hodie

131 3719 286 3786 mgna
309 3737 408 3781 sua
433 3725 705 3784 utilitate
734 3741 860 3784 non
891 3727 1135 3799 carent,
1175 3725 1290 3784 etsi
1323 3723 1514 3784 divini
1546 3740 1673 3783 non
1702 3723 1849 3783 sint.
1884 3725 2037 3784 Cum
2058 3722 2298 3782 honore
2323 3740 2360 3783 a
2380 3723 2578 3782 Patri-

131 3797 207 3862 bus
233 3809 518 3880 interdum
561 3820 970 3882 nominantur
1001 3821 1282 3899 Epistola
1324 3819 1401 3880 D.
1443 3819 1525 3881 N.
1560 3821 1643 3880 ad
1682 3821 1885 3896 Abqar
1908 3835 2125 3896 regem
2167 3817 2468 3892 Edessae,
2500 3853 2577 3863 -

135 3895 368 3984 Lituryiae
388 3917 430 3976 S
445 3917 508 3977 S.
540 3915 754 3992 Petri,
785 3916 1020 3992 Iacchi,
1052 3918 1375 3985 Matthaei,
1405 3915 1633 3988 Marci,
1660 3950 1738 3960 —
1764 3917 2059 3976 Doctrina
2084 3915 2397 3976 duodecim
2425 3919 2579 3992 Apo-

139 3998 376 4100 {tola-um,
403 4011 572 4074 Duae
595 4019 726 4075 viae
749 4017 847 4074 vel
866 4013 1168 4075 Iudicium
1195 4015 1393 4087 Petri,
1431 4015 1895 4074 Constitutiones
1916 4019 1979 4073 et
2014 4013 2289 4074 Canones
2326 4013 2578 4090 Aposto-

140 4103 292 4172 ¹⁰'“m‚
317 4138 386 4150 -
411 4109 820 4188 Evanqeltum
856 4112 1186 4172 secundum
1221 4109 1523 4170 Hebraeos
1550 4111 1651 4169 vel
1684 4108 2171 4184 Nazaraeorum,
2199 4142 2277 4152 —
2298 4107 2365 4167 S.
2397 4111 2583 4168 Pauli

137 4193 346 4260 'fistolae
380 4206 462 4266 ad
503 4209 918 4282 Laodicenses,
965 4210 1002 4267 3
1043 4207 1125 4268 ad
1173 4206 1537 4277 Corinthios,
1588 4207 1669 4266 ad
1712 4209 2001 4268 Senecam
2047 4203 2137 4285 (et
2188 4205 2457 4265 Senecae
2505 4205 2581 4263 ad

139 4281 366 4436 Ppaulmn)‚
391 4335 464 4345 —-
487 4305 759 4383 Epistola
784 4305 851 4366 S.
887 4304 1234 4378 Barnabae,
1257 4305 1322 4365 S.
1361 4303 1674 4366 Clementis
1698 4303 1864 4364 Rom.
1898 4320 1988 4380 ep.
2029 4305 2058 4362 1
2098 4302 2180 4361 ad
2208 4295 2577 4373 Corinthios,

176 4392 298 4447 Νῦν
317 4393 577 4462 Hermae.

189 4506 343 4580 Abgari
373 4521 649 4590 epistolam
682 4521 759 4578 ad
794 4523 1096 4580 Dominum
1133 4521 1201 4578 N.
1242 4521 1601 4594 Dominique
1636 4526 1707 4579 Ν.
1756 4521 2191 4592 responsionem
2238 4515 2582 4573 authenticas

145 4583 377 4659 habuerunt
399 4607 684 4676 Eusebius,
714 4612 774 4667 S.
799 4610 1096 4683 Ephraem,
1129 4611 1312 4666 Moses
1340 4609 1735 4674 Chorenensis‚
1768 4609 2004 4679 scriptor
2032 4621 2290 4663 armenus
2318 4621 2461 4662 saec.
2494 4611 2544 4660 5.
2567 4628 2582 4674 3

145 4673 330 4746 Gelasius
350 4694 389 4749 1.
417 4706 596 4754 autem
630 4714 724 4756 eas
759 4697 903 4756 inter
937 4699 1252 4773 apocrypha
1280 4699 1470 4756 retulit
1507 4701 1692 4764 (Dect.
1734 4695 1804 4752 de
1842 4695 2012 4765 recip.
2049 4695 2245 4761 libris).
2282 4724 2353 4736 --
2380 4695 2586 4750 Licur-
