3050 5184
755 330 833 373 nn
877 329 1036 373 unm
1078 330 1239 373 nuru
1281 329 1679 387 mannen-ro,
1732 328 1879 373 rme
1922 327 2056 371 mc.
2564 312 2675 371 237

151 458 490 539 Samuelem
521 460 657 520 eius
693 458 1028 523 auctorem
1060 478 1198 522 esse
1229 461 1573 522 dicendum
1621 465 1827 541 patet3
1861 477 2081 521 revera
2120 459 2177 521 ei
2222 459 2457 519 librum
2498 458 2676 517 attri-

151 555 408 616 buerunt
433 558 677 635 antiqui
696 558 905 618 ludaei
922 604 937 629 ‚
971 576 1133 636 quos
1163 574 1310 618 cum
1336 558 1398 617 S.
1427 558 1671 617 Isidoro
1696 558 1871 635 Hisp.
1902 560 2255 634 sequuntur
2279 556 2563 633 plerique
2589 555 2679 613 in-

32 644 35 707 4
150 656 440 729 terpretes
467 654 879 730 antiquiores.
919 657 1136 732 Neque
1168 660 1266 715 est
1293 654 1594 725 dubium,
1628 654 1783 733 quin
1813 653 1970 713 haec
2007 652 2319 713 sententia
2356 652 2678 711 modernis

32 708 35 833 l
154 748 514 810 coniecturis
554 751 948 828 probabilior
981 751 1091 824 sit,
1122 751 1350 828 quibus
1382 750 1820 828 protestantici
1861 750 2131 810 maxime
2167 750 2539 826 interpretes
2566 765 2679 825 per

155 848 334 904 totam
361 844 689 906 historiam
717 864 752 905 a
775 846 1010 907 Davide
1043 863 1244 923 usque
1272 845 1350 906 ad
1377 851 1649 907 aetatem
1679 846 1808 907 fere
1831 845 2307 906 machabaicam
2333 849 2573 913 errant,
2609 849 2679 905 ut

155 940 335 1001 libelli
359 943 668 1020 originem
695 944 1032 1021 explicent.

213 1046 288 1099 Ea
312 1046 475 1116 enim,
508 1047 707 1123 quibus
731 1047 1004 1103 recentior
1029 1046 1158 1103 libri
1185 1047 1346 1119 origo
1374 1045 1743 1103 demonstrari
1783 1046 2003 1115 dicitur,
2037 1044 2187 1102 haud
2225 1045 2435 1101 difficili
2459 1045 2679 1117 negotio

157 1130 501 1189 infirmantur.
531 1136 678 1191 Nam
706 1151 816 1207 quo
845 1151 975 1191 cum
1000 1136 1122 1191 iure
1158 1135 1414 1191 nonnulli
1437 1141 1581 1207 'post
1617 1135 1847 1190 Davidis
1874 1142 2115 1191 mortem
2150 1149 2279 1189 eum
2307 1134 2681 1205 conscriptum

155 1218 468 1276 concludant
495 1238 563 1277 ex
587 1238 676 1289 eo,
705 1220 854 1294 quod
881 1223 1202 1297 genealogia
1228 1221 1456 1278 Davidis
1482 1223 1708 1279 nomine
1735 1223 2079 1291 terminetur,
2110 1237 2223 1278 non
2251 1220 2528 1290 videmus3
2556 1237 2678 1277 rec-

155 1305 251 1359 tius
276 1306 540 1376 dicemus,
570 1310 965 1383 genealogiam,
995 1310 1044 1365 si
1088 1310 1397 1367 Salomonis
1425 1318 1522 1366 aut
1549 1308 1871 1365 recentioris
1902 1310 2045 1381 regis
2072 1317 2257 1365 aetate
2284 1311 2485 1381 scripta
2513 1317 2675 1379 esset,

157 1407 314 1465 usque
339 1395 406 1452 ad
433 1396 560 1453 illos
589 1396 815 1467 produci
843 1397 1116 1455 debuisse.
1149 1430 1218 1438 —
1237 1400 1430 1470 Neque
1459 1398 1636 1471 magis
1664 1396 1809 1453 valet
1844 1404 2235 1468 argumentum
2258 1414 2323 1452 ex
2363 1397 2550 1469 lingua
2580 1396 2678 1452 de-

157 1489 408 1552 smmum,
437 1500 606 1557 quam
632 1486 912 1541 infirmum
941 1486 1088 1541 enim
1111 1486 1197 1556 sit,
1233 1486 1366 1542 satis
1393 1486 1595 1555 elucet,
1624 1499 1796 1558 quum
1825 1500 2017 1540 omnes
2044 1483 2300 1541 moderni
2325 1486 2673 1555 interpreteS‚

158 1565 257 1623 sive
283 1573 564 1644 antiquam
605 1574 719 1629 sive
764 1581 1044 1629 recentem
1086 1573 1210 1630 libri
1253 1573 1524 1647 originem
1554 1570 1939 1629 demonstrare
1968 1572 2180 1642 volunt,
2212 1571 2285 1628 ad
2313 1588 2434 1628 eam
2472 1588 2678 1643 provo-

159 1665 288 1725 cent,
326 1666 494 1731 atque
526 1658 931 1732 singularitates
967 1660 1119 1729 illas,
1168 1677 1305 1733 quas
1343 1659 1537 1717 adesse
1573 1676 1688 1716 non
1730 1676 2023 1731 negamuS,
2057 1658 2149 1715 alii
2186 1659 2555 1729 archaismoS,
2588 1659 2679 1715 alii

157 1744 504 1819 neologismos
525 1790 542 1816 ,
573 1747 670 1803 alii
692 1747 1209 1817 bethlehemism05‚
1237 1746 1330 1805 alii
1359 1748 1741 1805 moabitismos
1762 1747 2058 1819 appellent.
2088 1750 2282 1820 Neque
2305 1756 2493 1803 tamen
2522 1747 2678 1820 quid-

159 1846 326 1903 quam,
354 1835 620 1906 quoniam
645 1836 880 1909 maxime
908 1838 967 1892 in
988 1837 1278 1909 colloquiis
1297 1842 1477 1907 (1,13;
1509 1843 1633 1907 2,8;
1662 1842 1773 1905 3,3.
1806 1838 1857 1907 4)
1892 1835 2265 1905 inveniuntur,
2298 1835 2677 1892 demonstrare

159 1918 410 1992 videntur,
441 1923 546 1978 nisi
574 1932 858 1980 auctorem
887 1924 1097 1981 fontem
1125 1940 1288 1981 suum
1313 1926 1370 1980 in
1396 1925 1687 1997 colloquiis
1720 1923 2151 1981 transcribendis
2174 1924 2413 1997 pressius
2441 1939 2559 1980 esse
2587 1940 2677 1980 se-

157 2014 345 2065 cutum.
372 2038 447 2051 —
473 2011 704 2067 Minoris
731 2027 952 2083 quoque
981 2013 1249 2069 momenti
1277 2021 1379 2081 est,
1403 2011 1565 2083 quod
1588 2012 1801 2068 auctori
1841 2027 2047 2069 nomen
2081 2032 2107 2064 α
2145 2012 2553 2085 propinquioris
2579 2028 2675 2067 co-

158 2104 292 2172 gnati
334 2126 361 2160 n
411 2108 752 2181 incognitum
798 2106 962 2165 fuisse
1003 2108 1276 2179 videatur,
1323 2106 1598 2181 siquidem
1647 2125 1774 2165 eum
1822 2127 1847 2161 c
1898 2118 2112 2165 certum
2158 2109 2401 2181 aliquem
2447 2131 2471 2161 n
2518 2090 2675 2190 (Ἶᾲὅβ

161 2198 356 2300 ’.ἷῂῇι-ή)
393 2220 636 2293 appellat
659 2224 836 2291 (3,12;
876 2226 1012 2291 4‚1)‚
1054 2221 1314 2295 quodque
1353 2236 1569 2277 morem
1604 2222 1847 2294 aliquem
1878 2222 2012 2277 olim
2052 2222 2315 2279 usitatum
2354 2222 2489 2295 (4,7)
2528 2193 2679 2280 velut

160 2302 350 2391 pridem
377 2325 644 2381 abolitum
690 2325 959 2399 designet.
997 2327 1220 2385 Etenim
1261 2327 1410 2383 inter
1449 2342 1573 2383 rem
1609 2334 1823 2400 gestam
1858 2335 1915 2383 et
1948 2327 2095 2383 inter
2136 2328 2408 2384 Samuelis
2454 2329 2678 2385 ultimos

159 2424 314 2467 annos
333 2414 534 2469 saltem
559 2413 836 2486 integrum
877 2415 1162 2471 saeculum
1197 2414 1505 2483 interiacet,
1538 2422 1705 2486 atque
1743 2430 1949 2471 nomen
1978 2415 2081 2470 viri
2112 2415 2261 2471 illius
2301 2415 2443 2471 forte
2471 2416 2526 2471 in
2558 2417 2677 2489 ipso

159 2501 376 2556 auctoris
415 2499 568 2557 fonte
594 2501 706 2556 iam
751 2510 870 2559 erat
909 2502 1196 2558 omissum.
1234 2532 1306 2543 —
1335 2504 1571 2558 Demum
1596 2503 1913 2574 opponitur,
1951 2501 2158 2558 librum
2187 2511 2469 2573 nostrum,
2504 2520 2679 2575 quum

159 2586 360 2643 Davidis
385 2588 768 2661 genealogiam
789 2588 994 2659 tradat,
1023 2604 1140 2647 non
1163 2590 1406 2661 potuisse
1431 2589 1627 2658 scribi,
1656 2590 1762 2645 nisi
1782 2606 1893 2661 quo
1922 2598 2174 2660 tempore
2192 2590 2301 2645 iam
2319 2592 2539 2663 cognita
2556 2600 2679 2647 erat

159 2672 364 2731 Davidis
389 2674 649 2751 dignitas.
676 2677 830 2746 Quae
857 2685 1006 2733 recte
1033 2686 1164 2733 sunt
1190 2676 1366 2747 dicta,
1399 2676 1498 2733 sed
1525 2685 1721 2733 contra
1744 2685 2017 2733 assertum
2034 2685 2289 2733 nostrum
2316 2679 2461 2733 male
2480 2678 2673 2746 allata3

159 2774 268 2817 nam
299 2764 642 2830 Samuelem,
684 2764 778 2836 qui
818 2764 1088 2821 Davidem
1126 2780 1316 2838 regem
1341 2780 1553 2838 ungere
1584 2766 1765 2821 iussus
1792 2772 1877 2821 est
1912 2763 1984 2820 de
2020 2763 2246 2836 eiusque
2274 2764 2441 2821 rebus
2470 2764 2675 2821 librum

158 2852 459 2923 conscripsit
484 2856 533 2918 (1
568 2855 708 2907 Par.
735 2854 939 2922 2939),
970 2851 1198 2910 Davidis
1219 2850 1455 2924 dignitas
1481 2868 1598 2908 non
1620 2852 1803 2938 latuit.

221 2987 275 3043 4.
305 3018 384 3028 —-
404 2986 496 3046 De
520 2989 806 3044 auctorite
828 2983 1118 3047 historica
1140 2985 1339 3046 libelli
1370 2985 1538 3046 Ruth
1566 3003 1766 3063 usque
1788 2986 1867 3045 ad
1900 2985 2199 3046 ultimum
2220 2984 2339 3046 hoc
2360 2987 2676 3049 saeculum

159 3096 325 3140 nemo
355 3080 697 3152 dubitavit;
730 3085 860 3140 tam
893 3082 1134 3143 sincere
1165 3086 1226 3143 et
1261 3070 1527 3143 candide
1564 3083 1734 3143 enim
1772 3082 1985 3142 omnia
2012 3082 2206 3143 refert
2240 3087 2303 3143 et
2333 3088 2461 3143 tam
2486 3101 2673 3145 accu-

159 3182 270 3237 rate
298 3178 513 3238 omnia
542 3182 778 3249 servat,
812 3195 969 3255 quae
995 3179 1184 3249 lociS,
1218 3178 1645 3257 temporibuS,
1680 3179 1968 3257 personis
2004 3182 2151 3239 sunt
2186 3181 2469 3257 propria,
2502 3186 2573 3241 ut
2600 3182 2675 3241 fi-

157 3270 288 3332 dem
327 3274 384 3335 ei
425 3273 852 3334 adhibendam
891 3292 1028 3335 esse
1076 3292 1295 3336 omnes
1343 3275 1472 3335 sint
1513 3275 1814 3353 professi;
1849 3279 1914 3335 et
1958 3275 2259 3352 quoniam
2302 3277 2677 3338 miraculum

159 3370 380 3431 nullum
421 3375 636 3431 narrat
673 3388 791 3432 nec
829 3371 1227 3443 vaticinium,
1276 3372 1401 3449 ipsi
1446 3388 1697 3449 quoque
1744 3372 2169 3433 rationalistae
2211 3372 2495 3451 plerique
2541 3374 2676 3435 eius

154 3467 570 3528 auctoritatem
597 3467 1010 3528 admiserunt.

211 3572 407 3628 Nostro
432 3580 624 3628 tamen
650 3571 871 3639 saeculo
907 3572 1130 3627 ineunte
1157 3572 1412 3628 nonnulli
1452 3588 1583 3628 eum
1616 3588 1733 3628 non
1774 3580 1893 3629 tam
1936 3571 2211 3629 historicis
2244 3589 2411 3645 quam
2454 3576 2679 3646 poeticis

155 3658 288 3714 libris
311 3658 788 3716 adnumerandum
807 3672 927 3715 esse
945 3648 1385 3731 proclamarunt3
1406 3658 1693 3732 idyllicum
1718 3675 1917 3731 poema
1940 3660 1999 3715 in
2021 3677 2089 3717 eo
2111 3659 2441 3717 detexerunt
2465 3664 2676 3720 confic-

157 3752 260 3802 tum
282 3746 350 3803 ad
377 3747 639 3803 levir-atus
669 3746 1084 3802 matrimonium
1122 3745 1627 3803 commendandum
1674 3748 1761 3802 vel
1788 3747 1857 3803 ad
1888 3747 2129 3820 origines
2167 3748 2367 3805 domus
2394 3749 2675 3807 davidicae

155 3834 478 3891 exornandas
507 3852 524 3891 :
553 3824 776 3889 nomina
816 3832 966 3889 enim
1001 3833 1184 3889 omnia
1227 3848 1346 3889 esse
1379 3834 1683 3906 symbolica
1720 3841 1777 3890 et
1804 3835 1881 3891 ita
1908 3836 2144 3891 conficta
2161 3879 2174 3905 ,
2208 3844 2272 3891 ut
2314 3852 2675 3905 personarum

155 3920 543 3979 characteribus
578 3928 884 3977 consonent
920 3924 1000 3986 (at
1039 3919 1280 3977 duarum
1316 3923 1740 3993 praecipuarum
1786 3937 2172 3994 personarum,
2222 3924 2378 3979 Ruth
2422 3933 2477 3980 et
2502 3927 2670 3990 Booz,

159 4010 356 4065 nomina
381 4008 515 4082 quid
543 4008 872 4081 significent,
904 4024 1069 4063 nemo
1114 4007 1402 4081 hucusque
1431 4025 1562 4065 cum
1580 4008 1914 4066 certitudine
1944 4008 2239 4079 definivit);
2278 4011 2673 4067 contradictio-

159 4110 268 4153 nem
291 4096 479 4153 adesse
507 4097 654 4152 inter
678 4102 764 4165 1,1
797 4094 892 4152 uhi
917 4096 1112 4152 Noemi
1136 4096 1364 4166 pristina
1392 4105 1716 4168 paupertas,
1746 4105 1802 4153 et
1828 4102 1982 4168 135,
2010 4096 2103 4154 ubi
2135 4100 2252 4154 eius
2281 4098 2510 4169 pristina
2534 4115 2671 4171 opu-

161 4182 303 4255 lentia
325 4192 603 4241 asseratur
629 4184 714 4255 (ac
741 4184 786 4239 si
813 4182 918 4239 sub
945 4182 1144 4240 eodem
1173 4192 1426 4256 respectu
1449 4198 1657 4256 pauper
1681 4192 1738 4240 et
1764 4182 1917 4241 dives
1951 4186 2309 4257 appelletur);
2344 4194 2428 4241 tot
2455 4187 2671 4242 virtuti-

159 4269 246 4327 bus
266 4280 481 4327 ornatas
503 4287 625 4328 esse
653 4286 918 4343 personas
945 4272 1293 4343 praecipuaS‚
1327 4270 1502 4341 Ruth,
1533 4275 1704 4341 Booz,
1737 4273 1954 4342 Noemi,
1982 4272 2123 4328 utin
2150 4288 2337 4329 rerum
2363 4274 2593 4330 veritate
2615 4276 2672 4331 in

159 4356 326 4415 eadem
351 4359 554 4416 familia
581 4360 820 4417 maxime
855 4368 1108 4431 tempore
1137 4358 1417 4428 Indicum,
1459 4360 1504 4415 si
1536 4375 1662 4415 vera
1692 4360 1838 4417 illius
1874 4360 2070 4416 aetatis
2108 4357 2408 4435 descriptio
2438 4362 2495 4417 in
2532 4362 2671 4419 libro

159 4446 307 4503 ludic.
331 4446 592 4515 traditur,
621 4446 855 4505 inveniri
880 4464 993 4504 non
1020 4446 1302 4519 potuerint
1331 4448 1422 4520 (!);
1451 4447 1511 4503 in
1534 4456 1654 4503 toto
1682 4455 1883 4505 eventu
1914 4455 2142 4504 narrato
2169 4448 2247 4503 ita
2272 4448 2454 4506 omnia
2484 4451 2671 4507 conci-

163 4549 272 4591 nere
309 4543 364 4593 et
399 4536 546 4593 inter
569 4552 632 4593 se
671 4536 949 4605 connecti,
989 4536 1130 4594 sicut
1173 4536 1231 4591 in
1254 4536 1394 4591 fictis
1423 4536 1720 4608 poematis,
1751 4534 1852 4593 sed
1878 4551 1992 4593 non
2030 4536 2089 4591 in
2117 4550 2248 4593 vera
2292 4537 2519 4595 historia
2546 4539 2671 4597 fieri

159 4624 280 4679 solet
303 4632 407 4681 etc.
433 4622 720 4681 Eiusmodi
741 4624 1072 4682 ratiunculis
1099 4623 1238 4681 nihil
1265 4624 1409 4681 ellici
1437 4625 1665 4696 planum
1693 4632 1795 4681 est.
