3050 5184
428 300 543 357 146
624 316 697 358 DE
736 315 1299 360 INTERPRETATIONE
1329 315 1377 356 S·
1412 312 1796 359 SCRIPTURAE.
1833 333 1912 343 —
1951 317 2081 361 CAP.
2122 319 2164 361 1.
2212 318 2391 363 LEGES
2429 319 3002 365 HERKENEUHCAE.

425 445 561 500 nihil
590 447 757 517 igitur
785 446 985 515 obstat,
1018 446 1315 519 quominus
1341 444 1399 500 in
1427 444 1591 500 rebus
1625 446 1925 515 historicis,
1957 448 2196 521 physicis
2233 450 2462 522 aliisque
2500 451 2792 518 similibu8‚
2825 468 3008 522 quae

405 548 526 587 nec
548 532 713 590 fidem
738 550 841 591 nec
866 550 1088 590 morum
1116 535 1368 606 regulam
1397 534 1700 605 attingunt,
1730 536 1958 591 Patrum
1985 538 2270 607 opiniones
2299 538 2698 609 relinquantur.

499 621 571 692 b.)
605 625 797 677 Patres
821 632 1035 692 autem,
1072 623 1119 677 si
1143 630 1355 677 textum
1380 622 1622 691 aliquem
1645 621 1752 677 hoc
1785 623 1872 678 vel
1893 624 1990 680 illo
2023 624 2190 681 modo
2223 625 2292 681 de
2317 626 2426 682 hoc
2460 625 2546 682 vel
2578 626 2677 682 illo
2707 626 3010 698 dogmate

425 724 541 765 esse
573 709 987 782 intelligendum
1024 726 1136 765 non
1174 716 1426 765 asserunt
1457 707 1801 780 docentque,
1839 711 1938 766 sed
1971 712 2018 768 si
2055 714 2483 769 coniectantium
2519 714 2572 769 in
2610 712 2854 769 modum
2907 716 3010 769 lo-

424 805 689 868 quuntur,
721 807 815 853 aut
842 797 1089 854 eiusdem
1116 806 1299 853 textus
1328 797 1507 853 varias
1544 797 1936 867 explicationes
1969 801 2121 856 velut
2151 801 2462 872 probabiles
2494 810 2854 872 proponunt,
2895 812 3011 857 aut

424 884 602 940 obiter
625 894 839 941 tantum
864 885 1029 941 verba
1054 886 1367 956 scripturae
1390 893 1646 956 tangunt,
1669 901 1780 940 non
1809 896 1978 959 agunt
2004 896 2174 944 testae
2199 887 2298 945 sed
2329 890 2570 961 privatos
2597 887 2874 944 doctores
2889 933 2908 950 ,
2947 900 3010 945 et

425 972 551 1027 licet
580 972 665 1028 his
690 989 909 1045 quoque
931 974 989 1029 in
1014 974 1227 1029 casibus
1255 989 1381 1028 cum
1410 972 1615 1043 pietate
1644 982 1700 1027 et
1728 975 2033 1031 reverentia
2057 984 2188 1032 sunt
2207 975 2488 1045 audiendi,
2521 977 2760 1048 relinqui
2781 984 3008 1031 tamen

424 1069 682 1130 possunt,
716 1061 761 1116 si
789 1061 980 1117 solidis
1008 1062 1349 1128 argumentis
1378 1061 1486 1116 alia
1514 1060 1804 1131 explicatio
1835 1061 2171 1133 probabilior
2199 1078 2316 1120 esse
2343 1063 2776 1120 demonstratur.

496 1147 566 1217 c.)
596 1147 949 1204 Unanimitas
975 1165 1125 1217 vero,
1158 1164 1323 1221 quam
1354 1148 1639 1219 postulant
1663 1149 1926 1219 concilia,
1953 1166 2065 1206 non
2091 1150 2448 1225 intelligenda
2471 1160 2556 1207 est
2574 1151 2861 1224 physica,
2895 1152 3008 1207 sed
3034 1166 3035 1213 j

426 1236 705 1299 moralis,
736 1251 877 1307 quae
902 1237 1092 1293 adesse
1114 1246 1262 1293 recte
1290 1244 1562 1304 censetur,
1589 1236 1634 1291 si
1663 1244 1760 1292 aut
1783 1244 1977 1293 certae
1999 1238 2261 1295 alieuius
2285 1242 2530 1308 aetatis,
2553 1239 2614 1295 in
2637 1255 2746 1311 qua
2765 1238 3006 1311 dogma

428 1321 708 1394 quoddam
732 1323 1059 1396 agitabatur,
1084 1326 1401 1397 praecipui
1421 1323 1700 1380 variarum
1724 1324 2080 1381 ecclesiarum
2096 1330 2306 1383 Patres
2329 1329 2735 1383 consentientes
2756 1324 3008 1382 textum

425 1410 665 1484 aliquem
695 1411 765 1466 de
792 1412 899 1468 hoc
925 1411 1187 1485 dogmate
1214 1420 1521 1483 exponunt,
1558 1420 1655 1467 aut
1680 1412 1724 1466 si
1751 1416 2069 1469 variarum
2093 1418 2368 1471 aetatum
2401 1420 2914 1471 commentatores
2945 1418 3008 1470 in
3034 1482 3035 1485 Ἴ

425 1507 580 1555 textu
609 1498 796 1571 aliquo
814 1499 1252 1556 determinatum
1281 1500 1484 1572 dogma
1512 1500 1816 1556 inveniunt.
1851 1502 2044 1573 Neque
2082 1518 2412 1559 consensum
2449 1504 2573 1559 tolli
2611 1502 3006 1569 arbitramur,

426 1586 471 1642 si
491 1587 661 1661 aliqui
687 1588 854 1643 etiam
873 1604 939 1644 ex
963 1588 1269 1660 praecipuis
1290 1588 1497 1655 silent,·
1515 1586 1729 1643 tollitur
1753 1597 1960 1655 antem,
1987 1589 2030 1645 si
2061 1590 2157 1661 qui
2184 1598 2282 1647 aut
2299 1590 2502 1663 dogma
2529 1591 2676 1648 istud
2701 1590 2803 1646 illo
2825 1600 3006 1646 textu
3034 1618 3035 1623 κ

426 1675 699 1731 contineri
723 1691 976 1747 expresse
998 1682 1232 1747 neqant,
1261 1685 1357 1732 aut
1376 1685 1596 1731 textum
1619 1674 1689 1731 de
1711 1677 1886 1731 altero
1913 1675 2170 1749 dogmate
2196 1679 2271 1734 ita
2295 1688 2598 1750 exponunt,
2623 1687 2685 1733 ut
2709 1677 3008 1734 indirecte

427 1762 591 1818 aliam
618 1764 1127 1836 interpretationem
1157 1764 1467 1820 excludant.

507 1928 588 2011 c.)
622 1934 913 1992 Attamen
953 1949 1077 1992 non
1118 1933 1269 1993 solis
1311 1932 1784 1995 definitionibus
1823 1935 2110 2012 loquitur
2148 1936 2459 1996 Ecclesiae
2498 1934 2994 2013 magisterium,
3034 1938 3035 1943 ’

428 2028 537 2088 sed
566 2027 753 2088 etiam
778 2030 1137 2106 quotidiana
1155 2035 1345 2108 praxi
1371 2036 1427 2089 et
1456 2035 1743 2091 continua
1763 2032 2216 2109 praedicatione
2236 2050 2450 2093 veram
2477 2032 2840 2093 doctrinam
2867 2038 2998 2092 tra-

430 2126 541 2185 dit.
578 2125 739 2185 Hinc
768 2126 843 2185 ab
884 2127 1055 2185 omni
1098 2126 1509 2204 explicatione
1548 2128 1988 2189 abstinendum
2029 2133 2154 2201 est,
2189 2146 2344 2207 quae
2376 2128 2996 2207 quomodocumque

430 2221 751 2281 doctrinae
782 2221 965 2282 alicui
994 2223 1070 2281 ab
1100 2210 1380 2282 Ecclesia
1419 2224 1777 2300 propositae
1816 2224 2208 2299 adversatum
2241 2226 2584 2303 requiritur
2623 2230 2886 2299 autem,
2923 2233 2994 2285 ut

428 2318 506 2377 ad
536 2317 727 2377 fidem
759 2318 1073 2378 Ecclesiae
1105 2335 1354 2395 semper
1382 2319 1714 2380 attendens
1743 2320 2054 2398 interpres
2083 2325 2264 2381 iuxta
2293 2322 2643 2401 analoqiam
2662 2320 2820 2400 fidei
2853 2340 2996 2381 om·
3034 2330 3035 2333 ’

430 2413 535 2472 nia
565 2417 834 2490 exponat
873 2419 1063 2491 atque
1104 2416 1500 2492 paratissimo
1547 2416 1627 2475 sit
1655 2417 1864 2477 animo
1901 2417 1977 2476 ad
2019 2417 2484 2496 amplectendas
2529 2422 2592 2478 et
2627 2417 2992 2479 defenden-
3034 2428 3035 2471 1

432 2510 541 2569 das
573 2510 710 2570 illas
741 2511 1325 2588 interpretationeS,
1362 2530 1511 2589 quas
1543 2514 1822 2573 Ecclesia
1852 2516 2274 2591 proposuerit.

500 2641 624 2696 Non
655 2642 857 2697 multos
894 2650 1077 2697 textus
1104 2642 1173 2698 ab
1201 2644 1446 2699 Ecclesia
1477 2642 1682 2699 directe
1719 2644 1808 2699 vel
1844 2643 2114 2701 indirecte
2142 2646 2398 2702 definitos
2441 2660 2560 2701 esse
2603 2644 2896 2710 diximus;
2929 2648 2985 2701 in

428 2728 780 2799 paucioribus
816 2729 956 2785 sorte
994 2746 1293 2786 consensus
1330 2730 1423 2786 ille
1462 2734 1693 2786 Patrum
1729 2730 2033 2801 invenitur3
2074 2741 2132 2788 at
2173 2734 2230 2789 in
2278 2734 2501 2805 reliquis
2547 2732 2672 2789 ideo
2717 2734 2984 2789 nondum

426 2818 558 2873 licet
596 2816 882 2891 indulgere
922 2819 1164 2891 ingenio.
1202 2818 1401 2875 Vivum
1426 2816 1576 2874 enim
1605 2827 1662 2874 et
1697 2819 2023 2875 continuum
2059 2828 2144 2877 est
2183 2822 2565 2894 magisterium
2601 2821 2661 2875 in
2701 2822 2980 2885 Eeelaeia,
3034 2822 3035 2827 ’

429 2906 501 2963 ad
528 2905 677 2977 quod
701 2922 869 2978 quam
895 2908 1137 2963 maxime
1164 2907 1419 2963 attendat
1446 2915 1687 2978 oportet,
1716 2908 1812 2978 qui
1838 2922 1872 2964 a
1891 2908 2139 2964 veritatis
2160 2910 2385 2966 tramite
2413 2907 2674 2965 aberrare
2691 2924 2813 2965 non
2839 2911 2982 2965 vult.

428 2995 655 3049 Praeter
680 2993 943 3066 dogmata
973 2994 1201 3051 definita
1230 2996 1395 3051 etiam
1432 2995 1644 3051 multae
1672 2994 1814 3051 aliae
1843 2994 2132 3053 doctrinae
2161 2997 2230 3054 ab
2261 2997 2518 3054 omnibus
2546 2998 2804 3052 omnium
2833 3006 2984 3053 aeta-

429 3090 553 3137 tum
582 3080 837 3137 fidelibus
863 3082 941 3137 ita
971 3098 1072 3153 pro
1100 3083 1245 3139 veris
1272 3093 1327 3139 et
1355 3085 1521 3139 certis
1549 3090 1678 3138 sunt
1703 3082 1976 3139 admissae
1993 3127 2007 3151 ,
2035 3093 2097 3139 ut
2123 3085 2396 3157 interpres
2423 3084 2736 3141 catholicus
2765 3100 2868 3141 eas
2892 3088 2984 3141 in-

429 3169 916 3241 terpretationibus
940 3170 1053 3226 suis
1080 3171 1287 3228 violare
1317 3172 1435 3227 sine
1464 3171 1780 3227 temeritate
1804 3188 1918 3228 non
1947 3188 2105 3244 posse
2135 3172 2387 3231 videatur
