3050 5184
406 336 483 393 74
564 352 720 395 nls'r.
759 352 1043 397 'mx'rumt
1074 352 1581 399 PmmGEmonmt.
1615 372 1694 382 —
1721 354 1853 399 CAP.
1887 354 1954 397 11.
1989 354 2063 399 me:
2091 352 2286 399 ‘rssxw
2313 350 2540 397 GRAECO
2579 350 2718 395 Novl
2763 350 2924 393 TEST.

402 490 521 537 tum
564 484 782 540 circiter
826 486 984 541 annis
1030 493 1153 557 post
1202 486 1258 541 S.
1293 487 1517 543 Ioannis
1561 494 1821 556 mortem,
1862 486 2011 543 haud
2052 501 2282 557 parvum
2325 498 2618 540 numerum
2659 481 2929 543 variarum

403 569 699 627 lectionum
736 571 1007 642 adfuisse,
1036 572 1109 629 ad
1138 588 1273 645 quas
1309 574 1700 631 discernendas
1723 576 1780 632 S.
1811 576 2094 630 Irenaeus
2129 573 2238 629 iam
2275 592 2300 625 α
2331 573 2556 644 antiqua
2598 581 2654 629 et
2680 578 2932 629 accurata
3007 582 3009 591 ⁴

402 658 723 731 antigrapha
756 680 781 711 υ
815 661 1053 732 appellat
1079 664 1149 729 (c.
1196 660 1350 718 haer.
1388 664 1458 718 V.
1504 667 1613 730 30).
1656 664 1889 720 Ineunte
1935 677 2077 718 saec.
2124 668 2176 717 3.
2224 662 2505 733 Oriqenes
2548 659 2619 716 de
2665 680 2690 711 α
2734 674 2930 731 magna

401 748 795 817 exemplarium
834 748 1147 805 diversitate
1176 770 1202 801 n
1238 750 1594 822 conqueritur
1634 752 1712 819 (in
1757 750 1956 806 Matth.
1989 759 2123 806 tom.
2157 750 2283 805 XV.
2311 754 2396 816 4),
2425 757 2592 820 atque
2620 756 2859 805 exeunte
2879 754 2928 801 4.

400 849 543 889 saec.
576 843 808 891 testatur
836 837 898 893 S.
926 840 1341 908 Hieronymus,
1370 855 1482 894 non
1510 838 1800 895 meliorem
1829 838 1925 895 sed
1954 838 2197 910 peiorem
2226 835 2432 893 factum
2457 852 2576 892 esse
2605 852 2798 893 rerum
2825 844 2933 891 sta-

400 930 536 977 tum.
570 922 749 991 Quam
777 925 1131 982 assertionem
1170 941 1359 981 veram
1388 942 1505 982 esse
1542 925 1745 982 docent
1782 924 1999 981 codices
2027 924 2208 997 graeci
2245 925 2562 996 superstites
2599 926 2934 997 Patrnmque

400 1024 597 1080 opera3
632 1012 835 1067 etenim
864 1028 931 1068 ex
958 1014 1065 1069 illis
1100 1015 1317 1070 saeculo
1354 1013 1717 1086 praecedente
1759 1014 1870 1069 iam
1914 1014 2132 1069 circiter
2175 1013 2400 1086 triginta
2443 1012 2616 1069 millia
2659 1012 2934 1068 variarum

400 1096 701 1155 lectionum
724 1101 957 1157 collecta
980 1110 1165 1169 erant,
1198 1102 1398 1174 quibus
1427 1101 1594 1158 hodie
1621 1117 1690 1158 ex
1714 1101 1832 1157 aliis
1855 1101 2008 1157 libris
2036 1110 2222 1173 postea
2251 1101 2485 1172 repertis
2509 1108 2606 1157 aut
2628 1100 2934 1157 accuratius

400 1188 723 1243 examinatis
746 1187 916 1261 duplo
951 1188 1033 1245 vel
1058 1189 1221 1261 triplo
1250 1188 1426 1246 maior
1448 1206 1714 1245 numerus
1743 1188 1872 1246 addi
1901 1197 2099 1260 potest.
2131 1190 2324 1261 Neque
2353 1197 2542 1245 tamen
2575 1187 2701 1245 ideo
2730 1198 2930 1262 putan-

400 1270 533 1329 dum
562 1282 672 1338 est,
704 1284 883 1332 totum
911 1284 1123 1333 textum
1164 1293 1383 1333 sacrum
1430 1292 1550 1334 esse
1589 1278 1890 1344 incertnm3
1936 1278 2140 1333 etenim
2181 1276 2230 1333 si
2257 1291 2450 1333 omnes
2493 1276 2622 1333 illae
2667 1278 2934 1334 lectiones

400 1364 747 1431 omittuntur,
774 1380 917 1436 quae
944 1374 1039 1420 aut
1067 1366 1242 1437 aperti
1270 1374 1397 1422 sunt
1424 1364 1612 1437 lapsus
1641 1364 1836 1422 calami
1875 1374 1971 1427 aut
1997 1364 2173 1421 solam
2216 1363 2668 1439 orthographiam
2685 1407 2699 1435 ,
2731 1364 2930 1420 verbo-

399 1464 525 1505 rum
555 1450 804 1507 ordinem
833 1461 938 1509 etc.
980 1460 1265 1525 spectant,
1312 1452 1399 1509 vix
1441 1453 1732 1510 millesima
1773 1468 1903 1526 pars
1939 1452 2107 1509 totius
2131 1454 2276 1509 Novi
2301 1454 2450 1509 Test.
2481 1452 2659 1525 magis
2686 1452 2934 1509 minusve

400 1538 605 1595 incerta
636 1548 739 1609 est,
772 1548 938 1613 atque
979 1542 1123 1597 inter
1162 1541 1309 1613 ipses
1337 1540 1621 1612 lectiones,
1653 1556 1794 1615 quae
1844 1556 2065 1597 sensum
2094 1548 2336 1609 mutant,
2381 1540 2687 1597 admodum
2730 1554 2932 1613 paucae

400 1625 601 1699 dogma
629 1628 854 1699 aliquod
883 1629 1175 1702 attingunt.

476 1816 537 1875 2.
568 1846 648 1859 —-
672 1814 895 1891 Magna
922 1812 1031 1874 illa
1060 1816 1373 1876 variarum
1409 1815 1750 1875 lectionum
1783 1814 2124 1876 multitudo
2153 1832 2280 1875 non
2309 1813 2772 1875 haereticorum
2801 1830 2928 1873 ma-

398 1910 571 1970 litiae
597 1910 885 1983 debetur,
919 1910 1011 1971 uti
1039 1910 1236 1988 aliqui
1256 1915 1663 1972 autumarunt
1681 1959 1696 1985 ,
1727 1911 1837 1971 sed
1855 1957 1869 1984 ‚
1893 1911 1984 1972 uti
2014 1914 2185 1971 recte
2211 1910 2336 1970 iam
2358 1911 2606 1970 monuit
2629 1911 2927 1990 Oriqenes,

399 2005 802 2067 librariorum
830 2006 1245 2085 negligentiae
1276 2011 1341 2067 et
1370 2008 1847 2068 emendatorum
1881 2006 2178 2069 audaciae
2221 2011 2285 2067 et
2311 2006 2596 2085 ipsorum
2624 2007 2930 2068 lectorum

398 2102 680 2163 arbitrio,

466 2225 633 2281 Haud
656 2239 781 2281 raro
811 2225 1033 2296 quidem
1060 2225 1271 2298 antiqui
1310 2228 1503 2281 Patres
1542 2225 1846 2282 haereticos
1873 2235 2168 2298 corruptae
2190 2226 2506 2296 scripturae
2543 2233 2812 2281 accusant
2845 2240 2930 2279 ac·

397 2314 845 2384 cusationemque
886 2328 1045 2369 suam
1074 2314 1339 2385 exemplis
1374 2313 1726 2382 confirmant,
1767 2328 1910 2385 quae
1951 2313 2214 2385 pleraque
2251 2312 2370 2381 (sed
2406 2328 2520 2369 non
2565 2318 2791 2381 cuncta)
2820 2328 2930 2367 rem

398 2409 553 2456 extra
595 2398 827 2455 dubium
865 2409 1082 2471 ponunt
1106 2399 1213 2468 (cfr
1241 2401 1299 2457 S.
1339 2404 1495 2457 Iren.
1526 2416 1578 2456 c.
1613 2400 1767 2457 haer.
1801 2402 1848 2457 1.
1887 2406 1986 2467 27;
2031 2400 2270 2457 Tertull.
2301 2418 2353 2457 e.
2394 2403 2567 2457 Marc.
2599 2401 2667 2456 V.
2701 2400 2928 2472 passim

397 2489 455 2544 S.
472 2487 685 2560 Epiplc.
704 2487 860 2543 haer.
882 2494 1011 2558 42,9
1038 2504 1161 2560 sqq.
1184 2490 1346 2559 etc.);
1368 2489 1473 2544 Dei
1490 2496 1678 2545 autem
1702 2488 2044 2561 providentia
2076 2488 2396 2562 invigilavit,
2421 2504 2492 2544 ne
2511 2496 2811 2559 corruptae
2827 2489 2930 2543 lec-

395 2577 575 2631 tiones
597 2575 657 2631 in
676 2576 955 2632 Ecclesiae
983 2576 1317 2647 exemplaria
1334 2576 1664 2647 irreperent,
1683 2577 1759 2632 ita
1780 2586 1841 2631 ut
1863 2575 2016 2632 nulla
2037 2575 2202 2633 hodie
2227 2576 2541 2633 inveniatur
2567 2577 2626 2631 in
2653 2575 2930 2632 codicibus

397 2663 782 2735 superstitibus
804 2664 987 2731 lectio,
1007 2679 1150 2736 quae
1168 2677 1295 2719 cum
1312 2665 1643 2721 certitudine
1659 2664 1948 2720 haereticis
1967 2664 2194 2720 attribui
2211 2664 2404 2735 possit.
2429 2667 2623 2735 ltaque
2640 2664 2797 2720 solus
2816 2662 2929 2718 fons

396 2752 643 2807 omnium
668 2752 941 2809 variarum
970 2752 1273 2808 lectionum
1299 2761 1385 2808 est
1404 2751 1636 2821 modus,
1669 2766 1779 2823 quo
1807 2752 2108 2823 antiquitus
2135 2751 2260 2808 libri
2289 2750 2578 2824 propagati
2595 2758 2748 2807 sunt.
2777 2753 2928 2807 Prae·

396 2841 587 2913 primis
607 2841 754 2896 enim
781 2856 1056 2896 novorum
1082 2840 1481 2912 exemplarium
1513 2840 1802 2912 integritas
1838 2838 2186 2909 dependebat
2213 2854 2244 2895 a
2273 2839 2529 2908 librariis,
2563 2839 2660 2911 qui
2685 2854 2793 2911 pro
2836 2838 2928 2893 hu·

395 2944 557 2984 mana
581 2927 873 3001 fragilitate
898 2937 993 2984 aut
1010 2927 1259 3003 fallente
1282 2929 1445 2983 oculo
1467 2928 1657 2983 literas
1675 2926 1875 3000 forma
1894 2926 2096 2983 similes
2115 2934 2531 2999 permutarunt,
2554 2926 2641 2983 vel
2661 2926 2924 2999 syllabas,

395 3015 679 3085 vocabula,
713 3015 1047 3087 phrasesque
1092 3014 1556 3071 homoioteleutas
1603 3025 1708 3070 etc.
1759 3015 2082 3084 omiserunt,
2115 3022 2212 3070 aut
2254 3013 2509 3089 fallente
2551 3030 2700 3070 aure
2748 3015 2925 3071 literas

396 3118 665 3174 vocesque
699 3119 836 3157 sono
865 3102 1070 3159 similes
1106 3100 1495 3170 confuderunt,
1526 3109 1625 3157 aut
1649 3100 1896 3176 fallente
1933 3105 2226 3158 memoria
2254 3102 2652 3159 vocabulorum
2680 3102 2924 3159 ordinem

394 3189 754 3256 inverterunt,
782 3190 838 3244 in
865 3189 1203 3261 longioribus
1233 3188 1738 3245 enumerationibus
1765 3188 2014 3246 membra
2041 3191 2346 3245 omiserunt
2365 3198 2471 3245 etc.
2503 3189 2714 3259 Quibus
2744 3204 2924 3245 emen-

394 3276 650 3332 datorum
684 3276 979 3331 sciolorum
1010 3274 1236 3332 audacia
1270 3276 1523 3345 accessit,
1553 3276 1647 3347 qui
1681 3285 1777 3331 aut
1809 3276 2182 3335 barbarismos
2213 3277 2677 3349 soloecismosque
2716 3276 2922 3331 auferre

395 3374 489 3419 aut
513 3364 828 3422 obscuriora
857 3364 1057 3420 clarius
1086 3362 1395 3435 exprimere
1424 3364 1527 3433 (ex.
1563 3380 1648 3436 gr.
1681 3366 1866 3420 Marc.
1899 3372 1990 3433 7,5
2017 3379 2116 3435 pro
2144 3367 2334 3426 κοιναῖς
2362 3365 2666 3420 scribentes
2695 3362 2922 3423 ἀνίπτοις.

396 3461 489 3507 aut
522 3452 744 3520 Mami,
767 3458 852 3517 6,1
889 3467 989 3520 pro
1016 3451 1327 3517 δικαιοσύνην
1351 3459 1621 3522 ponentes
1645 3450 1969 3522 ἔλεεμοσὺνην
2001 3454 2128 3523 etc.)
2150 3460 2244 3507 aut
2267 3452 2619 3507 difficultates
2647 3464 2926 3507 removere

394 3540 634 3606 (Mattla.
666 3546 795 3608 27,9
826 3554 1031 3595 nomen
1060 3538 1357 3594 Zachariae
1390 3546 1656 3610 ponentes
1682 3554 1780 3610 pro
1810 3541 2059 3607 Ieremia,
2084 3544 2253 3595 Ioan.
2287 3545 2412 3608 8,57
2447 3541 2814 3610 τεσσαράκοντα
2831 3552 2922 3609 pro

392 3626 698 3693 πεντήκοντα
726 3627 858 3697 etc.)
900 3635 996 3682 aut
1024 3642 1242 3683 errores
1270 3641 1600 3697 praecavere
1629 3626 1925 3683 studebant
1968 3630 2068 3695 (ex.
2099 3643 2184 3700 gr.
2208 3627 2425 3683 Matth.
2463 3633 2587 3695 1,ιὸ
2615 3628 2924 3683 omittentes

393 3716 505 3785 πρὶν
540 3716 571 3781 ἢ
612 3715 865 3768 συνελθεῖν
894 3714 1065 3777 αὐτούς
1100 3723 1155 3771 et
1193 3718 1317 3782 1,25
1354 3716 1690 3785 πρωτότοκον,
1731 3721 1786 3769 et
1831 3716 2014 3771 Marc.
2063 3720 2226 3784 13:22
2263 3714 2375 3768 om
2412 3714 2441 3767 ὁ
2479 3716 2584 3777 υἱός
2625 3724 2765 3783 etc.;
2809 3728 2922 3769 mu-

394 3810 575 3859 tantes
616 3806 755 3857 Luc.
800 3808 925 3869 2533
976 3801 1005 3855 ὅ
1040 3800 1201 3873 πατὴρ
1248 3801 1396 3855 αὐτοῦ
1431 3804 1491 3857 in
1526 3800 1738 3873 Ἰωσήφ,
1783 3809 1840 3857 et
1877 3807 1998 3870 3,ss
2039 3803 2088 3856 oi
2123 3806 2289 3873 γονεῖς
2321 3806 2472 3856 αὐτοῦ
2508 3802 2568 3857 in
2611 3802 2818 3874 Μαρίαμ
2849 3798 2925 3852 καὶ

400 3888 581 3961 Ἰωσήφ
607 3894 757 3956 ete).
786 3894 861 3946 At
888 3891 1122 3946 lectores
1148 3890 1251 3962 ipsi
1279 3905 1501 3962 quoque
1531 3889 1601 3945 ad
1631 3890 2039 3960 corruptionem
2067 3891 2421 3947 contulerunt
2456 3890 2514 3945 in
2549 3891 2802 3962 margine
2835 3888 2920 3944 illa

393 3977 749 4047 adnotanteS,
782 3993 923 4050 quae
946 3977 1251 4033 secundum
1278 3978 1431 4033 locos
1458 3977 1754 4049 parallelos
1787 3976 1978 4033 deesse
2007 3986 2100 4034 aut
2136 3976 2420 4034 abundare
2453 3976 2804 4043 videbantur,
2833 3982 2921 4031 aut

394 4068 627 4135 margini
673 4066 1059 4137 explicationes
1104 4064 1479 4121 adscribentes
1516 4073 1648 4134 etc.,
1696 4078 1837 4136 quae
1873 4081 1904 4120 a
1941 4066 2298 4138 sequentibus
2337 4066 2580 4122 librariis
2620 4066 2676 4121 in
2713 4073 2916 4122 textum

392 4152 841 4211 admittebantur.
878 4155 961 4209 De
998 4154 1133 4210 locis
1174 4152 1447 4224 parallelis
1480 4151 1837 4207 conformatis
1875 4160 1929 4207 et
1969 4152 2163 4226 glossis
2195 4155 2254 4209 in
2291 4162 2508 4210 textum
2543 4154 2782 4225 receptis
2819 4153 2920 4208 iam

393 4252 730 4315 conquestus
758 4250 842 4298 est
868 4242 925 4299 S.
954 4242 1350 4311 Hieronymus
1384 4238 1477 4308 (ad
1506 4240 1670 4294 Dam.
1711 4237 1892 4294 Praef.
1924 4240 1982 4295 in
2005 4242 2246 4313 Evang.·,
2274 4240 2346 4297 ad
2363 4242 2539 4298 Sunn.
2565 4256 2656 4313 ep.
2689 4242 2914 4309 1⁰⁶,463-

392 4440 685 4497 gumentum
715 4449 777 4485 ex
800 4449 977 4485 eorum
1009 4432 1342 4483 citationibus
1376 4444 1478 4480 non
1506 4430 1820 4490 desumitur;
1849 4434 2074 4481 attamen
2107 4433 2152 4482 si
2177 4435 2228 4481 S.
2265 4434 2598 4498 polycarpus
2621 4432 2771 4497 (Phil.
2801 4432 2843 4493 1)
2871 4430 2918 4479 in

392 4518 536 4563 textu
559 4528 623 4564 ex
650 4516 762 4563 Act.
790 4518 899 4573 2,·ὶᾴ
926 4514 1093 4577 (λύσας
1116 4514 1199 4568 τὰς
1220 4513 1397 4566 ὠδῖνας
1424 4515 1511 4560 τοῦ
1541 4509 1679 4573 ᾅδου)
1701 4522 1816 4559 cum
1843 4510 1951 4559 sola
1977 4510 2138 4561 latina
2163 4512 2400 4563 versione
2421 4516 2600 4563 contra
2623 4524 2800 4562 omnes
2823 4510 2917 4559 fere

390 4592 588 4643 codices
611 4597 661 4642 et
689 4596 867 4641 Patres
893 4592 1179 4653 consentit,
1204 4604 1307 4639 non
1336 4589 1445 4639 sine
1477 4588 1808 4638 fundamento
1836 4590 2136 4651 asserimus,
2172 4590 2272 4641 iam
2295 4591 2690 4656 apostolicorum
2713 4592 2915 4641 Petrum

392 4676 615 4735 tempore
644 4670 813 4721 locum
836 4672 993 4721 istum
1019 4670 1163 4721 vario
1186 4668 1339 4719 modo
1361 4680 1469 4717 esse
1498 4667 1706 4717 lectum.
