<?xml version="1.0" encoding="UTF-8"?>
<!DOCTYPE html PUBLIC "-//W3C//DTD XHTML 1.0 Transitional//EN"
    "http://www.w3.org/TR/xhtml1/DTD/xhtml1-transitional.dtd">
<html xmlns="http://www.w3.org/1999/xhtml" xml:lang="en" lang="en">
 <head>
  <title>
</title>
<meta http-equiv="Content-Type" content="text/html;charset=utf-8" />
  <meta name='ocr-system' content='tesseract 3.04.00' />
  <meta name='ocr-capabilities' content='ocr_page ocr_carea ocr_par ocr_line ocrx_word'/>
</head>
<body>
  <div class='ocr_page' id='page_1' title='image "./historicaeetcri00corngoog_0034.png"; bbox 0 0 3050 5184; ppageno 0'>
   <div class='ocr_carea' id='block_1_1' title="bbox 445 306 2927 379">
    <p class='ocr_par' dir='ltr' id='par_1_1' title="bbox 445 306 2927 379">
     <span class='ocr_line' id='line_1_1' title="bbox 445 306 2927 379; baseline -0.002 -10"><span class='ocrx_word' id='word_1_1' title='bbox 445 312 524 369; x_wconf 65' lang='lat'><strong>24</strong></span> <span class='ocrx_word' id='word_1_2' title='bbox 552 306 824 370; x_wconf 74' lang='lat' dir='ltr'>HISTORIA</span> <span class='ocrx_word' id='word_1_3' title='bbox 857 326 1107 371; x_wconf 77' lang='lat' dir='ltr'><strong>CANONIS</strong></span> <span class='ocrx_word' id='word_1_4' title='bbox 1135 326 1467 379; x_wconf 72' lang='lat' dir='ltr'>UTRIUSQUE</span> <span class='ocrx_word' id='word_1_5' title='bbox 1495 324 1891 369; x_wconf 77' lang='lat' dir='ltr'><strong>TESTAMENTI.</strong></span> <span class='ocrx_word' id='word_1_6' title='bbox 1926 342 2005 351; x_wconf 89' lang='lat'>—</span> <span class='ocrx_word' id='word_1_7' title='bbox 2032 324 2163 369; x_wconf 76' lang='lat' dir='ltr'><strong>CAP.</strong></span> <span class='ocrx_word' id='word_1_8' title='bbox 2198 324 2268 367; x_wconf 84' lang='lat'><strong>11.</strong></span> <span class='ocrx_word' id='word_1_9' title='bbox 2305 324 2438 369; x_wconf 75' lang='lat' dir='ltr'><strong>CAN.</strong></span> <span class='ocrx_word' id='word_1_10' title='bbox 2472 322 2725 367; x_wconf 75' lang='lat' dir='ltr'><strong>VETEms</strong></span> <span class='ocrx_word' id='word_1_11' title='bbox 2753 322 2927 366; x_wconf 76' lang='lat' dir='ltr'><strong>TEST-</strong></span> 
     </span>
    </p>
   </div>
   <div class='ocr_carea' id='block_1_2' title="bbox 445 454 3018 1745">
    <p class='ocr_par' dir='ltr' id='par_1_2' title="bbox 445 454 3018 1745">
     <span class='ocr_line' id='line_1_2' title="bbox 447 454 2987 529; baseline -0.001 -17"><span class='ocrx_word' id='word_1_12' title='bbox 447 457 756 525; x_wconf 89' lang='lat' dir='ltr'><strong>gationibus</strong></span> <span class='ocrx_word' id='word_1_13' title='bbox 797 458 905 514; x_wconf 88' lang='lat' dir='ltr'><strong>illis</strong></span> <span class='ocrx_word' id='word_1_14' title='bbox 953 457 1294 527; x_wconf 80' lang='lat' dir='ltr'><strong>deducimus,</strong></span> <span class='ocrx_word' id='word_1_15' title='bbox 1345 456 1543 513; x_wconf 77' lang='lat' dir='ltr'><strong>frustra</strong></span> <span class='ocrx_word' id='word_1_16' title='bbox 1590 458 1915 529; x_wconf 85' lang='lat' dir='ltr'><strong>impugnant</strong></span> <span class='ocrx_word' id='word_1_17' title='bbox 1960 464 2298 525; x_wconf 80' lang='lat' dir='ltr'><strong>asserentes,</strong></span> <span class='ocrx_word' id='word_1_18' title='bbox 2344 458 2537 511; x_wconf 86' lang='lat' dir='ltr'><strong>Patres</strong></span> <span class='ocrx_word' id='word_1_19' title='bbox 2581 456 2641 511; x_wconf 93' lang='lat' dir='ltr'><strong>in</strong></span> <span class='ocrx_word' id='word_1_20' title='bbox 2684 454 2987 527; x_wconf 76' lang='lat' dir='ltr'><strong>seligendis</strong></span> 
     </span>
     <span class='ocr_line' id='line_1_3' title="bbox 447 542 2989 618; baseline -0.001 -19"><span class='ocrx_word' id='word_1_21' title='bbox 447 546 776 617; x_wconf 84' lang='lat' dir='ltr'><strong>argumentis</strong></span> <span class='ocrx_word' id='word_1_22' title='bbox 813 547 926 601; x_wconf 87' lang='lat' dir='ltr'><strong>suis</strong></span> <span class='ocrx_word' id='word_1_23' title='bbox 957 546 1198 601; x_wconf 82' lang='lat' dir='ltr'><strong>debitam</strong></span> <span class='ocrx_word' id='word_1_24' title='bbox 1238 561 1430 601; x_wconf 89' lang='lat' dir='ltr'><strong>curam</strong></span> <span class='ocrx_word' id='word_1_25' title='bbox 1465 554 1520 601; x_wconf 93' lang='lat' dir='ltr'><strong>et</strong></span> <span class='ocrx_word' id='word_1_26' title='bbox 1558 544 1895 618; x_wconf 77' lang='lat' dir='ltr'><strong>diligentiam</strong></span> <span class='ocrx_word' id='word_1_27' title='bbox 1940 561 2053 601; x_wconf 88' lang='lat' dir='ltr'><strong>non</strong></span> <span class='ocrx_word' id='word_1_28' title='bbox 2094 543 2429 600; x_wconf 79' lang='lat' dir='ltr'><strong>adhibuisse.</strong></span> <span class='ocrx_word' id='word_1_29' title='bbox 2461 548 2724 599; x_wconf 76' lang='lat' dir='ltr'><strong>Attamen</strong></span> <span class='ocrx_word' id='word_1_30' title='bbox 2750 542 2795 597; x_wconf 86' lang='lat' dir='ltr'><strong>si</strong></span> <span class='ocrx_word' id='word_1_31' title='bbox 2838 558 2989 598; x_wconf 86' lang='lat' dir='ltr'><strong>unus</strong></span> 
     </span>
     <span class='ocr_line' id='line_1_4' title="bbox 447 630 3018 705; baseline -0.001 -18"><span class='ocrx_word' id='word_1_32' title='bbox 447 634 652 688; x_wconf 81' lang='lat' dir='ltr'><strong>alterve</strong></span> <span class='ocrx_word' id='word_1_33' title='bbox 680 635 844 689; x_wconf 89' lang='lat' dir='ltr'><strong>Pater</strong></span> <span class='ocrx_word' id='word_1_34' title='bbox 869 634 927 689; x_wconf 90' lang='lat' dir='ltr'><strong>in</strong></span> <span class='ocrx_word' id='word_1_35' title='bbox 955 634 1182 690; x_wconf 89' lang='lat' dir='ltr'><strong>homilia</strong></span> <span class='ocrx_word' id='word_1_36' title='bbox 1206 633 1275 689; x_wconf 88' lang='lat' dir='ltr'><strong>ad</strong></span> <span class='ocrx_word' id='word_1_37' title='bbox 1295 633 1510 705; x_wconf 88' lang='lat' dir='ltr'><strong>plebem</strong></span> <span class='ocrx_word' id='word_1_38' title='bbox 1532 650 1597 689; x_wconf 88' lang='lat' dir='ltr'><strong>ex</strong></span> <span class='ocrx_word' id='word_1_39' title='bbox 1617 642 1867 705; x_wconf 87' lang='lat' dir='ltr'><strong>tempore</strong></span> <span class='ocrx_word' id='word_1_40' title='bbox 1896 632 2082 689; x_wconf 90' lang='lat' dir='ltr'><strong>habita</strong></span> <span class='ocrx_word' id='word_1_41' title='bbox 2106 640 2290 688; x_wconf 83' lang='lat' dir='ltr'><strong>textus</strong></span> <span class='ocrx_word' id='word_1_42' title='bbox 2318 630 2589 689; x_wconf 86' lang='lat' dir='ltr'><strong>eiusmodi</strong></span> <span class='ocrx_word' id='word_1_43' title='bbox 2616 630 2981 697; x_wconf 73' lang='lat' dir='ltr'><strong>adhibuisset,</strong></span> <span class='ocrx_word' id='word_1_44' title='bbox 3017 658 3018 663; x_wconf 18' lang='grc' dir='ltr'><strong>κ</strong></span> 
     </span>
     <span class='ocr_line' id='line_1_5' title="bbox 446 718 2981 793; baseline -0.001 -18"><span class='ocrx_word' id='word_1_45' title='bbox 446 720 539 775; x_wconf 91' lang='lat' dir='ltr'><strong>illa</strong></span> <span class='ocrx_word' id='word_1_46' title='bbox 580 722 828 791; x_wconf 82' lang='lat' dir='ltr'><strong>exceptio</strong></span> <span class='ocrx_word' id='word_1_47' title='bbox 867 720 1096 778; x_wconf 77' lang='lat' dir='ltr'><strong>forsitan</strong></span> <span class='ocrx_word' id='word_1_48' title='bbox 1132 722 1320 777; x_wconf 90' lang='lat' dir='ltr'><strong>locum</strong></span> <span class='ocrx_word' id='word_1_49' title='bbox 1357 721 1612 789; x_wconf 88' lang='lat' dir='ltr'><strong>haberet;</strong></span> <span class='ocrx_word' id='word_1_50' title='bbox 1646 730 1703 777; x_wconf 89' lang='lat' dir='ltr'><strong>at</strong></span> <span class='ocrx_word' id='word_1_51' title='bbox 1732 736 1903 793; x_wconf 91' lang='lat' dir='ltr'><strong>quum</strong></span> <span class='ocrx_word' id='word_1_52' title='bbox 1930 736 2125 777; x_wconf 88' lang='lat' dir='ltr'><strong>omnes</strong></span> <span class='ocrx_word' id='word_1_53' title='bbox 2162 721 2221 775; x_wconf 90' lang='lat' dir='ltr'><strong>in</strong></span> <span class='ocrx_word' id='word_1_54' title='bbox 2258 719 2515 775; x_wconf 90' lang='lat' dir='ltr'><strong>omnibus</strong></span> <span class='ocrx_word' id='word_1_55' title='bbox 2542 720 2654 775; x_wconf 84' lang='lat' dir='ltr'><strong>suis</strong></span> <span class='ocrx_word' id='word_1_56' title='bbox 2688 718 2981 791; x_wconf 83' lang='lat' dir='ltr'><strong>oporibus,</strong></span> 
     </span>
     <span class='ocr_line' id='line_1_6' title="bbox 447 807 3018 881; baseline -0.001 -18"><span class='ocrx_word' id='word_1_57' title='bbox 447 809 612 864; x_wconf 87' lang='lat' dir='ltr'><strong>etiam</strong></span> <span class='ocrx_word' id='word_1_58' title='bbox 637 808 962 881; x_wconf 79' lang='lat' dir='ltr'><strong>dogmaticis</strong></span> <span class='ocrx_word' id='word_1_59' title='bbox 989 819 1045 865; x_wconf 93' lang='lat' dir='ltr'><strong>et</strong></span> <span class='ocrx_word' id='word_1_60' title='bbox 1071 809 1378 881; x_wconf 88' lang='lat' dir='ltr'><strong>polemicis,</strong></span> <span class='ocrx_word' id='word_1_61' title='bbox 1409 809 1897 865; x_wconf 88' lang='lat' dir='ltr'><strong>deuterocanonica</strong></span> <span class='ocrx_word' id='word_1_62' title='bbox 1924 824 2052 865; x_wconf 89' lang='lat' dir='ltr'><strong>cum</strong></span> <span class='ocrx_word' id='word_1_63' title='bbox 2080 808 2521 880; x_wconf 90' lang='lat' dir='ltr'><strong>protoeanonicis</strong></span> <span class='ocrx_word' id='word_1_64' title='bbox 2548 808 2663 863; x_wconf 85' lang='lat' dir='ltr'><strong>sine</strong></span> <span class='ocrx_word' id='word_1_65' title='bbox 2690 807 2807 863; x_wconf 89' lang='lat' dir='ltr'><strong>ullo</strong></span> <span class='ocrx_word' id='word_1_66' title='bbox 2830 822 2983 862; x_wconf 85' lang='lat' dir='ltr'><strong>scru-</strong></span> <span class='ocrx_word' id='word_1_67' title='bbox 3017 842 3018 845; x_wconf 17' lang='grc' dir='ltr'>η</span> 
     </span>
     <span class='ocr_line' id='line_1_7' title="bbox 447 894 2983 971; baseline -0 -21"><span class='ocrx_word' id='word_1_68' title='bbox 447 896 573 966; x_wconf 91' lang='lat' dir='ltr'><strong>pulo</strong></span> <span class='ocrx_word' id='word_1_69' title='bbox 601 896 924 966; x_wconf 89' lang='lat' dir='ltr'><strong>adhibeant,</strong></span> <span class='ocrx_word' id='word_1_70' title='bbox 956 897 1095 955; x_wconf 87' lang='lat' dir='ltr'><strong>illud</strong></span> <span class='ocrx_word' id='word_1_71' title='bbox 1125 898 1389 971; x_wconf 81' lang='lat' dir='ltr'><strong>effugium</strong></span> <span class='ocrx_word' id='word_1_72' title='bbox 1425 913 1627 953; x_wconf 86' lang='lat' dir='ltr'><strong>vanum</strong></span> <span class='ocrx_word' id='word_1_73' title='bbox 1660 911 1779 953; x_wconf 89' lang='lat' dir='ltr'><strong>esse</strong></span> <span class='ocrx_word' id='word_1_74' title='bbox 1812 906 2059 968; x_wconf 89' lang='lat' dir='ltr'><strong>apparet.</strong></span> <span class='ocrx_word' id='word_1_75' title='bbox 2093 928 2163 937; x_wconf 96' lang='lat'><em>-</em></span> <span class='ocrx_word' id='word_1_76' title='bbox 2190 898 2449 953; x_wconf 88' lang='lat' dir='ltr'><strong>Ceterum</strong></span> <span class='ocrx_word' id='word_1_77' title='bbox 2488 894 2765 952; x_wconf 83' lang='lat' dir='ltr'><strong>coronidis</strong></span> <span class='ocrx_word' id='word_1_78' title='bbox 2800 895 2983 967; x_wconf 79' lang='lat' dir='ltr'><strong>gratia</strong></span> 
     </span>
     <span class='ocr_line' id='line_1_8' title="bbox 445 982 2979 1058; baseline -0 -20"><span class='ocrx_word' id='word_1_79' title='bbox 445 982 516 1039; x_wconf 87' lang='lat' dir='ltr'><strong>ad</strong></span> <span class='ocrx_word' id='word_1_80' title='bbox 551 985 728 1054; x_wconf 87' lang='lat' dir='ltr'><strong>prisca</strong></span> <span class='ocrx_word' id='word_1_81' title='bbox 765 1002 984 1058; x_wconf 91' lang='lat' dir='ltr'><strong>quoque</strong></span> <span class='ocrx_word' id='word_1_82' title='bbox 1020 988 1152 1042; x_wconf 89' lang='lat' dir='ltr'><strong>artis</strong></span> <span class='ocrx_word' id='word_1_83' title='bbox 1187 986 1516 1042; x_wconf 84' lang='lat' dir='ltr'><strong>christianae</strong></span> <span class='ocrx_word' id='word_1_84' title='bbox 1551 994 1909 1041; x_wconf 85' lang='lat' dir='ltr'><strong>monumenta</strong></span> <span class='ocrx_word' id='word_1_85' title='bbox 1952 1000 2251 1056; x_wconf 86' lang='lat' dir='ltr'><strong>provocare</strong></span> <span class='ocrx_word' id='word_1_86' title='bbox 2292 985 2450 1053; x_wconf 68' lang='lat' dir='ltr'><strong>licet,</strong></span> <span class='ocrx_word' id='word_1_87' title='bbox 2490 984 2760 1055; x_wconf 87' lang='lat' dir='ltr'><strong>imagines</strong></span> <span class='ocrx_word' id='word_1_88' title='bbox 2807 983 2979 1049; x_wconf 86' lang='lat' dir='ltr'><strong>enim,</strong></span> 
     </span>
     <span class='ocr_line' id='line_1_9' title="bbox 446 1072 2977 1147; baseline 0 -22"><span class='ocrx_word' id='word_1_89' title='bbox 446 1072 644 1142; x_wconf 88' lang='lat' dir='ltr'><strong>quibus</strong></span> <span class='ocrx_word' id='word_1_90' title='bbox 679 1075 890 1145; x_wconf 86' lang='lat' dir='ltr'><strong>antiqui</strong></span> <span class='ocrx_word' id='word_1_91' title='bbox 925 1074 1216 1131; x_wconf 89' lang='lat' dir='ltr'><strong>Christiani</strong></span> <span class='ocrx_word' id='word_1_92' title='bbox 1254 1074 1537 1147; x_wconf 82' lang='lat' dir='ltr'><strong>hypogaea</strong></span> <span class='ocrx_word' id='word_1_93' title='bbox 1574 1088 1701 1141; x_wconf 88' lang='lat' dir='ltr'><strong>sua,</strong></span> <span class='ocrx_word' id='word_1_94' title='bbox 1734 1073 2019 1145; x_wconf 86' lang='lat' dir='ltr'><strong>sepulcra,</strong></span> <span class='ocrx_word' id='word_1_95' title='bbox 2044 1073 2298 1145; x_wconf 77' lang='lat' dir='ltr'><strong>liturgica</strong></span> <span class='ocrx_word' id='word_1_96' title='bbox 2324 1088 2449 1128; x_wconf 85' lang='lat' dir='ltr'><strong>vasa</strong></span> <span class='ocrx_word' id='word_1_97' title='bbox 2476 1081 2581 1127; x_wconf 91' lang='lat' dir='ltr'><strong>etc.</strong></span> <span class='ocrx_word' id='word_1_98' title='bbox 2612 1080 2977 1137; x_wconf 84' lang='lat' dir='ltr'><strong>exornarunt,</strong></span> 
     </span>
     <span class='ocr_line' id='line_1_10' title="bbox 447 1158 2977 1234; baseline 0.001 -22"><span class='ocrx_word' id='word_1_99' title='bbox 447 1173 560 1214; x_wconf 88' lang='lat' dir='ltr'><strong>non</strong></span> <span class='ocrx_word' id='word_1_100' title='bbox 594 1162 776 1217; x_wconf 87' lang='lat' dir='ltr'><strong>minus</strong></span> <span class='ocrx_word' id='word_1_101' title='bbox 810 1161 1128 1234; x_wconf 87' lang='lat' dir='ltr'><strong>frequenter</strong></span> <span class='ocrx_word' id='word_1_102' title='bbox 1156 1178 1222 1218; x_wconf 85' lang='lat' dir='ltr'><strong>ex</strong></span> <span class='ocrx_word' id='word_1_103' title='bbox 1241 1161 1512 1234; x_wconf 84' lang='lat' dir='ltr'><strong>secundi,</strong></span> <span class='ocrx_word' id='word_1_104' title='bbox 1542 1176 1709 1233; x_wconf 87' lang='lat' dir='ltr'><strong>quam</strong></span> <span class='ocrx_word' id='word_1_105' title='bbox 1738 1176 1805 1216; x_wconf 89' lang='lat' dir='ltr'><strong>ex</strong></span> <span class='ocrx_word' id='word_1_106' title='bbox 1834 1162 2026 1232; x_wconf 88' lang='lat' dir='ltr'><strong>primi,</strong></span> <span class='ocrx_word' id='word_1_107' title='bbox 2055 1161 2281 1217; x_wconf 89' lang='lat' dir='ltr'><strong>canonis</strong></span> <span class='ocrx_word' id='word_1_108' title='bbox 2318 1159 2473 1216; x_wconf 87' lang='lat' dir='ltr'><strong>libris</strong></span> <span class='ocrx_word' id='word_1_109' title='bbox 2510 1158 2801 1215; x_wconf 87' lang='lat' dir='ltr'><strong>desumtae</strong></span> <span class='ocrx_word' id='word_1_110' title='bbox 2828 1168 2977 1215; x_wconf 88' lang='lat' dir='ltr'><strong>sunt.</strong></span> 
     </span>
     <span class='ocr_line' id='line_1_11' title="bbox 451 1247 3018 1321; baseline -0.001 -20"><span class='ocrx_word' id='word_1_111' title='bbox 451 1248 784 1319; x_wconf 83' lang='lat' dir='ltr'><strong>Frequenter</strong></span> <span class='ocrx_word' id='word_1_112' title='bbox 811 1259 1128 1321; x_wconf 85' lang='lat' dir='ltr'><strong>spectantur</strong></span> <span class='ocrx_word' id='word_1_113' title='bbox 1161 1249 1408 1317; x_wconf 83' lang='lat' dir='ltr'><strong>Tobias,</strong></span> <span class='ocrx_word' id='word_1_114' title='bbox 1435 1259 1491 1305; x_wconf 89' lang='lat' dir='ltr'><strong>et</strong></span> <span class='ocrx_word' id='word_1_115' title='bbox 1525 1249 1736 1304; x_wconf 80' lang='lat' dir='ltr'><strong>Daniel</strong></span> <span class='ocrx_word' id='word_1_116' title='bbox 1772 1251 1829 1303; x_wconf 91' lang='lat' dir='ltr'><strong>in</strong></span> <span class='ocrx_word' id='word_1_117' title='bbox 1864 1248 2009 1304; x_wconf 76' lang='lat' dir='ltr'><strong>fossa</strong></span> <span class='ocrx_word' id='word_1_118' title='bbox 2047 1249 2272 1305; x_wconf 88' lang='lat' dir='ltr'><strong>leonum</strong></span> <span class='ocrx_word' id='word_1_119' title='bbox 2298 1266 2341 1305; x_wconf 84' lang='lat' dir='ltr'><strong>a</strong></span> <span class='ocrx_word' id='word_1_120' title='bbox 2368 1248 2661 1321; x_wconf 74' lang='lat' dir='ltr'><strong>propheta</strong></span> <span class='ocrx_word' id='word_1_121' title='bbox 2686 1247 2981 1303; x_wconf 81' lang='lat' dir='ltr'><strong>Habacuc</strong></span> <span class='ocrx_word' id='word_1_122' title='bbox 3017 1314 3018 1317; x_wconf 7' lang='grc' dir='ltr'><strong>Ἴ</strong></span> 
     </span>
     <span class='ocr_line' id='line_1_12' title="bbox 447 1334 2981 1409; baseline -0.001 -20"><span class='ocrx_word' id='word_1_123' title='bbox 447 1336 729 1402; x_wconf 80' lang='lat' dir='ltr'><strong>nutritus,</strong></span> <span class='ocrx_word' id='word_1_124' title='bbox 777 1338 1067 1409; x_wconf 88' lang='lat' dir='ltr'><strong>aliquoties</strong></span> <span class='ocrx_word' id='word_1_125' title='bbox 1118 1338 1286 1395; x_wconf 87' lang='lat' dir='ltr'><strong>etiam</strong></span> <span class='ocrx_word' id='word_1_126' title='bbox 1332 1344 1448 1393; x_wconf 80' lang='lat' dir='ltr'><strong>tres</strong></span> <span class='ocrx_word' id='word_1_127' title='bbox 1495 1340 1729 1393; x_wconf 80' lang='lat' dir='ltr'><strong>invenes</strong></span> <span class='ocrx_word' id='word_1_128' title='bbox 1772 1335 1831 1391; x_wconf 90' lang='lat' dir='ltr'><strong>in</strong></span> <span class='ocrx_word' id='word_1_129' title='bbox 1871 1337 2085 1392; x_wconf 89' lang='lat' dir='ltr'><strong>camino</strong></span> <span class='ocrx_word' id='word_1_130' title='bbox 2135 1336 2275 1409; x_wconf 82' lang='lat' dir='ltr'><strong>ignis</strong></span> <span class='ocrx_word' id='word_1_131' title='bbox 2326 1341 2557 1392; x_wconf 78' lang='lat' dir='ltr'><strong>orantes</strong></span> <span class='ocrx_word' id='word_1_132' title='bbox 2600 1345 2697 1391; x_wconf 89' lang='lat' dir='ltr'><strong>aut</strong></span> <span class='ocrx_word' id='word_1_133' title='bbox 2722 1334 2915 1391; x_wconf 87' lang='lat' dir='ltr'><strong>draco</strong></span> <span class='ocrx_word' id='word_1_134' title='bbox 2940 1351 2981 1387; x_wconf 81' lang='lat' dir='ltr'><strong>a</strong></span> 
     </span>
     <span class='ocr_line' id='line_1_13' title="bbox 452 1423 2979 1497; baseline 0.001 -23"><span class='ocrx_word' id='word_1_135' title='bbox 452 1424 694 1479; x_wconf 79' lang='lat' dir='ltr'><strong>Daniele</strong></span> <span class='ocrx_word' id='word_1_136' title='bbox 732 1430 978 1495; x_wconf 72' lang='lat' dir='ltr'><strong>occisus,-</strong></span> <span class='ocrx_word' id='word_1_137' title='bbox 1019 1426 1301 1481; x_wconf 73' lang='lat' dir='ltr'><strong>Iuditliae</strong></span> <span class='ocrx_word' id='word_1_138' title='bbox 1345 1434 1401 1482; x_wconf 91' lang='lat' dir='ltr'><strong>et</strong></span> <span class='ocrx_word' id='word_1_139' title='bbox 1451 1426 1667 1481; x_wconf 83' lang='lat' dir='ltr'><strong>Tobiae</strong></span> <span class='ocrx_word' id='word_1_140' title='bbox 1709 1426 1964 1479; x_wconf 76' lang='lat' dir='ltr'><strong>senioris</strong></span> <span class='ocrx_word' id='word_1_141' title='bbox 2002 1425 2270 1497; x_wconf 83' lang='lat' dir='ltr'><strong>imagines</strong></span> <span class='ocrx_word' id='word_1_142' title='bbox 2296 1427 2353 1481; x_wconf 92' lang='lat' dir='ltr'><strong>S.</strong></span> <span class='ocrx_word' id='word_1_143' title='bbox 2386 1424 2647 1480; x_wconf 88' lang='lat' dir='ltr'><strong>Paulinus</strong></span> <span class='ocrx_word' id='word_1_144' title='bbox 2671 1425 2730 1478; x_wconf 91' lang='lat' dir='ltr'><strong>in</strong></span> <span class='ocrx_word' id='word_1_145' title='bbox 2758 1423 2979 1494; x_wconf 79' lang='lat' dir='ltr'><strong>porticu</strong></span> 
     </span>
     <span class='ocr_line' id='line_1_14' title="bbox 449 1511 2976 1587; baseline 0 -22"><span class='ocrx_word' id='word_1_146' title='bbox 449 1511 710 1569; x_wconf 90' lang='lat' dir='ltr'><strong>ecclesiae</strong></span> <span class='ocrx_word' id='word_1_147' title='bbox 738 1530 769 1570; x_wconf 92' lang='lat' dir='ltr'><strong>a</strong></span> <span class='ocrx_word' id='word_1_148' title='bbox 797 1529 855 1570; x_wconf 92' lang='lat' dir='ltr'><strong>se</strong></span> <span class='ocrx_word' id='word_1_149' title='bbox 899 1522 1210 1570; x_wconf 86' lang='lat' dir='ltr'><strong>exstructae</strong></span> <span class='ocrx_word' id='word_1_150' title='bbox 1254 1512 1627 1587; x_wconf 82' lang='lat' dir='ltr'><strong>depingendas</strong></span> <span class='ocrx_word' id='word_1_151' title='bbox 1673 1522 1988 1581; x_wconf 86' lang='lat' dir='ltr'><strong>curaverat;</strong></span> <span class='ocrx_word' id='word_1_152' title='bbox 2020 1513 2078 1568; x_wconf 90' lang='lat' dir='ltr'><strong>in</strong></span> <span class='ocrx_word' id='word_1_153' title='bbox 2125 1513 2395 1568; x_wconf 89' lang='lat' dir='ltr'><strong>honorem</strong></span> <span class='ocrx_word' id='word_1_154' title='bbox 2445 1512 2679 1568; x_wconf 80' lang='lat' dir='ltr'><strong>fratrum</strong></span> <span class='ocrx_word' id='word_1_155' title='bbox 2722 1511 2976 1569; x_wconf 67' lang='lat' dir='ltr'><strong>Macha-</strong></span> 
     </span>
     <span class='ocr_line' id='line_1_15' title="bbox 453 1598 3018 1675; baseline -0.001 -23"><span class='ocrx_word' id='word_1_156' title='bbox 453 1598 732 1657; x_wconf 76' lang='lat' dir='ltr'><strong>baeer-um</strong></span> <span class='ocrx_word' id='word_1_157' title='bbox 771 1603 1100 1675; x_wconf 77' lang='lat' dir='ltr'><strong>matrisque</strong></span> <span class='ocrx_word' id='word_1_158' title='bbox 1133 1617 1336 1657; x_wconf 83' lang='lat' dir='ltr'><strong>eorum</strong></span> <span class='ocrx_word' id='word_1_159' title='bbox 1365 1606 1418 1669; x_wconf 83' lang='lat'><strong>(2</strong></span> <span class='ocrx_word' id='word_1_160' title='bbox 1447 1602 1630 1657; x_wconf 72' lang='lat' dir='ltr'><strong>Maeli.</strong></span> <span class='ocrx_word' id='word_1_161' title='bbox 1662 1604 1711 1673; x_wconf 87' lang='grc'><strong>7)</strong></span> <span class='ocrx_word' id='word_1_162' title='bbox 1741 1602 1817 1656; x_wconf 78' lang='lat' dir='ltr'><strong>in.</strong></span> <span class='ocrx_word' id='word_1_163' title='bbox 1836 1602 2061 1657; x_wconf 89' lang='lat' dir='ltr'><strong>Oriente</strong></span> <span class='ocrx_word' id='word_1_164' title='bbox 2091 1600 2239 1656; x_wconf 87' lang='lat' dir='ltr'><strong>haud</strong></span> <span class='ocrx_word' id='word_1_165' title='bbox 2279 1614 2485 1671; x_wconf 88' lang='lat' dir='ltr'><strong>paucae</strong></span> <span class='ocrx_word' id='word_1_166' title='bbox 2516 1600 2781 1656; x_wconf 87' lang='lat' dir='ltr'><strong>ecclesiae</strong></span> <span class='ocrx_word' id='word_1_167' title='bbox 2821 1606 2977 1654; x_wconf 80' lang='lat' dir='ltr'><strong>erant</strong></span> <span class='ocrx_word' id='word_1_168' title='bbox 3017 1614 3018 1647; x_wconf 64' lang='lat'><em>2</em></span> 
     </span>
     <span class='ocr_line' id='line_1_16' title="bbox 451 1687 898 1745; baseline 0.009 -4"><span class='ocrx_word' id='word_1_169' title='bbox 451 1687 767 1745; x_wconf 82' lang='lat' dir='ltr'><strong>aedificatae</strong></span> <span class='ocrx_word' id='word_1_170' title='bbox 796 1698 898 1745; x_wconf 85' lang='lat' dir='ltr'><strong>etc.</strong></span> 
     </span>
    </p>
   </div>
   <div class='ocr_carea' id='block_1_3' title="bbox 448 1838 2973 2305">
    <p class='ocr_par' dir='ltr' id='par_1_3' title="bbox 448 1838 2973 2305">
     <span class='ocr_line' id='line_1_17' title="bbox 528 1838 2973 1916; baseline -0.002 -17"><span class='ocrx_word' id='word_1_171' title='bbox 528 1842 587 1899; x_wconf 88' lang='grc'><strong>6.</strong></span> <span class='ocrx_word' id='word_1_172' title='bbox 621 1872 698 1882; x_wconf 91' lang='lat'><strong>——</strong></span> <span class='ocrx_word' id='word_1_173' title='bbox 721 1840 956 1900; x_wconf 88' lang='lat' dir='ltr'><strong>Eadem</strong></span> <span class='ocrx_word' id='word_1_174' title='bbox 982 1844 1182 1909; x_wconf 81' lang='lat' dir='ltr'><strong>aetate</strong></span> <span class='ocrx_word' id='word_1_175' title='bbox 1209 1856 1429 1901; x_wconf 90' lang='lat' dir='ltr'><strong>omnes</strong></span> <span class='ocrx_word' id='word_1_176' title='bbox 1453 1840 1653 1900; x_wconf 87' lang='lat' dir='ltr'><strong>libros</strong></span> <span class='ocrx_word' id='word_1_177' title='bbox 1680 1840 2278 1901; x_wconf 88' lang='lat' dir='ltr'><strong>deuterocanonicos</strong></span> <span class='ocrx_word' id='word_1_178' title='bbox 2308 1856 2422 1916; x_wconf 90' lang='lat' dir='ltr'><strong>pro</strong></span> <span class='ocrx_word' id='word_1_179' title='bbox 2451 1838 2679 1900; x_wconf 82' lang='lat' dir='ltr'><strong>divinis</strong></span> <span class='ocrx_word' id='word_1_180' title='bbox 2703 1854 2846 1899; x_wconf 91' lang='lat' dir='ltr'><strong>esse</strong></span> <span class='ocrx_word' id='word_1_181' title='bbox 2876 1854 2973 1897; x_wconf 90' lang='lat' dir='ltr'><strong>re-</strong></span> 
     </span>
     <span class='ocr_line' id='line_1_18' title="bbox 451 1932 2972 2015; baseline -0.001 -21"><span class='ocrx_word' id='word_1_182' title='bbox 451 1942 666 2013; x_wconf 86' lang='lat' dir='ltr'><strong>ceptos</strong></span> <span class='ocrx_word' id='word_1_183' title='bbox 695 1936 923 1997; x_wconf 84' lang='lat' dir='ltr'><strong>docent</strong></span> <span class='ocrx_word' id='word_1_184' title='bbox 949 1937 1208 2015; x_wconf 85' lang='lat' dir='ltr'><strong>catalogi</strong></span> <span class='ocrx_word' id='word_1_185' title='bbox 1235 1936 1697 2015; x_wconf 77' lang='lat' dir='ltr'><strong>scripturarum</strong></span> <span class='ocrx_word' id='word_1_186' title='bbox 1724 1954 1762 1996; x_wconf 88' lang='lat' dir='ltr'><strong>a</strong></span> <span class='ocrx_word' id='word_1_187' title='bbox 1792 1938 2075 1997; x_wconf 62' lang='lat' dir='ltr'><strong>Cone-iliis</strong></span> <span class='ocrx_word' id='word_1_188' title='bbox 2104 1935 2369 1997; x_wconf 67' lang='lat' dir='ltr'><strong>Nic-aeno</strong></span> <span class='ocrx_word' id='word_1_189' title='bbox 2396 1938 2442 1996; x_wconf 93' lang='lat'><strong>1.</strong></span> <span class='ocrx_word' id='word_1_190' title='bbox 2476 1934 2556 2015; x_wconf 85' lang='lat' dir='ltr'><strong>(a.</strong></span> <span class='ocrx_word' id='word_1_191' title='bbox 2584 1932 2779 2012; x_wconf 80' lang='lat'><strong>325.),</strong></span> <span class='ocrx_word' id='word_1_192' title='bbox 2810 1932 2972 2009; x_wconf 83' lang='lat' dir='ltr'><strong>Hip-</strong></span> 
     </span>
     <span class='ocr_line' id='line_1_19' title="bbox 448 2030 2969 2113; baseline -0.002 -22"><span class='ocrx_word' id='word_1_193' title='bbox 448 2032 704 2109; x_wconf 81' lang='lat' dir='ltr'><strong>ponensi</strong></span> <span class='ocrx_word' id='word_1_194' title='bbox 742 2030 820 2113; x_wconf 86' lang='lat' dir='ltr'><strong>(a.</strong></span> <span class='ocrx_word' id='word_1_195' title='bbox 875 2032 1075 2112; x_wconf 85' lang='lat'><strong>393.),</strong></span> <span class='ocrx_word' id='word_1_196' title='bbox 1116 2033 1709 2112; x_wconf 70' lang='lat' dir='ltr'><strong>Carthaqiniensihus</strong></span> <span class='ocrx_word' id='word_1_197' title='bbox 1738 2032 1817 2112; x_wconf 87' lang='lat' dir='ltr'><strong>(a.</strong></span> <span class='ocrx_word' id='word_1_198' title='bbox 1852 2034 1989 2094; x_wconf 85' lang='lat'><strong>397.</strong></span> <span class='ocrx_word' id='word_1_199' title='bbox 2028 2038 2093 2094; x_wconf 90' lang='lat' dir='ltr'><strong>et</strong></span> <span class='ocrx_word' id='word_1_200' title='bbox 2122 2030 2325 2111; x_wconf 78' lang='lat'><strong>419.)‚</strong></span> <span class='ocrx_word' id='word_1_201' title='bbox 2362 2050 2399 2092; x_wconf 87' lang='lat' dir='ltr'><strong>a</strong></span> <span class='ocrx_word' id='word_1_202' title='bbox 2432 2033 2499 2093; x_wconf 87' lang='lat' dir='ltr'><strong>S.</strong></span> <span class='ocrx_word' id='word_1_203' title='bbox 2540 2032 2895 2091; x_wconf 77' lang='lat' dir='ltr'><strong>Innocentio</strong></span> <span class='ocrx_word' id='word_1_204' title='bbox 2930 2030 2969 2087; x_wconf 88' lang='lat'><strong>1.</strong></span> 
     </span>
     <span class='ocr_line' id='line_1_20' title="bbox 454 2126 2973 2210; baseline -0.002 -22"><span class='ocrx_word' id='word_1_205' title='bbox 454 2128 530 2205; x_wconf 90' lang='lat' dir='ltr'><strong>(a.</strong></span> <span class='ocrx_word' id='word_1_206' title='bbox 564 2128 752 2209; x_wconf 82' lang='lat'><strong>405.),</strong></span> <span class='ocrx_word' id='word_1_207' title='bbox 785 2132 850 2192; x_wconf 90' lang='lat' dir='ltr'><strong>S.</strong></span> <span class='ocrx_word' id='word_1_208' title='bbox 885 2130 1219 2209; x_wconf 74' lang='lat' dir='ltr'><strong>Auyustino</strong></span> <span class='ocrx_word' id='word_1_209' title='bbox 1253 2130 1335 2210; x_wconf 89' lang='lat' dir='ltr'><strong>(a.</strong></span> <span class='ocrx_word' id='word_1_210' title='bbox 1369 2130 1537 2210; x_wconf 82' lang='grc'>397.)</span> <span class='ocrx_word' id='word_1_211' title='bbox 1565 2130 1848 2204; x_wconf 83' lang='lat' dir='ltr'><strong>stabiliti,</strong></span> <span class='ocrx_word' id='word_1_212' title='bbox 1874 2128 2092 2190; x_wconf 82' lang='lat' dir='ltr'><strong>codices</strong></span> <span class='ocrx_word' id='word_1_213' title='bbox 2125 2130 2581 2209; x_wconf 82' lang='lat' dir='ltr'><strong>Scripturarum</strong></span> <span class='ocrx_word' id='word_1_214' title='bbox 2609 2128 2817 2209; x_wconf 68' lang='lat' dir='ltr'><strong>praeci</strong></span> <span class='ocrx_word' id='word_1_215' title='bbox 2838 2126 2973 2185; x_wconf 84' lang='lat' dir='ltr'><strong>istis</strong></span> 
     </span>
     <span class='ocr_line' id='line_1_21' title="bbox 452 2226 2051 2305; baseline 0.001 -21"><span class='ocrx_word' id='word_1_216' title='bbox 452 2227 718 2287; x_wconf 88' lang='lat' dir='ltr'><strong>saeculis</strong></span> <span class='ocrx_word' id='word_1_217' title='bbox 752 2226 968 2305; x_wconf 84' lang='lat' dir='ltr'><strong>scripti</strong></span> <span class='ocrx_word' id='word_1_218' title='bbox 994 2230 1415 2304; x_wconf 82' lang='lat' dir='ltr'><strong>versionesque</strong></span> <span class='ocrx_word' id='word_1_219' title='bbox 1445 2244 1520 2287; x_wconf 83' lang='lat' dir='ltr'><strong>ex</strong></span> <span class='ocrx_word' id='word_1_220' title='bbox 1545 2227 1671 2288; x_wconf 88' lang='lat' dir='ltr'><strong>illis</strong></span> <span class='ocrx_word' id='word_1_221' title='bbox 1696 2226 2051 2288; x_wconf 86' lang='lat' dir='ltr'><strong>adornatae.</strong></span> 
     </span>
    </p>
   </div>
   <div class='ocr_carea' id='block_1_4' title="bbox 449 2338 3018 3996">
    <p class='ocr_par' dir='ltr' id='par_1_4' title="bbox 449 2338 3018 3996">
     <span class='ocr_line' id='line_1_22' title="bbox 522 2338 2967 2413; baseline -0.002 -18"><span class='ocrx_word' id='word_1_222' title='bbox 522 2342 668 2395; x_wconf 93' lang='lat' dir='ltr'><strong>Num</strong></span> <span class='ocrx_word' id='word_1_223' title='bbox 701 2341 878 2411; x_wconf 87' lang='lat' dir='ltr'><strong>prima</strong></span> <span class='ocrx_word' id='word_1_224' title='bbox 913 2338 1153 2413; x_wconf 82' lang='lat' dir='ltr'><strong>synodus</strong></span> <span class='ocrx_word' id='word_1_225' title='bbox 1184 2341 1535 2396; x_wconf 88' lang='lat' dir='ltr'><strong>oecumenica</strong></span> <span class='ocrx_word' id='word_1_226' title='bbox 1563 2338 1862 2411; x_wconf 88' lang='lat' dir='ltr'><strong>quidquam</strong></span> <span class='ocrx_word' id='word_1_227' title='bbox 1901 2339 1970 2396; x_wconf 93' lang='lat' dir='ltr'><strong>de</strong></span> <span class='ocrx_word' id='word_1_228' title='bbox 2008 2356 2218 2397; x_wconf 87' lang='lat' dir='ltr'><strong>canone</strong></span> <span class='ocrx_word' id='word_1_229' title='bbox 2254 2340 2662 2411; x_wconf 84' lang='lat' dir='ltr'><strong>scripturarum</strong></span> <span class='ocrx_word' id='word_1_230' title='bbox 2698 2338 2967 2399; x_wconf 82' lang='lat' dir='ltr'><strong>statuerit,</strong></span> 
     </span>
     <span class='ocr_line' id='line_1_23' title="bbox 451 2424 2967 2500; baseline -0.003 -17"><span class='ocrx_word' id='word_1_231' title='bbox 451 2426 734 2483; x_wconf 87' lang='lat' dir='ltr'><strong>dubitatur</strong></span> <span class='ocrx_word' id='word_1_232' title='bbox 761 2428 987 2500; x_wconf 88' lang='lat' dir='ltr'><strong>quidem</strong></span> <span class='ocrx_word' id='word_1_233' title='bbox 1015 2444 1046 2483; x_wconf 91' lang='lat' dir='ltr'><strong>a</strong></span> <span class='ocrx_word' id='word_1_234' title='bbox 1073 2427 1372 2497; x_wconf 87' lang='lat' dir='ltr'><strong>nonnullis,</strong></span> <span class='ocrx_word' id='word_1_235' title='bbox 1399 2427 1497 2483; x_wconf 89' lang='lat' dir='ltr'><strong>sed</strong></span> <span class='ocrx_word' id='word_1_236' title='bbox 1525 2436 1849 2499; x_wconf 84' lang='lat' dir='ltr'><strong>argumenta</strong></span> <span class='ocrx_word' id='word_1_237' title='bbox 1879 2427 2139 2484; x_wconf 89' lang='lat' dir='ltr'><strong>historica</strong></span> <span class='ocrx_word' id='word_1_238' title='bbox 2168 2443 2333 2483; x_wconf 88' lang='lat' dir='ltr'><strong>omne</strong></span> <span class='ocrx_word' id='word_1_239' title='bbox 2361 2426 2603 2498; x_wconf 87' lang='lat' dir='ltr'><strong>prudens</strong></span> <span class='ocrx_word' id='word_1_240' title='bbox 2632 2424 2865 2481; x_wconf 90' lang='lat' dir='ltr'><strong>dubium</strong></span> <span class='ocrx_word' id='word_1_241' title='bbox 2892 2424 2967 2476; x_wconf 84' lang='lat' dir='ltr'><strong>vi-</strong></span> 
     </span>
     <span class='ocr_line' id='line_1_24' title="bbox 451 2513 2963 2585; baseline -0.001 -16"><span class='ocrx_word' id='word_1_242' title='bbox 451 2514 652 2571; x_wconf 89' lang='lat' dir='ltr'><strong>dentur</strong></span> <span class='ocrx_word' id='word_1_243' title='bbox 669 2516 982 2572; x_wconf 86' lang='lat' dir='ltr'><strong>excludere.</strong></span> <span class='ocrx_word' id='word_1_244' title='bbox 1012 2518 1174 2572; x_wconf 89' lang='lat' dir='ltr'><strong>Teste</strong></span> <span class='ocrx_word' id='word_1_245' title='bbox 1193 2516 1251 2571; x_wconf 89' lang='lat' dir='ltr'><strong>S.</strong></span> <span class='ocrx_word' id='word_1_246' title='bbox 1275 2518 1637 2585; x_wconf 75' lang='lat' dir='ltr'><strong>Hieronymo</strong></span> <span class='ocrx_word' id='word_1_247' title='bbox 1660 2517 1714 2570; x_wconf 89' lang='lat' dir='ltr'><strong>in</strong></span> <span class='ocrx_word' id='word_1_248' title='bbox 1743 2514 1923 2571; x_wconf 70' lang='lat' dir='ltr'><strong>Praei.</strong></span> <span class='ocrx_word' id='word_1_249' title='bbox 1956 2515 2025 2571; x_wconf 92' lang='lat' dir='ltr'><strong>ad</strong></span> <span class='ocrx_word' id='word_1_250' title='bbox 2044 2515 2083 2571; x_wconf 90' lang='lat' dir='ltr'><strong>l.</strong></span> <span class='ocrx_word' id='word_1_251' title='bbox 2112 2514 2299 2572; x_wconf 88' lang='lat' dir='ltr'><strong>Iudith</strong></span> <span class='ocrx_word' id='word_1_252' title='bbox 2333 2536 2357 2566; x_wconf 78' lang='grc' dir='ltr'><strong>(ι</strong></span> <span class='ocrx_word' id='word_1_253' title='bbox 2390 2514 2537 2570; x_wconf 91' lang='lat' dir='ltr'><strong>hunc</strong></span> <span class='ocrx_word' id='word_1_254' title='bbox 2565 2513 2773 2571; x_wconf 90' lang='lat' dir='ltr'><strong>librum</strong></span> <span class='ocrx_word' id='word_1_255' title='bbox 2800 2528 2963 2583; x_wconf 73' lang='lat' dir='ltr'><strong>syno-</strong></span> 
     </span>
     <span class='ocr_line' id='line_1_25' title="bbox 451 2600 2968 2677; baseline -0.002 -20"><span class='ocrx_word' id='word_1_256' title='bbox 451 2602 564 2658; x_wconf 79' lang='lat' dir='ltr'><strong>dus</strong></span> <span class='ocrx_word' id='word_1_257' title='bbox 589 2606 848 2661; x_wconf 84' lang='lat' dir='ltr'><strong>Nicaena</strong></span> <span class='ocrx_word' id='word_1_258' title='bbox 879 2605 1081 2676; x_wconf 82' lang='lat' dir='ltr'><strong>legitur</strong></span> <span class='ocrx_word' id='word_1_259' title='bbox 1115 2607 1178 2658; x_wconf 79' lang='lat' dir='ltr'><strong>in</strong></span> <span class='ocrx_word' id='word_1_260' title='bbox 1203 2619 1447 2659; x_wconf 80' lang='lat' dir='ltr'><strong>numero</strong></span> <span class='ocrx_word' id='word_1_261' title='bbox 1483 2620 1766 2659; x_wconf 87' lang='lat' dir='ltr'><strong>sacrarum</strong></span> <span class='ocrx_word' id='word_1_262' title='bbox 1802 2604 2211 2675; x_wconf 80' lang='lat' dir='ltr'><strong>scripturarum</strong></span> <span class='ocrx_word' id='word_1_263' title='bbox 2250 2608 2620 2677; x_wconf 78' lang='lat' dir='ltr'><strong>computasse</strong></span> <span class='ocrx_word' id='word_1_264' title='bbox 2667 2622 2725 2667; x_wconf 73' lang='grc' dir='ltr'><strong>»ς</strong></span> <span class='ocrx_word' id='word_1_265' title='bbox 2776 2600 2968 2674; x_wconf 83' lang='lat' dir='ltr'><strong>quibus</strong></span> 
     </span>
     <span class='ocr_line' id='line_1_26' title="bbox 449 2689 2967 2765; baseline -0.003 -18"><span class='ocrx_word' id='word_1_266' title='bbox 449 2692 612 2747; x_wconf 89' lang='lat' dir='ltr'><strong>claris</strong></span> <span class='ocrx_word' id='word_1_267' title='bbox 639 2692 820 2747; x_wconf 85' lang='lat' dir='ltr'><strong>verbis</strong></span> <span class='ocrx_word' id='word_1_268' title='bbox 854 2708 968 2747; x_wconf 92' lang='lat' dir='ltr'><strong>non</strong></span> <span class='ocrx_word' id='word_1_269' title='bbox 995 2691 1288 2759; x_wconf 78' lang='lat' dir='ltr'><strong>satisfacit,</strong></span> <span class='ocrx_word' id='word_1_270' title='bbox 1316 2690 1408 2763; x_wconf 90' lang='lat' dir='ltr'><strong>qui</strong></span> <span class='ocrx_word' id='word_1_271' title='bbox 1451 2689 1519 2747; x_wconf 91' lang='lat' dir='ltr'><strong>ab</strong></span> <span class='ocrx_word' id='word_1_272' title='bbox 1558 2708 1671 2747; x_wconf 89' lang='lat' dir='ltr'><strong>uno</strong></span> <span class='ocrx_word' id='word_1_273' title='bbox 1698 2693 1940 2748; x_wconf 85' lang='lat' dir='ltr'><strong>alterove</strong></span> <span class='ocrx_word' id='word_1_274' title='bbox 1968 2691 2165 2765; x_wconf 86' lang='lat' dir='ltr'><strong>synodi</strong></span> <span class='ocrx_word' id='word_1_275' title='bbox 2190 2691 2441 2748; x_wconf 89' lang='lat' dir='ltr'><strong>membro</strong></span> <span class='ocrx_word' id='word_1_276' title='bbox 2471 2690 2672 2747; x_wconf 87' lang='lat' dir='ltr'><strong>librum</strong></span> <span class='ocrx_word' id='word_1_277' title='bbox 2695 2689 2832 2747; x_wconf 90' lang='lat' dir='ltr'><strong>dicit</strong></span> <span class='ocrx_word' id='word_1_278' title='bbox 2856 2702 2967 2743; x_wconf 86' lang='lat' dir='ltr'><strong>esse</strong></span> 
     </span>
     <span class='ocr_line' id='line_1_27' title="bbox 451 2776 2965 2851; baseline -0.004 -16"><span class='ocrx_word' id='word_1_279' title='bbox 451 2778 731 2835; x_wconf 90' lang='lat' dir='ltr'><strong>laudatum</strong></span> <span class='ocrx_word' id='word_1_280' title='bbox 767 2788 864 2835; x_wconf 89' lang='lat' dir='ltr'><strong>aut</strong></span> <span class='ocrx_word' id='word_1_281' title='bbox 904 2780 965 2835; x_wconf 86' lang='lat' dir='ltr'><strong>in</strong></span> <span class='ocrx_word' id='word_1_282' title='bbox 1011 2779 1239 2849; x_wconf 90' lang='lat' dir='ltr'><strong>publicis</strong></span> <span class='ocrx_word' id='word_1_283' title='bbox 1287 2776 1484 2851; x_wconf 87' lang='lat' dir='ltr'><strong>synodi</strong></span> <span class='ocrx_word' id='word_1_284' title='bbox 1530 2778 1665 2835; x_wconf 88' lang='lat' dir='ltr'><strong>actis</strong></span> <span class='ocrx_word' id='word_1_285' title='bbox 1708 2779 2034 2851; x_wconf 82' lang='lat' dir='ltr'><strong>allegatum;</strong></span> <span class='ocrx_word' id='word_1_286' title='bbox 2070 2779 2169 2835; x_wconf 90' lang='lat' dir='ltr'><strong>sed</strong></span> <span class='ocrx_word' id='word_1_287' title='bbox 2218 2778 2500 2835; x_wconf 77' lang='lat' dir='ltr'><strong>fatendum</strong></span> <span class='ocrx_word' id='word_1_288' title='bbox 2541 2788 2651 2848; x_wconf 90' lang='lat' dir='ltr'><strong>est,</strong></span> <span class='ocrx_word' id='word_1_289' title='bbox 2684 2776 2965 2850; x_wconf 77' lang='lat' dir='ltr'><strong>synodum</strong></span> 
     </span>
     <span class='ocr_line' id='line_1_28' title="bbox 451 2866 2964 2939; baseline -0.002 -16"><span class='ocrx_word' id='word_1_290' title='bbox 451 2868 620 2923; x_wconf 90' lang='lat' dir='ltr'><strong>libros</strong></span> <span class='ocrx_word' id='word_1_291' title='bbox 655 2883 840 2924; x_wconf 89' lang='lat' dir='ltr'><strong>sacros</strong></span> <span class='ocrx_word' id='word_1_292' title='bbox 875 2867 934 2923; x_wconf 89' lang='lat' dir='ltr'><strong>in</strong></span> <span class='ocrx_word' id='word_1_293' title='bbox 969 2868 1154 2939; x_wconf 89' lang='lat' dir='ltr'><strong>aliquo</strong></span> <span class='ocrx_word' id='word_1_294' title='bbox 1193 2866 1415 2923; x_wconf 87' lang='lat' dir='ltr'><strong>decreto</strong></span> <span class='ocrx_word' id='word_1_295' title='bbox 1461 2882 1834 2923; x_wconf 79' lang='lat' dir='ltr'><strong>enumerasse</strong></span> <span class='ocrx_word' id='word_1_296' title='bbox 1881 2874 2047 2939; x_wconf 81' lang='lat' dir='ltr'><strong>atque</strong></span> <span class='ocrx_word' id='word_1_297' title='bbox 2092 2866 2150 2923; x_wconf 87' lang='lat' dir='ltr'><strong>in</strong></span> <span class='ocrx_word' id='word_1_298' title='bbox 2196 2882 2390 2923; x_wconf 89' lang='lat' dir='ltr'><strong>eorum</strong></span> <span class='ocrx_word' id='word_1_299' title='bbox 2432 2882 2731 2923; x_wconf 89' lang='lat' dir='ltr'><strong>numerum</strong></span> <span class='ocrx_word' id='word_1_300' title='bbox 2776 2866 2964 2923; x_wconf 87' lang='lat' dir='ltr'><strong>saltem</strong></span> 
     </span>
     <span class='ocr_line' id='line_1_29' title="bbox 449 2953 2963 3026; baseline -0.002 -15"><span class='ocrx_word' id='word_1_301' title='bbox 449 2972 622 3012; x_wconf 88' lang='lat' dir='ltr'><strong>unum</strong></span> <span class='ocrx_word' id='word_1_302' title='bbox 647 2972 714 3011; x_wconf 84' lang='lat' dir='ltr'><strong>ex</strong></span> <span class='ocrx_word' id='word_1_303' title='bbox 756 2955 1261 3012; x_wconf 86' lang='lat' dir='ltr'><strong>deuterocanonicis</strong></span> <span class='ocrx_word' id='word_1_304' title='bbox 1302 2956 1593 3026; x_wconf 83' lang='lat' dir='ltr'><strong>recepisse.</strong></span> <span class='ocrx_word' id='word_1_305' title='bbox 1627 2957 1799 3009; x_wconf 88' lang='lat' dir='ltr'><strong>Porro</strong></span> <span class='ocrx_word' id='word_1_306' title='bbox 1842 2954 2219 3011; x_wconf 76' lang='lat' dir='ltr'><strong>Cassiodorus</strong></span> <span class='ocrx_word' id='word_1_307' title='bbox 2248 2958 2353 3023; x_wconf 91' lang='lat' dir='ltr'><strong>(De</strong></span> <span class='ocrx_word' id='word_1_308' title='bbox 2381 2954 2549 3011; x_wconf 88' lang='lat' dir='ltr'><strong>instit.</strong></span> <span class='ocrx_word' id='word_1_309' title='bbox 2598 2953 2708 3011; x_wconf 85' lang='lat' dir='ltr'><strong>div.</strong></span> <span class='ocrx_word' id='word_1_310' title='bbox 2757 2955 2839 3011; x_wconf 90' lang='lat' dir='ltr'><strong>lit.</strong></span> <span class='ocrx_word' id='word_1_311' title='bbox 2886 2955 2963 3015; x_wconf 73' lang='lat'><strong>14)</strong></span> 
     </span>
     <span class='ocr_line' id='line_1_30' title="bbox 451 3042 2963 3117; baseline 0 -18"><span class='ocrx_word' id='word_1_312' title='bbox 451 3060 669 3115; x_wconf 90' lang='lat' dir='ltr'><strong>quoque</strong></span> <span class='ocrx_word' id='word_1_313' title='bbox 705 3042 976 3117; x_wconf 82' lang='lat' dir='ltr'><strong>synodum</strong></span> <span class='ocrx_word' id='word_1_314' title='bbox 1012 3043 1312 3098; x_wconf 88' lang='lat' dir='ltr'><strong>Nicaenam</strong></span> <span class='ocrx_word' id='word_1_315' title='bbox 1347 3043 1404 3098; x_wconf 91' lang='lat' dir='ltr'><strong>in</strong></span> <span class='ocrx_word' id='word_1_316' title='bbox 1440 3042 1637 3098; x_wconf 89' lang='lat' dir='ltr'><strong>eodem</strong></span> <span class='ocrx_word' id='word_1_317' title='bbox 1675 3042 1867 3098; x_wconf 86' lang='lat' dir='ltr'><strong>ordine</strong></span> <span class='ocrx_word' id='word_1_318' title='bbox 1913 3051 2163 3099; x_wconf 87' lang='lat' dir='ltr'><strong>recenset</strong></span> <span class='ocrx_word' id='word_1_319' title='bbox 2197 3059 2325 3099; x_wconf 90' lang='lat' dir='ltr'><strong>cum</strong></span> <span class='ocrx_word' id='word_1_320' title='bbox 2362 3044 2420 3099; x_wconf 90' lang='lat' dir='ltr'><strong>S.</strong></span> <span class='ocrx_word' id='word_1_321' title='bbox 2460 3043 2704 3110; x_wconf 85' lang='lat' dir='ltr'><strong>Hilario,</strong></span> <span class='ocrx_word' id='word_1_322' title='bbox 2744 3042 2963 3099; x_wconf 70' lang='lat' dir='ltr'><strong>Rufino.</strong></span> 
     </span>
     <span class='ocr_line' id='line_1_31' title="bbox 453 3129 3018 3203; baseline -0.002 -17"><span class='ocrx_word' id='word_1_323' title='bbox 453 3131 774 3203; x_wconf 84' lang='lat' dir='ltr'><strong>Epiphani0‚</strong></span> <span class='ocrx_word' id='word_1_324' title='bbox 800 3130 896 3201; x_wconf 90' lang='lat' dir='ltr'><strong>qui</strong></span> <span class='ocrx_word' id='word_1_325' title='bbox 922 3147 1114 3186; x_wconf 90' lang='lat' dir='ltr'><strong>omnes</strong></span> <span class='ocrx_word' id='word_1_326' title='bbox 1135 3130 1383 3203; x_wconf 87' lang='lat' dir='ltr'><strong>catalogo</strong></span> <span class='ocrx_word' id='word_1_327' title='bbox 1408 3130 1647 3186; x_wconf 88' lang='lat' dir='ltr'><strong>stabilito</strong></span> <span class='ocrx_word' id='word_1_328' title='bbox 1681 3150 1705 3181; x_wconf 80' lang='grc' dir='ltr'>α</span> <span class='ocrx_word' id='word_1_329' title='bbox 1735 3146 1833 3200; x_wconf 87' lang='lat' dir='ltr'><strong>per</strong></span> <span class='ocrx_word' id='word_1_330' title='bbox 1857 3129 2147 3186; x_wconf 88' lang='lat' dir='ltr'><strong>divisiones</strong></span> <span class='ocrx_word' id='word_1_331' title='bbox 2180 3146 2307 3187; x_wconf 88' lang='lat' dir='ltr'><strong>suas</strong></span> <span class='ocrx_word' id='word_1_332' title='bbox 2332 3130 2505 3187; x_wconf 91' lang='lat' dir='ltr'><strong>libros</strong></span> <span class='ocrx_word' id='word_1_333' title='bbox 2541 3131 2755 3187; x_wconf 87' lang='lat' dir='ltr'><strong>divinos</strong></span> <span class='ocrx_word' id='word_1_334' title='bbox 2788 3144 2966 3186; x_wconf 89' lang='lat' dir='ltr'><strong>sacra·</strong></span> <span class='ocrx_word' id='word_1_335' title='bbox 3017 3134 3018 3137; x_wconf 75' lang='grc'>’</span> 
     </span>
     <span class='ocr_line' id='line_1_32' title="bbox 451 3216 2963 3290; baseline -0.002 -17"><span class='ocrx_word' id='word_1_336' title='bbox 451 3220 649 3275; x_wconf 88' lang='lat' dir='ltr'><strong>mentis</strong></span> <span class='ocrx_word' id='word_1_337' title='bbox 674 3220 1108 3290; x_wconf 87' lang='lat' dir='ltr'><strong>competentibus</strong></span> <span class='ocrx_word' id='word_1_338' title='bbox 1147 3226 1474 3290; x_wconf 86' lang='lat' dir='ltr'><strong>aptaverunt</strong></span> <span class='ocrx_word' id='word_1_339' title='bbox 1505 3239 1530 3269; x_wconf 73' lang='grc' dir='ltr'><strong>υ</strong></span> <span class='ocrx_word' id='word_1_340' title='bbox 1562 3219 1598 3273; x_wconf 90' lang='lat' dir='ltr'><strong>i.</strong></span> <span class='ocrx_word' id='word_1_341' title='bbox 1633 3234 1679 3273; x_wconf 91' lang='lat' dir='ltr'><strong>e.</strong></span> <span class='ocrx_word' id='word_1_342' title='bbox 1718 3232 1912 3275; x_wconf 85' lang='lat' dir='ltr'><strong>eorum</strong></span> <span class='ocrx_word' id='word_1_343' title='bbox 1947 3234 2241 3275; x_wconf 89' lang='lat' dir='ltr'><strong>numerum</strong></span> <span class='ocrx_word' id='word_1_344' title='bbox 2279 3220 2354 3274; x_wconf 88' lang='lat' dir='ltr'><strong>ita</strong></span> <span class='ocrx_word' id='word_1_345' title='bbox 2392 3218 2800 3288; x_wconf 88' lang='lat' dir='ltr'><strong>stabiliverunt,</strong></span> <span class='ocrx_word' id='word_1_346' title='bbox 2830 3226 2891 3273; x_wconf 91' lang='lat' dir='ltr'><strong>ut</strong></span> <span class='ocrx_word' id='word_1_347' title='bbox 2914 3216 2963 3270; x_wconf 90' lang='lat' dir='ltr'><strong>in</strong></span> 
     </span>
     <span class='ocr_line' id='line_1_33' title="bbox 451 3304 2961 3387; baseline -0.003 -24"><span class='ocrx_word' id='word_1_348' title='bbox 451 3322 518 3363; x_wconf 91' lang='lat' dir='ltr'><strong>eo</strong></span> <span class='ocrx_word' id='word_1_349' title='bbox 559 3308 775 3378; x_wconf 85' lang='lat' dir='ltr'><strong>mystici</strong></span> <span class='ocrx_word' id='word_1_350' title='bbox 815 3306 1021 3377; x_wconf 89' lang='lat' dir='ltr'><strong>aliquid</strong></span> <span class='ocrx_word' id='word_1_351' title='bbox 1063 3306 1480 3378; x_wconf 83' lang='lat' dir='ltr'><strong>significaretur.</strong></span> <span class='ocrx_word' id='word_1_352' title='bbox 1525 3305 1737 3375; x_wconf 84' lang='lat' dir='ltr'><strong>Quibus</strong></span> <span class='ocrx_word' id='word_1_353' title='bbox 1782 3304 1989 3362; x_wconf 89' lang='lat' dir='ltr'><strong>accedit</strong></span> <span class='ocrx_word' id='word_1_354' title='bbox 2030 3306 2205 3363; x_wconf 80' lang='lat' dir='ltr'><strong>codex</strong></span> <span class='ocrx_word' id='word_1_355' title='bbox 2250 3306 2509 3379; x_wconf 88' lang='lat' dir='ltr'><strong>antiquus</strong></span> <span class='ocrx_word' id='word_1_356' title='bbox 2549 3322 2692 3387; x_wconf 57' lang='lat' dir='ltr'><strong>saep.</strong></span> <span class='ocrx_word' id='word_1_357' title='bbox 2724 3314 2779 3363; x_wconf 85' lang='lat'><strong>8.</strong></span> <span class='ocrx_word' id='word_1_358' title='bbox 2806 3304 2891 3361; x_wconf 79' lang='lat' dir='ltr'><strong>vel</strong></span> <span class='ocrx_word' id='word_1_359' title='bbox 2914 3310 2961 3358; x_wconf 87' lang='grc'><strong>9.</strong></span> 
     </span>
     <span class='ocr_line' id='line_1_34' title="bbox 454 3393 2967 3467; baseline 0 -18"><span class='ocrx_word' id='word_1_360' title='bbox 454 3394 736 3464; x_wconf 81' lang='lat' dir='ltr'><strong>(vallicell.</strong></span> <span class='ocrx_word' id='word_1_361' title='bbox 769 3396 831 3450; x_wconf 91' lang='lat' dir='ltr'><strong>B.</strong></span> <span class='ocrx_word' id='word_1_362' title='bbox 862 3401 951 3450; x_wconf 86' lang='grc'><strong>58.</strong></span> <span class='ocrx_word' id='word_1_363' title='bbox 985 3394 1080 3449; x_wconf 78' lang='lat' dir='ltr'><strong>sol.</strong></span> <span class='ocrx_word' id='word_1_364' title='bbox 1122 3397 1256 3463; x_wconf 85' lang='lat'><strong>77.),</strong></span> <span class='ocrx_word' id='word_1_365' title='bbox 1295 3395 1391 3467; x_wconf 85' lang='lat' dir='ltr'><strong>qui</strong></span> <span class='ocrx_word' id='word_1_366' title='bbox 1421 3393 1623 3450; x_wconf 89' lang='lat' dir='ltr'><strong>canoni</strong></span> <span class='ocrx_word' id='word_1_367' title='bbox 1650 3398 1737 3449; x_wconf 82' lang='grc'><strong>36.</strong></span> <span class='ocrx_word' id='word_1_368' title='bbox 1772 3394 1989 3450; x_wconf 89' lang='lat' dir='ltr'><strong>concilii</strong></span> <span class='ocrx_word' id='word_1_369' title='bbox 2016 3396 2257 3467; x_wconf 87' lang='lat' dir='ltr'><strong>Hippon.</strong></span> <span class='ocrx_word' id='word_1_370' title='bbox 2297 3412 2347 3451; x_wconf 92' lang='lat' dir='ltr'><strong>a.</strong></span> <span class='ocrx_word' id='word_1_371' title='bbox 2385 3400 2505 3452; x_wconf 82' lang='grc'><strong>393.</strong></span> <span class='ocrx_word' id='word_1_372' title='bbox 2545 3396 2691 3451; x_wconf 88' lang='lat' dir='ltr'><strong>hanc</strong></span> <span class='ocrx_word' id='word_1_373' title='bbox 2722 3393 2967 3467; x_wconf 82' lang='lat' dir='ltr'><strong>praefigit</strong></span> 
     </span>
     <span class='ocr_line' id='line_1_35' title="bbox 450 3480 3018 3555; baseline -0.002 -18"><span class='ocrx_word' id='word_1_374' title='bbox 450 3482 856 3555; x_wconf 88' lang='lat' dir='ltr'><strong>inscriptionem</strong></span> <span class='ocrx_word' id='word_1_375' title='bbox 890 3504 903 3539; x_wconf 74' lang='grc' dir='ltr'>ε</span> <span class='ocrx_word' id='word_1_376' title='bbox 949 3502 980 3535; x_wconf 76' lang='grc' dir='ltr'><strong>α</strong></span> <span class='ocrx_word' id='word_1_377' title='bbox 1017 3483 1100 3538; x_wconf 90' lang='lat' dir='ltr'><strong>Ut</strong></span> <span class='ocrx_word' id='word_1_378' title='bbox 1145 3490 1362 3553; x_wconf 87' lang='lat' dir='ltr'><strong>praeter</strong></span> <span class='ocrx_word' id='word_1_379' title='bbox 1403 3482 1715 3554; x_wconf 87' lang='lat' dir='ltr'><strong>Scripturas</strong></span> <span class='ocrx_word' id='word_1_380' title='bbox 1760 3482 2057 3538; x_wconf 86' lang='lat' dir='ltr'><strong>catholicas</strong></span> <span class='ocrx_word' id='word_1_381' title='bbox 2100 3483 2427 3555; x_wconf 86' lang='lat' dir='ltr'><strong>(canonicas)</strong></span> <span class='ocrx_word' id='word_1_382' title='bbox 2468 3482 2607 3541; x_wconf 90' lang='lat' dir='ltr'><strong>nihil</strong></span> <span class='ocrx_word' id='word_1_383' title='bbox 2642 3485 2701 3539; x_wconf 91' lang='lat' dir='ltr'><strong>in</strong></span> <span class='ocrx_word' id='word_1_384' title='bbox 2746 3480 2965 3539; x_wconf 85' lang='lat' dir='ltr'><strong>ecclesia</strong></span> <span class='ocrx_word' id='word_1_385' title='bbox 3017 3496 3018 3511; x_wconf 57' lang='lat'>¹</span> 
     </span>
     <span class='ocr_line' id='line_1_36' title="bbox 451 3570 3018 3644; baseline 0 -17"><span class='ocrx_word' id='word_1_386' title='bbox 451 3572 683 3643; x_wconf 87' lang='lat' dir='ltr'><strong>legatur.</strong></span> <span class='ocrx_word' id='word_1_387' title='bbox 713 3570 990 3644; x_wconf 81' lang='lat' dir='ltr'><strong>Capituli</strong></span> <span class='ocrx_word' id='word_1_388' title='bbox 1011 3574 1236 3629; x_wconf 84' lang='lat' dir='ltr'><em>XXIV.</em></span> <span class='ocrx_word' id='word_1_389' title='bbox 1269 3572 1515 3627; x_wconf 82' lang='lat' dir='ltr'><strong>Nicaeni</strong></span> <span class='ocrx_word' id='word_1_390' title='bbox 1542 3572 1811 3627; x_wconf 76' lang='lat' dir='ltr'><strong>concilii.</strong></span> <span class='ocrx_word' id='word_1_391' title='bbox 1840 3573 1981 3627; x_wconf 84' lang='lat' dir='ltr'><strong>Item</strong></span> <span class='ocrx_word' id='word_1_392' title='bbox 2004 3580 2066 3626; x_wconf 94' lang='lat' dir='ltr'><strong>ut</strong></span> <span class='ocrx_word' id='word_1_393' title='bbox 2094 3580 2313 3642; x_wconf 86' lang='lat' dir='ltr'><strong>praeter</strong></span> <span class='ocrx_word' id='word_1_394' title='bbox 2336 3572 2646 3644; x_wconf 90' lang='lat' dir='ltr'><strong>Scripturas</strong></span> <span class='ocrx_word' id='word_1_395' title='bbox 2672 3570 2964 3627; x_wconf 89' lang='lat' dir='ltr'><strong>catholicas</strong></span> <span class='ocrx_word' id='word_1_396' title='bbox 3017 3622 3018 3627; x_wconf 73' lang='grc'>,</span> 
     </span>
     <span class='ocr_line' id='line_1_37' title="bbox 449 3658 2962 3731; baseline -0.001 -18"><span class='ocrx_word' id='word_1_397' title='bbox 449 3659 586 3714; x_wconf 90' lang='lat' dir='ltr'><strong>nihil</strong></span> <span class='ocrx_word' id='word_1_398' title='bbox 615 3659 676 3713; x_wconf 96' lang='lat' dir='ltr'><strong>in</strong></span> <span class='ocrx_word' id='word_1_399' title='bbox 709 3659 935 3715; x_wconf 89' lang='lat' dir='ltr'><strong>ecclesia</strong></span> <span class='ocrx_word' id='word_1_400' title='bbox 972 3658 1192 3731; x_wconf 79' lang='lat' dir='ltr'><strong>legatur</strong></span> <span class='ocrx_word' id='word_1_401' title='bbox 1217 3659 1319 3714; x_wconf 87' lang='lat' dir='ltr'><strong>sub</strong></span> <span class='ocrx_word' id='word_1_402' title='bbox 1354 3659 1579 3714; x_wconf 90' lang='lat' dir='ltr'><strong>nomine</strong></span> <span class='ocrx_word' id='word_1_403' title='bbox 1616 3658 1925 3715; x_wconf 89' lang='lat' dir='ltr'><strong>divinarum</strong></span> <span class='ocrx_word' id='word_1_404' title='bbox 1956 3659 2380 3730; x_wconf 85' lang='lat' dir='ltr'><strong>scripturarum.</strong></span> <span class='ocrx_word' id='word_1_405' title='bbox 2422 3660 2561 3716; x_wconf 90' lang='lat' dir='ltr'><strong>Sunt</strong></span> <span class='ocrx_word' id='word_1_406' title='bbox 2586 3668 2775 3715; x_wconf 89' lang='lat' dir='ltr'><strong>autem</strong></span> <span class='ocrx_word' id='word_1_407' title='bbox 2802 3673 2962 3716; x_wconf 85' lang='lat' dir='ltr'><strong>cano·</strong></span> 
     </span>
     <span class='ocr_line' id='line_1_38' title="bbox 449 3744 2963 3819; baseline -0.002 -18"><span class='ocrx_word' id='word_1_408' title='bbox 449 3748 608 3802; x_wconf 90' lang='lat' dir='ltr'><strong>nicae</strong></span> <span class='ocrx_word' id='word_1_409' title='bbox 631 3747 942 3817; x_wconf 85' lang='lat' dir='ltr'><strong>scripturae</strong></span> <span class='ocrx_word' id='word_1_410' title='bbox 969 3768 995 3797; x_wconf 77' lang='grc'><em>»</em></span> <span class='ocrx_word' id='word_1_411' title='bbox 1029 3754 1133 3802; x_wconf 90' lang='lat' dir='ltr'><strong>etc.</strong></span> <span class='ocrx_word' id='word_1_412' title='bbox 1151 3788 1166 3815; x_wconf 91' lang='lat'><strong>,</strong></span> <span class='ocrx_word' id='word_1_413' title='bbox 1193 3755 1361 3817; x_wconf 88' lang='lat' dir='ltr'><strong>atque</strong></span> <span class='ocrx_word' id='word_1_414' title='bbox 1392 3748 1639 3817; x_wconf 89' lang='lat' dir='ltr'><strong>sequitur</strong></span> <span class='ocrx_word' id='word_1_415' title='bbox 1666 3746 1947 3819; x_wconf 88' lang='lat' dir='ltr'><strong>catalogus</strong></span> <span class='ocrx_word' id='word_1_416' title='bbox 1973 3756 2199 3802; x_wconf 88' lang='lat' dir='ltr'><strong>cunctos</strong></span> <span class='ocrx_word' id='word_1_417' title='bbox 2226 3747 2387 3819; x_wconf 88' lang='lat' dir='ltr'><strong>primi</strong></span> <span class='ocrx_word' id='word_1_418' title='bbox 2418 3755 2473 3803; x_wconf 93' lang='lat' dir='ltr'><strong>et</strong></span> <span class='ocrx_word' id='word_1_419' title='bbox 2502 3747 2725 3804; x_wconf 89' lang='lat' dir='ltr'><strong>secundi</strong></span> <span class='ocrx_word' id='word_1_420' title='bbox 2746 3744 2963 3804; x_wconf 88' lang='lat' dir='ltr'><strong>canonis</strong></span> 
     </span>
     <span class='ocr_line' id='line_1_39' title="bbox 451 3834 2963 3908; baseline -0.002 -19"><span class='ocrx_word' id='word_1_421' title='bbox 451 3834 620 3891; x_wconf 89' lang='lat' dir='ltr'><strong>libros</strong></span> <span class='ocrx_word' id='word_1_422' title='bbox 648 3834 994 3889; x_wconf 87' lang='lat' dir='ltr'><strong>intermixtos</strong></span> <span class='ocrx_word' id='word_1_423' title='bbox 1029 3834 1310 3890; x_wconf 77' lang='lat' dir='ltr'><strong>exhibens,</strong></span> <span class='ocrx_word' id='word_1_424' title='bbox 1352 3834 1518 3891; x_wconf 90' lang='lat' dir='ltr'><strong>Unde</strong></span> <span class='ocrx_word' id='word_1_425' title='bbox 1557 3850 1793 3905; x_wconf 90' lang='lat' dir='ltr'><strong>pronum</strong></span> <span class='ocrx_word' id='word_1_426' title='bbox 1837 3844 1921 3890; x_wconf 90' lang='lat' dir='ltr'><strong>est</strong></span> <span class='ocrx_word' id='word_1_427' title='bbox 1960 3834 2319 3903; x_wconf 91' lang='lat' dir='ltr'><strong>concludere,</strong></span> <span class='ocrx_word' id='word_1_428' title='bbox 2359 3836 2744 3908; x_wconf 86' lang='lat' dir='ltr'><strong>Hipponenses</strong></span> <span class='ocrx_word' id='word_1_429' title='bbox 2783 3838 2963 3891; x_wconf 85' lang='lat' dir='ltr'><strong>Patres</strong></span> 
     </span>
     <span class='ocr_line' id='line_1_40' title="bbox 451 3920 3018 3996; baseline -0.003 -17"><span class='ocrx_word' id='word_1_430' title='bbox 451 3922 762 3995; x_wconf 87' lang='lat' dir='ltr'><strong>catalogum</strong></span> <span class='ocrx_word' id='word_1_431' title='bbox 783 3938 945 3979; x_wconf 89' lang='lat' dir='ltr'><strong>suum</strong></span> <span class='ocrx_word' id='word_1_432' title='bbox 969 3937 1036 3977; x_wconf 83' lang='lat' dir='ltr'><strong>ex</strong></span> <span class='ocrx_word' id='word_1_433' title='bbox 1054 3922 1306 3979; x_wconf 79' lang='lat' dir='ltr'><strong>Nicaenis</strong></span> <span class='ocrx_word' id='word_1_434' title='bbox 1324 3920 1585 3991; x_wconf 81' lang='lat' dir='ltr'><strong>decretiS,</strong></span> <span class='ocrx_word' id='word_1_435' title='bbox 1614 3938 1755 3995; x_wconf 90' lang='lat' dir='ltr'><strong>quae</strong></span> <span class='ocrx_word' id='word_1_436' title='bbox 1780 3923 2123 3979; x_wconf 89' lang='lat' dir='ltr'><strong>Caecilianus</strong></span> <span class='ocrx_word' id='word_1_437' title='bbox 2146 3923 2404 3996; x_wconf 81' lang='lat' dir='ltr'><strong>Carthag.</strong></span> <span class='ocrx_word' id='word_1_438' title='bbox 2433 3939 2621 3979; x_wconf 85' lang='lat' dir='ltr'><strong>secum</strong></span> <span class='ocrx_word' id='word_1_439' title='bbox 2644 3925 2701 3980; x_wconf 89' lang='lat' dir='ltr'><strong>in</strong></span> <span class='ocrx_word' id='word_1_440' title='bbox 2730 3922 2961 3979; x_wconf 79' lang='lat' dir='ltr'><strong>Africam</strong></span> <span class='ocrx_word' id='word_1_441' title='bbox 3017 3956 3018 3961; x_wconf 19' lang='grc' dir='ltr'>η</span> 
     </span>
    </p>
   </div>
   <div class='ocr_carea' id='block_1_5' title="bbox 449 4088 2960 4708">
    <p class='ocr_par' dir='ltr' id='par_1_5' title="bbox 449 4088 2960 4708">
     <span class='ocr_line' id='line_1_41' title="bbox 449 4088 2958 4154; baseline -0.002 -15"><span class='ocrx_word' id='word_1_442' title='bbox 449 4091 570 4154; x_wconf 85' lang='lat' dir='ltr'><strong>quia</strong></span> <span class='ocrx_word' id='word_1_443' title='bbox 599 4089 740 4153; x_wconf 83' lang='lat' dir='ltr'><strong>Syris</strong></span> <span class='ocrx_word' id='word_1_444' title='bbox 781 4089 930 4153; x_wconf 85' lang='lat' dir='ltr'><strong>plane</strong></span> <span class='ocrx_word' id='word_1_445' title='bbox 973 4088 1256 4151; x_wconf 82' lang='lat' dir='ltr'><strong>incognitos</strong></span> <span class='ocrx_word' id='word_1_446' title='bbox 1299 4088 1454 4139; x_wconf 85' lang='lat' dir='ltr'><strong>fuisse</strong></span> <span class='ocrx_word' id='word_1_447' title='bbox 1492 4088 1972 4139; x_wconf 85' lang='lat' dir='ltr'><strong>deuteroeanonicos</strong></span> <span class='ocrx_word' id='word_1_448' title='bbox 2009 4088 2167 4139; x_wconf 90' lang='lat' dir='ltr'><strong>libros</strong></span> <span class='ocrx_word' id='word_1_449' title='bbox 2202 4094 2436 4141; x_wconf 80' lang='lat' dir='ltr'><strong>asserunt</strong></span> <span class='ocrx_word' id='word_1_450' title='bbox 2470 4091 2753 4141; x_wconf 79' lang='lat' dir='ltr'><strong>acatholici.</strong></span> <span class='ocrx_word' id='word_1_451' title='bbox 2790 4092 2958 4152; x_wconf 81' lang='lat' dir='ltr'><strong>Supra</strong></span> 
     </span>
     <span class='ocr_line' id='line_1_42' title="bbox 451 4168 2960 4231; baseline -0.003 -11"><span class='ocrx_word' id='word_1_452' title='bbox 451 4173 502 4220; x_wconf 90' lang='lat' dir='ltr'><strong>S.</strong></span> <span class='ocrx_word' id='word_1_453' title='bbox 533 4168 833 4219; x_wconf 72' lang='lat' dir='ltr'><strong>Archelaum</strong></span> <span class='ocrx_word' id='word_1_454' title='bbox 881 4168 1055 4219; x_wconf 78' lang='lat' dir='ltr'><strong>Chai-r.</strong></span> <span class='ocrx_word' id='word_1_455' title='bbox 1096 4170 1197 4218; x_wconf 86' lang='lat' dir='ltr'><strong>iam</strong></span> <span class='ocrx_word' id='word_1_456' title='bbox 1244 4168 1620 4217; x_wconf 80' lang='lat' dir='ltr'><strong>nominavimus</strong></span> <span class='ocrx_word' id='word_1_457' title='bbox 1666 4168 1730 4217; x_wconf 82' lang='lat' dir='ltr'><strong>ad</strong></span> <span class='ocrx_word' id='word_1_458' title='bbox 1778 4169 1909 4219; x_wconf 78' lang='lat' dir='ltr'><strong>banc</strong></span> <span class='ocrx_word' id='word_1_459' title='bbox 1953 4169 2251 4219; x_wconf 82' lang='lat' dir='ltr'><strong>sententiam</strong></span> <span class='ocrx_word' id='word_1_460' title='bbox 2305 4168 2661 4231; x_wconf 77' lang='lat' dir='ltr'><strong>refellendam3</strong></span> <span class='ocrx_word' id='word_1_461' title='bbox 2704 4172 2803 4221; x_wconf 81' lang='lat' dir='ltr'><strong>iam</strong></span> <span class='ocrx_word' id='word_1_462' title='bbox 2848 4179 2960 4216; x_wconf 79' lang='lat' dir='ltr'><strong>vero</strong></span> 
     </span>
     <span class='ocr_line' id='line_1_43' title="bbox 452 4244 2957 4314; baseline -0.002 -14"><span class='ocrx_word' id='word_1_463' title='bbox 452 4252 503 4300; x_wconf 92' lang='lat' dir='ltr'><strong>S.</strong></span> <span class='ocrx_word' id='word_1_464' title='bbox 529 4248 776 4309; x_wconf 86' lang='lat' dir='ltr'><strong>Ephraem</strong></span> <span class='ocrx_word' id='word_1_465' title='bbox 804 4246 982 4297; x_wconf 85' lang='lat' dir='ltr'><strong>laudat</strong></span> <span class='ocrx_word' id='word_1_466' title='bbox 1001 4246 1222 4299; x_wconf 77' lang='lat' dir='ltr'><strong>Baruch</strong></span> <span class='ocrx_word' id='word_1_467' title='bbox 1254 4261 1370 4296; x_wconf 90' lang='lat' dir='ltr'><strong>cum</strong></span> <span class='ocrx_word' id='word_1_468' title='bbox 1397 4244 1512 4296; x_wconf 90' lang='lat' dir='ltr'><strong>aliis</strong></span> <span class='ocrx_word' id='word_1_469' title='bbox 1536 4246 1791 4311; x_wconf 84' lang='lat' dir='ltr'><strong>prophetis</strong></span> <span class='ocrx_word' id='word_1_470' title='bbox 1817 4247 1964 4312; x_wconf 85' lang='lat' dir='ltr'><strong>(Opp.</strong></span> <span class='ocrx_word' id='word_1_471' title='bbox 1996 4262 2099 4311; x_wconf 77' lang='lat' dir='ltr'><strong>syr.</strong></span> <span class='ocrx_word' id='word_1_472' title='bbox 2136 4250 2193 4298; x_wconf 84' lang='lat'><strong>11.</strong></span> <span class='ocrx_word' id='word_1_473' title='bbox 2228 4253 2333 4298; x_wconf 87' lang='lat'><strong>212.</strong></span> <span class='ocrx_word' id='word_1_474' title='bbox 2362 4253 2497 4314; x_wconf 81' lang='lat'><strong>213),</strong></span> <span class='ocrx_word' id='word_1_475' title='bbox 2526 4249 2829 4313; x_wconf 72' lang='lat' dir='ltr'><strong>fraymenta</strong></span> <span class='ocrx_word' id='word_1_476' title='bbox 2856 4249 2957 4295; x_wconf 88' lang='lat' dir='ltr'><strong>Da-</strong></span> 
     </span>
     <span class='ocr_line' id='line_1_44' title="bbox 451 4324 2953 4392; baseline -0.002 -15"><span class='ocrx_word' id='word_1_477' title='bbox 451 4328 612 4377; x_wconf 80' lang='lat' dir='ltr'><strong>nielis</strong></span> <span class='ocrx_word' id='word_1_478' title='bbox 657 4340 803 4391; x_wconf 88' lang='lat' dir='ltr'><strong>saepe</strong></span> <span class='ocrx_word' id='word_1_479' title='bbox 839 4325 1044 4377; x_wconf 84' lang='lat' dir='ltr'><strong>adhibet</strong></span> <span class='ocrx_word' id='word_1_480' title='bbox 1073 4325 1141 4389; x_wconf 92' lang='lat' dir='ltr'><strong>(S.</strong></span> <span class='ocrx_word' id='word_1_481' title='bbox 1181 4326 1339 4389; x_wconf 85' lang='lat' dir='ltr'><strong>prr.</strong></span> <span class='ocrx_word' id='word_1_482' title='bbox 1377 4326 1567 4389; x_wconf 82' lang='lat' dir='ltr'><strong>Hymni</strong></span> <span class='ocrx_word' id='word_1_483' title='bbox 1588 4328 1639 4377; x_wconf 86' lang='lat' dir='ltr'><strong>et</strong></span> <span class='ocrx_word' id='word_1_484' title='bbox 1666 4339 1921 4377; x_wconf 86' lang='lat' dir='ltr'><strong>sermones</strong></span> <span class='ocrx_word' id='word_1_485' title='bbox 1949 4327 2027 4378; x_wconf 91' lang='lat' dir='ltr'><strong>ed.</strong></span> <span class='ocrx_word' id='word_1_486' title='bbox 2058 4329 2151 4377; x_wconf 85' lang='lat' dir='ltr'><strong>Th.</strong></span> <span class='ocrx_word' id='word_1_487' title='bbox 2182 4329 2222 4378; x_wconf 92' lang='lat'><strong>1.</strong></span> <span class='ocrx_word' id='word_1_488' title='bbox 2252 4332 2405 4392; x_wconf 82' lang='lat' dir='ltr'><strong>Lamy</strong></span> <span class='ocrx_word' id='word_1_489' title='bbox 2435 4328 2729 4381; x_wconf 80' lang='lat' dir='ltr'><strong>Mecbliniae</strong></span> <span class='ocrx_word' id='word_1_490' title='bbox 2760 4331 2891 4379; x_wconf 82' lang='lat'><strong>1882.</strong></span> <span class='ocrx_word' id='word_1_491' title='bbox 2922 4324 2953 4371; x_wconf 91' lang='lat' dir='ltr'><strong>l.</strong></span> 
     </span>
     <span class='ocr_line' id='line_1_45' title="bbox 453 4402 2955 4472; baseline 0 -18"><span class='ocrx_word' id='word_1_492' title='bbox 453 4408 530 4455; x_wconf 92' lang='grc'><strong>77.</strong></span> <span class='ocrx_word' id='word_1_493' title='bbox 563 4409 678 4465; x_wconf 82' lang='grc' dir='ltr'><strong>53ος</strong></span> <span class='ocrx_word' id='word_1_494' title='bbox 703 4407 767 4455; x_wconf 91' lang='lat'><strong>11.</strong></span> <span class='ocrx_word' id='word_1_495' title='bbox 794 4409 903 4455; x_wconf 80' lang='grc'><strong>661.</strong></span> <span class='ocrx_word' id='word_1_496' title='bbox 930 4409 1036 4455; x_wconf 79' lang='grc'><strong>667.</strong></span> <span class='ocrx_word' id='word_1_497' title='bbox 1064 4408 1156 4453; x_wconf 85' lang='grc'><strong>669</strong></span> <span class='ocrx_word' id='word_1_498' title='bbox 1187 4404 1332 4469; x_wconf 70' lang='lat' dir='ltr'><strong>etc),</strong></span> <span class='ocrx_word' id='word_1_499' title='bbox 1363 4404 1500 4454; x_wconf 83' lang='lat' dir='ltr'><strong>libro</strong></span> <span class='ocrx_word' id='word_1_500' title='bbox 1525 4404 1709 4456; x_wconf 72' lang='lat' dir='ltr'><strong>ludim</strong></span> <span class='ocrx_word' id='word_1_501' title='bbox 1733 4405 1785 4455; x_wconf 90' lang='lat' dir='ltr'><strong>in</strong></span> <span class='ocrx_word' id='word_1_502' title='bbox 1812 4406 2110 4469; x_wconf 84' lang='lat' dir='ltr'><strong>explicando</strong></span> <span class='ocrx_word' id='word_1_503' title='bbox 2132 4408 2390 4457; x_wconf 83' lang='lat' dir='ltr'><strong>Ezechiele</strong></span> <span class='ocrx_word' id='word_1_504' title='bbox 2424 4407 2572 4471; x_wconf 91' lang='lat' dir='ltr'><strong>(Opp.</strong></span> <span class='ocrx_word' id='word_1_505' title='bbox 2610 4422 2710 4472; x_wconf 83' lang='lat' dir='ltr'><strong>syr.</strong></span> <span class='ocrx_word' id='word_1_506' title='bbox 2750 4410 2811 4458; x_wconf 88' lang='lat' dir='ltr'><strong>ll.</strong></span> <span class='ocrx_word' id='word_1_507' title='bbox 2838 4402 2955 4462; x_wconf 84' lang='lat'><strong>293),</strong></span> 
     </span>
     <span class='ocr_line' id='line_1_46' title="bbox 453 4478 2955 4551; baseline -0.001 -18"><span class='ocrx_word' id='word_1_508' title='bbox 453 4483 606 4535; x_wconf 79' lang='lat' dir='ltr'><strong>libris</strong></span> <span class='ocrx_word' id='word_1_509' title='bbox 637 4484 816 4535; x_wconf 71' lang='lat' dir='ltr'><strong>Maeli.</strong></span> <span class='ocrx_word' id='word_1_510' title='bbox 846 4484 900 4533; x_wconf 90' lang='lat' dir='ltr'><strong>in</strong></span> <span class='ocrx_word' id='word_1_511' title='bbox 923 4482 1224 4547; x_wconf 85' lang='lat' dir='ltr'><strong>explicando</strong></span> <span class='ocrx_word' id='word_1_512' title='bbox 1244 4481 1452 4533; x_wconf 82' lang='lat' dir='ltr'><strong>Daniele</strong></span> <span class='ocrx_word' id='word_1_513' title='bbox 1480 4482 1623 4547; x_wconf 88' lang='lat' dir='ltr'><strong>(opp.</strong></span> <span class='ocrx_word' id='word_1_514' title='bbox 1654 4498 1758 4548; x_wconf 83' lang='lat' dir='ltr'><strong>syr.</strong></span> <span class='ocrx_word' id='word_1_515' title='bbox 1784 4488 1847 4535; x_wconf 86' lang='lat' dir='ltr'><strong>n.</strong></span> <span class='ocrx_word' id='word_1_516' title='bbox 1875 4490 1981 4535; x_wconf 80' lang='lat'><strong>218.</strong></span> <span class='ocrx_word' id='word_1_517' title='bbox 2009 4486 2119 4551; x_wconf 80' lang='lat'>231)</span> <span class='ocrx_word' id='word_1_518' title='bbox 2142 4490 2193 4535; x_wconf 84' lang='lat' dir='ltr'><strong>et</strong></span> <span class='ocrx_word' id='word_1_519' title='bbox 2220 4487 2273 4536; x_wconf 88' lang='lat' dir='ltr'><strong>in</strong></span> <span class='ocrx_word' id='word_1_520' title='bbox 2298 4487 2497 4550; x_wconf 82' lang='lat' dir='ltr'><strong>hymnis</strong></span> <span class='ocrx_word' id='word_1_521' title='bbox 2520 4486 2627 4537; x_wconf 87' lang='lat' dir='ltr'><strong>suis</strong></span> <span class='ocrx_word' id='word_1_522' title='bbox 2656 4484 2857 4551; x_wconf 84' lang='lat' dir='ltr'><strong>(Hymni</strong></span> <span class='ocrx_word' id='word_1_523' title='bbox 2882 4478 2955 4531; x_wconf 89' lang='lat' dir='ltr'><strong>ed.</strong></span> 
     </span>
     <span class='ocr_line' id='line_1_47' title="bbox 451 4557 2955 4631; baseline 0 -18"><span class='ocrx_word' id='word_1_524' title='bbox 451 4566 608 4626; x_wconf 83' lang='lat' dir='ltr'><strong>Lamy</strong></span> <span class='ocrx_word' id='word_1_525' title='bbox 627 4566 670 4613; x_wconf 90' lang='lat'><strong>1.</strong></span> <span class='ocrx_word' id='word_1_526' title='bbox 697 4562 774 4627; x_wconf 77' lang='lat'><strong>75)</strong></span> <span class='ocrx_word' id='word_1_527' title='bbox 793 4564 976 4613; x_wconf 86' lang='lat' dir='ltr'><strong>utitur.</strong></span> <span class='ocrx_word' id='word_1_528' title='bbox 993 4562 1161 4613; x_wconf 77' lang='lat' dir='ltr'><strong>Multo</strong></span> <span class='ocrx_word' id='word_1_529' title='bbox 1187 4562 1334 4628; x_wconf 86' lang='lat' dir='ltr'><strong>plura</strong></span> <span class='ocrx_word' id='word_1_530' title='bbox 1361 4577 1423 4613; x_wconf 83' lang='lat' dir='ltr'><strong>ex</strong></span> <span class='ocrx_word' id='word_1_531' title='bbox 1451 4564 1686 4627; x_wconf 87' lang='lat' dir='ltr'><strong>operibus</strong></span> <span class='ocrx_word' id='word_1_532' title='bbox 1712 4577 1883 4627; x_wconf 83' lang='lat' dir='ltr'><strong>graece</strong></span> <span class='ocrx_word' id='word_1_533' title='bbox 1910 4568 2111 4615; x_wconf 85' lang='lat' dir='ltr'><strong>tantum</strong></span> <span class='ocrx_word' id='word_1_534' title='bbox 2140 4566 2444 4617; x_wconf 82' lang='lat' dir='ltr'><strong>conservatis</strong></span> <span class='ocrx_word' id='word_1_535' title='bbox 2465 4564 2587 4616; x_wconf 85' lang='lat' dir='ltr'><strong>addi</strong></span> <span class='ocrx_word' id='word_1_536' title='bbox 2614 4569 2849 4631; x_wconf 83' lang='lat' dir='ltr'><strong>possunt;</strong></span> <span class='ocrx_word' id='word_1_537' title='bbox 2878 4557 2955 4609; x_wconf 81' lang='lat' dir='ltr'><strong>sed</strong></span> 
     </span>
     <span class='ocr_line' id='line_1_48' title="bbox 455 4638 2059 4708; baseline -0.002 -16"><span class='ocrx_word' id='word_1_538' title='bbox 455 4642 578 4692; x_wconf 81' lang='lat' dir='ltr'><strong>haec</strong></span> <span class='ocrx_word' id='word_1_539' title='bbox 601 4641 750 4708; x_wconf 79' lang='lat' dir='ltr'><strong>plane</strong></span> <span class='ocrx_word' id='word_1_540' title='bbox 777 4641 1049 4693; x_wconf 76' lang='lat' dir='ltr'><strong>sufiiciunt.</strong></span> <span class='ocrx_word' id='word_1_541' title='bbox 2052 4638 2059 4645; x_wconf 86' lang='lat'>&#39;</span> 
     </span>
    </p>
   </div>
  </div>
 </body>
</html>
