3050 5184
752 365 829 410 nn
872 365 1095 417 QUARTI
1136 364 1451 410 eumaem
1495 365 1636 408 rma
1677 367 1751 408 m·
1793 365 2034 410 onoma.
2533 350 2649 410 507

156 497 281 554 (6,67
316 509 465 566 sqq.;
506 501 719 567 20,24);
753 497 979 570 quinam
1024 496 1103 553 illi
1146 495 1375 562 fuerint,
1424 513 1489 551 ex
1533 496 1653 551 aliis
1694 497 2000 570 Evangeliis
2043 497 2326 569 cognitum
2367 497 2646 567 supponit.

154 577 395 636 ,lliracula
418 581 531 638 duo
552 584 611 638 in
634 586 787 642 Cana
810 592 1027 656 patrata
1052 589 1230 652 (2‚11;
1257 589 1408 652 ⁴‚⁵⁴)
1432 585 1680 638 initium
1703 585 1988 656 signorum
2011 593 2068 640 et
2087 585 2410 640 secundnm
2431 582 2648 655 signum

152 665 297 722 fuisse
317 669 472 736 dicit;
500 670 702 728 indicat
742 673 929 745 igitur,
960 671 1193 728 lectores
1233 679 1398 728 antea
1441 680 1662 743 putasse
1703 681 1799 728 aut
1823 681 2016 744 putare
2050 671 2316 742 potuisse,
2346 672 2650 726 Dominum

152 752 207 808 ab
232 754 341 809 aliis
362 758 639 816 miraculis
660 759 1028 816 ministerium
1058 758 1373 831 galilaicum
1392 758 1702 827 inchoasse,
1727 758 1798 814 ab
1825 759 1892 815 iis
1920 775 2020 823 sc.,
2050 775 2190 830 quae
2215 758 2492 831 Synoptici
2514 773 2647 812 nar-

150 849 273 897 rant.
296 845 597 914 Baptistam
626 867 653 897 α
680 845 931 903 nondum
956 846 1019 902 in
1058 861 1341 902 carcerem
1374 846 1610 902 missum
1637 843 1802 902 fuisse
1825 867 1852 897 n
1883 846 2015 902 dicit
2049 849 2214 914 (334)
2233 888 2247 912 ,
2275 854 2332 900 at
2359 844 2558 900 nullibi
2580 843 2649 900 de

152 927 235 982 hac
262 933 575 1001 captivitate
615 933 878 1006 loquitur,
920 949 1089 1006 quam
1116 934 1396 1007 Synoptici
1435 932 1547 990 iam
1589 935 1894 990 retulerant
1924 941 2032 990 etc.
2077 933 2214 1002 Quia
2259 933 2426 1004 igitur
2469 931 2648 1002 priora

152 1017 413 1088 Evangelia
446 1021 666 1092 cognita
696 1021 987 1093 supponit,
1013 1022 1141 1078 ideo
1164 1022 1343 1077 multa
1364 1021 1459 1078 illa
1481 1021 1750 1077 miracula
1775 1022 1990 1093 aliaque
2012 1019 2314 1077 divinitatis
2340 1018 2649 1076 testimonia
2669 1021 2678 1030 ’

150 1102 205 1156 ab
233 1103 345 1160 aliis
374 1106 543 1164 allata
576 1107 833 1166 omittere
856 1109 1061 1178 voluit,
1086 1118 1149 1165 ut
1175 1109 1333 1165 novis
1354 1116 1413 1164 ct
1434 1109 1724 1166 altioribus
1747 1109 2086 1180 argumentis
2117 1123 2278 1164 suam
2304 1105 2490 1162 thesin
2517 1121 2654 1161 con-s

150 1189 384 1250 firmaret.

764 1374 1033 1432 Quamxo
1058 1373 1149 1424 IV.
1169 1399 1231 1410 —
1257 1375 1333 1422 De
1361 1375 1525 1434 quarti
1547 1373 1806 1434 Evangelii
1826 1374 2008 1422 ordine.

210 1528 295 1586 11.
333 1561 411 1572 -
438 1531 593 1590 Tam
620 1535 907 1592 accurate
936 1532 998 1592 S.
1032 1532 1293 1592 loannes
1323 1532 1835 1610 chronologicum
1869 1531 2156 1591 ordinem
2194 1531 2260 1590 in
2300 1546 2410 1590 sua
2445 1543 2650 1588 narra-

148 1621 289 1682 lione
316 1625 624 1702 sequitur,
658 1632 728 1686 ut
754 1643 969 1689 veram
994 1628 1157 1688 vitae
1188 1627 1479 1706 publicae
1504 1628 1756 1688 Domini
1786 1627 2190 1688 chronotaxin
2221 1624 2510 1686 exhibeat
2535 1625 2652 1683 Do-

144 1718 481 1799 minumque
522 1741 558 1784 a
594 1724 909 1801 baptismo
939 1742 1139 1802 usque
1174 1724 1255 1784 ad
1296 1741 1473 1785 suam
1516 1728 1788 1784 mortem
1834 1724 2036 1784 tribus
2079 1722 2258 1784 annis
2305 1727 2368 1782 et
2411 1719 2652 1796 aliquot

145 1816 439 1878 mensibus
472 1810 768 1880 doc‘uisse
796 1821 1104 1882 ostendat.

198 1911 541 1982 Singulorum
567 1913 701 1982 fere,
733 1929 875 1986 quae
914 1924 1132 1984 narrat,
1164 1923 1421 1972 accurate
1460 1924 1682 1987 tempus
1721 1916 1928 1972 indicat
1970 1917 2220 1970 Ioannes.
2273 1915 2404 1968 Post
2448 1927 2649 1984 prooe-

144 1997 291 2054 mium
308 2002 499 2058 statim
523 2001 741 2074 singula
770 2001 915 2058 facta
938 2003 1246 2060 secundum
1270 2002 1410 2070 dieS,
1436 2003 1639 2076 quibus
1659 2003 1999 2071 acciderunt,
2028 2003 2106 2058 ita
2129 2001 2408 2056 distribuit
2423 2042 2438 2069 ,
2463 2006 2528 2054 ut
2553 2013 2651 2069 per

144 2083 385 2157 integram
426 2087 840 2145 hebdomadam
870 2105 1043 2161 usque
1085 2091 1157 2146 ad
1184 2091 1409 2161 nuptias
1435 2091 1493 2146 in
1530 2092 1678 2146 Cana
1701 2092 2004 2146 Dominum
2037 2103 2339 2160 sequamur
2361 2092 2528 2154 (1,29.
2558 2091 2644 2141 35.

144 2179 222 2238 433
248 2179 374 2242 21).
412 2183 455 2232 Α
488 2177 637 2232 Cana
674 2175 963 2233 descendit
990 2177 1262 2234 Dominus
1285 2178 1345 2233 in
1373 2177 1782 2248 capharnaum,
1818 2177 1916 2233 ubi
1950 2198 1977 2228 α
2001 2192 2116 2232 non
2157 2175 2352 2232 multis
2389 2173 2586 2231 diebus
2619 2193 2642 2224 ι

146 2262 317 2316 mansit
374 2267 584 2334 (2,12);
632 2264 703 2320 ab
740 2264 847 2321 hoc
900 2264 1099 2322 deinde
1152 2273 1437 2321 momento
1485 2264 1832 2338 Evangelista
1881 2263 2064 2320 omnia
2112 2263 2263 2319 iuxta
2314 2262 2645 2319 ludaeorum

148 2345 257 2403 festa
284 2347 525 2420 disponit
556 2372 569 2406 ε
605 2357 733 2418 2,13
764 2353 1023 2425 (pascha)
1066 2358 1155 2422 5,1
1190 2351 1329 2417 (dies
1371 2352 1544 2408 festus
1572 2353 1954 2420 Iudaeorum),
1983 2357 2074 2418 6,4
2103 2351 2390 2422 (pascha),
2421 2356 2533 2418 ⁷‚2.
2583 2356 2645 2404 14

146 2437 510 2510 (scenopegia),
546 2444 703 2507 10‚22
728 2439 1059 2508 (encaenia),
1094 2447 1252 2508 11,53
1282 2448 1337 2495 et
1369 2446 1487 2509 12‚1
1536 2439 1826 2512 (pascha).
1866 2441 1930 2496 In
1969 2438 2076 2495 hac
2113 2439 2255 2496 serie
2291 2439 2442 2493 solus
2479 2458 2505 2489 e
2531 2436 2647 2492 dies

143 2519 287 2580 festus
310 2525 645 2582 ludaeorum
676 2547 725 2594 n,
756 2528 853 2598 qui
888 2533 973 2596 5‚¹
1006 2536 1493 2593 commemoratur,
1523 2528 1748 2584 nomine
1781 2543 1880 2583 suo
1916 2535 2096 2594 caret3
2129 2541 2297 2598 quare
2323 2525 2452 2581 inde
2479 2525 2590 2580 iam
2613 2541 2644 2582 a

142 2609 339 2668 Patr-um
364 2621 619 2684 tempore
652 2629 887 2686 magnus
928 2616 1297 2687 interpretum
1336 2616 1394 2670 in
1422 2631 1488 2671 eo
1530 2614 1845 2671 definiendo
1887 2613 2190 2692 dissensum
2231 2615 2430 2669 rectius
2457 2622 2642 2669 tamen

142 2695 245 2752 illos
263 2703 465 2756 sentire
492 2700 847 2771 arbitramur,
875 2703 972 2774 qui
992 2703 1225 2775 pascha
1253 2703 1626 2775 intelligentes
1649 2701 1930 2776 publicam
1953 2702 2124 2757 vitam
2151 2701 2379 2756 Domini
2407 2709 2646 2772 quatuor

141 2786 387 2852 paschatis
414 2787 776 2845 determinari
804 2798 971 2864 atque
998 2791 1147 2846 ultra
1184 2799 1299 2846 tres
1330 2806 1505 2846 annos
1539 2787 1764 2845 durasse
1794 2798 2039 2846 censent.

196 2883 326 2939 Huic
342 2886 496 2940 enim
512 2887 819 2942 sententiae
842 2886 987 2943 favet
1012 2892 1097 2954 a.)
1122 2885 1463 2958 probabilior
1482 2886 1594 2942 loci
1609 2886 1776 2942 lectio
1799 2885 1848 2954 (ἡ
1869 2885 2013 2956 ἑορτή
2033 2895 2097 2942 κ.
2119 2887 2178 2943 C.
2203 2889 2266 2942 E.
2289 2889 2352 2942 F.
2377 2889 2450 2942 H.
2473 2889 2540 2941 L.
2562 2887 2640 2941 M.

141 2967 175 3019 11
198 2986 314 3026 cum
350 2972 545 3027 multis
570 2972 925 3042 minusculis,
962 2974 1119 3045 Copt.
1159 2981 1422 3046 utraque3
1461 2973 1708 3045 reliquae
1743 2974 2050 3042 versioneS,
2084 2988 2255 3045 quum
2287 2974 2522 3030 articulo
2549 2989 2643 3028 ca-

140 3065 291 3128 reant,
316 3059 517 3116 saltem
540 3075 653 3116 non
676 3059 1101 3128 contradicunt),
1123 3076 1255 3117 nam
1284 3081 1309 3111 α
1333 3061 1533 3117 festum
1563 3081 1588 3112 α
1603 3059 1720 3116 κατ’
1739 3060 1916 3132 ἐξοχήν
1941 3061 2277 3118 Iudaeorum
2294 3069 2378 3116 est
2394 3059 2638 3134 pascha,

140 3144 267 3213 quod
295 3145 615 3203 immediate
644 3156 805 3203 antea
835 3152 1003 3214 (4,45)
1034 3147 1119 3202 bis
1144 3157 1369 3204 vocatur
1394 3147 1427 3215 ἡ
1456 3147 1622 3219 ἑορτή.
1665 3149 1742 3216 b.)
1771 3148 1966 3205 Eidem
1989 3149 2048 3206 S.
2073 3152 2308 3204 irenaei
2335 3148 2481 3204 iavet
2511 3165 2643 3204 auc-

140 3234 311 3289 toritas
336 3244 405 3300 (c.
432 3235 699 3290 Haer.11.
728 3239 839 3303 22),
871 3235 967 3307 qui
991 3250 1114 3290 eam
1138 3235 1288 3290 velut
1312 3245 1521 3292 certam
1545 3245 1742 3292 contra
1763 3236 2040 3308 gnosticos
2063 3236 2252 3304 affert3
2280 3245 2444 3307 atque
2465 3236 2646 3292 eidem

138 3317 203 3373 illi
222 3322 402 3378 Patres
436 3321 620 3378 favere
650 3322 868 3378 dicendi
890 3330 1046 3390 sunt,
1069 3322 1161 3394 qui
1185 3323 1310 3393 plus
1328 3338 1499 3394 quam
1520 3331 1634 3378 tres
1658 3339 1834 3379 annos
1859 3323 2075 3393 publico
2105 3324 2405 3379 ministerio
2431 3324 2646 3379 Domini

138 3406 381 3481 tribuunt,
402 3409 489 3465 uti
504 3410 799 3466 Eusebius
818 3411 911 3482 (H.
934 3412 997 3465 E.
1022 3412 1067 3465 1.
1094 3414 1201 3476 10),
1218 3414 1278 3466 S.
1300 3413 1692 3480 Hieronymus
1714 3410 1990 3474 (Chronic.
2016 3409 2088 3466 ad
2107 3427 2160 3466 a.
2185 3417 2270 3468 18.
2286 3410 2432 3478 Tib.)
2447 3420 2551 3467 etc.
2572 3413 2642 3480 c.)

140 3493 341 3552 Nullum
376 3512 601 3569 quoque
630 3495 832 3552 festum
858 3496 1117 3552 omnibus
1148 3498 1431 3570 perpensis
1470 3499 1652 3568 aptius
1683 3497 2026 3564 intelligitur.
2059 3500 2252 3570 Neque
2285 3499 2434 3554 enim
2467 3506 2646 3569 potest

139 3595 237 3636 esse
260 3587 488 3652 Pur-im,
518 3581 577 3640 id
605 3582 754 3656 quod
782 3582 1065 3640 modernis
1087 3585 1277 3640 multis
1300 3585 1508 3655 placet;
1541 3599 1674 3640 nam
1701 3585 1889 3640 Purim
1914 3584 2114 3640 festum
2137 3594 2256 3642 erat
2283 3587 2440 3643 civile
2469 3585 2648 3658 potius

138 3691 283 3745 quam
310 3681 650 3754 religiosum,
679 3695 851 3751 quare
874 3679 1020 3751 ἑορτή
1048 3671 1149 3752 (art
1180 3680 1264 3736 vel
1290 3673 1471 3751 “unm
1501 3697 1616 3736 non
1639 3681 1960 3748 vocabatur,
1977 3697 2083 3738 nec
2105 3682 2178 3738 ad
2200 3682 2338 3738 illud
2362 3683 2646 3738 celebran-

140 3761 253 3819 dum
276 3768 611 3840 ierosolyma
641 3767 927 3824 Israelitae
957 3765 1346 3824 ascendebant.
1383 3769 1496 3824 Nec
1526 3767 1753 3839 intelligi
1785 3776 1965 3837 potest
1989 3768 2186 3825 festum
2215 3775 2555 3832 Pentecoste,
2589 3767 2646 3823 id

141 3852 269 3920 quod
291 3856 583 3911 voluerunt
609 3855 721 3910 iam
742 3855 839 3910 SS.
866 3855 1129 3926 Cyrinus
1155 3854 1353 3923 Aleae,.,
1390 3855 1858 3926 chrysostomus,
1887 3857 2142 3912 Thomas
2166 3864 2274 3931 Aq.
2306 3855 2645 3912 consentien-

140 3937 267 3996 tibus
293 3941 439 4000 hand
478 3943 665 4014 paucis
706 3941 1021 4012 modernis3
1054 3944 1261 3998 etenim
1290 3941 1439 3998 illam
1470 3950 1829 4013 pentecosten
1863 3943 2206 4015 intelligunt,
2239 3959 2380 4016 quae
2406 3944 2646 4014 primum

141 4027 319 4092 pascha
350 4029 552 4086 Christi
588 4035 737 4098 (2‚13
775 4032 923 4102 sqq.)
962 4029 1285 4086 immedIate
1314 4039 1499 4086 secuta
1540 4039 1652 4098 est3
1690 4031 1846 4101 atqui
1885 4035 2090 4085 octavo
2123 4030 2268 4086 illius
2296 4031 2423 4087 anni
2461 4047 2647 4087 mense

142 4110 185 4174 (i.
215 4129 261 4170 e.
288 4117 601 4184 Decembri)
630 4125 687 4173 et
724 4115 948 4190 quidem
985 4125 1115 4174 ante
1143 4116 1374 4183 festum,
1408 4116 1477 4172 de
1506 4133 1617 4188 quo
1659 4118 1860 4189 agitur,
1893 4119 2166 4173 Dominus
2203 4135 2302 4188 per
2339 4118 2648 4174 Samariam

140 4199 422 4261 Galilaeam
450 4205 607 4276 petiit
635 4209 824 4273 (4,35).
856 4203 1069 4261 Eodem
1095 4213 1421 4278 argumento
1451 4204 1765 4260 excluditur
1786 4208 2148 4276 scenopeqia,
2179 4222 2321 4276 quae
2344 4222 2533 4262 mense
2559 4223 2648 4262 se-

142 4287 293 4354 ptimo
318 4291 729 4359 celebrabatur3
756 4293 825 4348 de
849 4293 1147 4350 encaeniis
1172 4301 1389 4362 autem,
1418 4307 1560 4364 quae
1582 4307 1772 4348 mense
1793 4307 1943 4346 nono
1961 4293 2386 4364 peragebantur,
2414 4295 2499 4349 vel
2523 4293 2650 4349 ideo

142 4387 301 4434 sermo
324 4395 441 4436 esse
463 4395 577 4436 non
609 4389 816 4450 potest,
846 4380 977 4450 quia
1000 4380 1299 4436 maioribus
1326 4377 1479 4436 festis
1506 4394 1621 4435 non
1650 4377 2158 4434 adnumerabantur
2184 4395 2289 4435 nec
2315 4379 2346 4446 ἣ
2377 4380 2519 4452 ἑορτή
2550 4397 2649 4452 ap-

144 4461 312 4528 pellari
348 4476 665 4538 potuerunt.
716 4467 797 4534 d.)
838 4467 1003 4523 Unica
1032 4466 1331 4524 difficultas
1373 4476 1569 4522 contra
1613 4465 1758 4521 hanc
1795 4467 2125 4521 sententiam
2167 4468 2226 4522 in
2253 4483 2318 4523 eo
2345 4476 2456 4535 est,
2501 4467 2651 4539 quod

143 4554 223 4614 6,4
245 4551 433 4611 iterum
457 4554 527 4611 de
553 4555 813 4624 paschate
836 4555 907 4610 sit
934 4570 1135 4624 sermo,
1164 4563 1227 4610 ut
1252 4555 1451 4625 integri
1477 4554 1608 4609 anni
1632 4553 1861 4608 historia
1887 4552 1953 4609 sit
1987 4555 2400 4624 praetermissa3
2430 4564 2488 4610 at
2515 4556 2653 4611 haec

143 4634 415 4699 difficultas
440 4645 629 4716 magni
668 4659 781 4698 non
818 4651 901 4699 est
927 4643 1227 4710 momenti,
1256 4640 1530 4713 siquidem
1557 4639 1908 4729 Evangelista
1957 4640 2102 4696 inter
2147 4647 2274 4711 6,72
2322 4651 2379 4696 et
2423 4649 2512 4712 7‚1
2555 4659 2649 4698 sex
