3050 5184
426 363 545 424 310
649 381 725 424 m:
768 381 909 424 νεῖ.
954 381 1208 425 rasum.
1252 381 1439 426 usius
1484 381 1834 426 mnacric1s.
1883 397 1962 410 -
2003 381 2134 425 mr.
2182 381 2254 426 11.
2301 380 2377 424 nr:
2417 377 2593 423 mano
2633 377 2749 421 1013.

426 510 700 566 tissimum
744 511 1079 579 declaratur,
1124 511 1257 584 quid
1300 513 1360 570 in
1404 513 1680 582 prioribus
1721 513 1902 570 verbis
1923 513 1997 570 sit
2035 509 2588 584 reprehendendum?
2631 511 2862 564 Demum
2895 507 2934 560 si

427 596 696 666 obiicitur,
720 598 909 654 iuveni
935 599 1219 656 neminem
1245 601 1580 672 respondere
1607 617 1710 657 nec
1737 601 1856 656 eius
1881 601 2056 658 ullam
2076 599 2416 655 mentionem
2437 598 2496 652 in
2517 596 2746 668 prologo
2765 605 2818 650 et
2839 595 2934 664 epi-

429 686 554 756 logo
583 685 718 752 fieri‚
750 685 807 741 id
834 685 1043 757 optime
1070 702 1127 742 se
1159 687 1365 744 habere
1389 687 1808 759 respondemus,
1839 689 1994 756 Quae
2021 686 2170 743 enim
2200 686 2448 758 protulit,
2485 701 2548 741 ea
2579 683 2798 739 veritati
2824 691 2935 736 sunt

430 787 697 840 consona3
729 788 902 844 quare
929 789 1031 829 nec
1053 790 1085 829 a
1108 773 1243 831 Iobo
1272 783 1369 830 aut
1396 775 1585 831 amicis
1613 791 1716 830 nec
1737 791 1770 830 a
1795 777 1914 830 Deo
1945 774 2244 845 vituperari
2260 780 2588 844 potuerunt3
2613 781 2730 826 tam
2761 784 2939 840 parcus

428 869 614 914 autem
643 868 698 915 et
724 859 941 916 sobrius
964 860 1066 916 suit
1089 869 1252 931 poeta
1280 862 1341 917 in
1369 862 1618 933 personis
1641 860 2018 930 nominandiS,
2047 869 2107 916 ut
2131 861 2196 917 iis
2221 869 2440 916 tantum
2477 860 2533 914 in
2559 858 2700 915 locis
2736 857 2940 912 illarum

428 947 766 1002 mentionem
794 946 1019 1016 faceret,
1044 948 1103 1003 in
1132 949 1331 1019 quibus
1356 951 1794 1020 praetermittere
1821 949 1944 1005 illas
1967 965 2082 1004 non
2109 948 2292 1014 licuit,
2331 947 2380 1002 si
2415 961 2642 1002 carmen
2675 959 2837 1000 suum
2865 943 2940 995 in-

428 1034 601 1106 telligi
629 1034 824 1089 voluit.

508 1187 567 1242 4.
600 1217 677 1226 --
704 1185 1017 1246 Senouou.
1056 1186 1377 1246 versionis
1406 1186 1844 1247 alexandrinae
1873 1186 2407 1257 additamentum,
2436 1183 2502 1243 in
2531 1199 2658 1259 quo
2686 1181 2821 1240 lobi
2849 1196 2942 1256 ge-

430 1279 712 1357 nealogia
739 1280 1040 1358 quaedam
1080 1283 1349 1342 refertur
1389 1286 1453 1341 et
1481 1283 1672 1342 Iobab
1703 1299 1814 1342 rex
1855 1281 2292 1342 Idumaeorum
2323 1280 2496 1358 (Gen.
2521 1279 2732 1354 3632)
2773 1276 2946 1336 fuisse
3028 1327 3029 1332 ,

429 1375 680 1447 dicitur,
715 1377 1094 1454 apocryphis
1120 1378 1444 1454 scripturis
1470 1382 1568 1438 est
1589 1377 2155 1438 adnumerandum.

498 1498 829 1552 Canonicam
858 1498 1240 1554 auctoritatem
1270 1498 1523 1554 nonnulli
1559 1497 1936 1554 additamento
1967 1496 2246 1553 vindicare
2283 1496 2604 1564 volucrunt,
2633 1500 2710 1562 a.)
2741 1492 2866 1566 quia
2903 1492 2948 1546 in

428 1599 621 1654 graeca
662 1587 730 1641 V.
771 1587 836 1639 T.
875 1584 1114 1640 editione
1144 1601 1175 1640 a
1204 1585 1355 1642 Sixto
1392 1589 1457 1641 V.
1490 1585 1794 1658 approbata
1825 1587 2152 1653 inveniatur,
2181 1585 2262 1653 b.)
2307 1584 2434 1656 quia
2475 1586 2668 1639 Patres
2695 1582 2834 1639 illud
2863 1595 2949 1650 pro

428 1670 610 1727 divina
636 1671 915 1743 Scriptura
945 1673 1269 1743 receperint,
1297 1677 1373 1740 c.)
1402 1674 1530 1745 quia
1557 1691 1590 1729 a
1619 1674 1879 1729 Conciliis
1907 1671 2166 1746 carthag.
2199 1681 2254 1728 et
2275 1671 2502 1727 Laodic.
2533 1670 2786 1726 videatur
2814 1669 2948 1721 velut

428 1759 753 1814 canonicum
776 1768 1080 1826 receptum.
1114 1764 1188 1815 At
1216 1776 1320 1815 nec
1348 1762 1562 1817 Sixtum
1583 1776 1707 1819 ,nec
1736 1761 1980 1816 Concilia
2019 1759 2326 1832 quidquam
2365 1759 2433 1814 de
2469 1758 2662 1813 multis
2699 1754 2950 1812 versionis

428 1846 813 1901 alexandrinae
836 1846 1232 1902 additamentis
1259 1857 1501 1904 statuere
1534 1848 1798 1916 voluisse,
1829 1849 1888 1904 in
1911 1855 2197 1918 comperto
2225 1855 2339 1915 est3
2371 1860 2552 1918 neque
2581 1847 2780 1901 Patres
2805 1845 2946 1914 igno-

431 1942 640 2003 rarunt,
672 1934 769 1988 illa
796 1933 853 1988 in
881 1935 1069 1989 multis
1096 1935 1501 2006 exemplaribus
1540 1935 1730 1992 deesse
1761 1950 2132 2008 graecumque
2169 1942 2384 1989 textum
2420 1933 2460 1988 1.
2505 1932 2605 1988 Iob
2646 1934 2828 1988 minus
2859 1947 2946 2000 pu-

430 2037 553 2076 rum
582 2037 700 2076 esse
724 2030 1138 2090 conservatum;
1172 2022 1242 2077 de
1265 2032 1527 2095 corrupto
1554 2025 1702 2079 enim
1727 2025 1846 2078 eius
1873 2032 2026 2078 textu
2057 2022 2171 2078 iam
2198 2019 2482 2093 conquesti
2512 2029 2647 2075 sunt
2685 2021 2946 2090 oriqenes

431 2111 549 2179 (Ep.
578 2109 652 2164 ad
674 2108 845 2163 Afric.
878 2113 931 2175 3)
961 2117 1019 2163 et
1042 2110 1102 2164 S.
1129 2112 1514 2180 Hieronymus
1545 2111 1742 2177 (Praei.
1773 2111 1888 2166 inl.
1925 2109 2064 2176 Iob).

1114 2315 1151 2396 §
1182 2319 1247 2378 5.
1277 2350 1368 2360 —
1394 2315 1490 2378 De
1519 2312 1680 2378 libri
1705 2313 1821 2379 Iob
1849 2313 2274 2380 auctoritate.

514 2525 567 2582 1.
603 2557 679 2566 -—-
709 2524 861 2584 Cum
894 2524 954 2584 S.
990 2525 1340 2602 Augustino
1376 2524 1661 2602 plerique
1687 2525 2036 2601 antiquitus
2066 2524 2300 2584 librum
2330 2523 2436 2583 Iob
2467 2523 2792 2583 historicis
2818 2535 2946 2597 ope·
3028 2541 3029 2582 3

430 2618 601 2679 ribus
630 2619 1148 2695 adnumerarunt;
1173 2626 1387 2681 contra
1416 2637 1560 2681 cum
1584 2621 1866 2681 rabbinis
1889 2621 2204 2681 nonnullis
2225 2620 2512 2680 moderni
2534 2619 2946 2680 rationalislae
3028 2605 3029 2676 J

432 2717 745 2792 integrum
773 2715 917 2776 libri
950 2722 1391 2793 argumentum
1434 2718 1763 2778 arbitrarie
1803 2717 2136 2777 confictum
2174 2734 2308 2776 esse
2351 2721 2610 2776 censent
2644 2719 2834 2792 atque
2869 2713 2948 2770 10-
3028 2723 3029 2800 ᾗ

430 2812 579 2871 bum
612 2811 824 2888 ipsum
855 2813 1164 2872 exstitisse
1195 2817 1443 2891 negant.
1477 2814 1646 2873 Inter
1683 2831 1836 2890 quas
1881 2814 2220 2874 sententias
2258 2813 2580 2890 oppositas
2621 2811 2838 2871 media
2867 2809 2948 2866 via
3028 2809 3029 2820 ¹

432 2907 797 2967 incedentes
827 2908 1016 2968 hodie
1044 2908 1337 2969 catholici
1368 2915 1617 2969 tantum
1641 2928 1771 2969 non
1803 2927 2021 2969 omnes
2054 2909 2427 2987 interpretes
2465 2907 2802 2968 historiam
2835 2904 2944 2964 lobi
3028 2923 3029 2928 ¹

432 3003 496 3062 in
525 3002 686 3063 libro
715 3004 976 3064 relatam
1006 3022 1217 3065 veram
1252 3005 1513 3081 quidem
1537 3023 1673 3066 esse
1691 3051 1706 3076 ,
1733 3005 1843 3065 sed
1874 3005 1953 3064 ab
1977 3011 2230 3064 auctore
2251 3004 2500 3082 poetice
2520 3004 2944 3080 amplificatam

432 3103 495 3158 et
524 3104 884 3159 exornatam
914 3106 1081 3160 recte
1109 3106 1413 3162 statuunt.

502 3221 754 3291 Namque
783 3228 869 3286 a.)
903 3221 1097 3276 Iobum
1121 3237 1241 3278 esse
1269 3239 1559 3293 personam
1591 3224 1940 3291 historicam,
1968 3223 2038 3280 de
2064 3223 2174 3280 fide
2200 3232 2282 3279 est
2307 3222 2411 3290 (cfr
2433 3223 2625 3278 Ezeeli.
2660 3225 2939 3290 14,14.‘20;

430 3310 554 3362 Iac.
584 3314 741 3376 5,11;
778 3310 910 3363 Tob.
944 3315 1092 3376 2,12.
1128 3316 1191 3365 15
1226 3309 1444 3382 γαίᾳ),
1489 3321 1655 3383 atque
1687 3312 1844 3382 proin
1881 3312 2048 3368 etiam
2083 3311 2200 3366 eius
2237 3311 2376 3378 fata,
2417 3320 2584 3381 prout
2613 3309 2868 3366 historice
2897 3308 2942 3359 in

432 3393 574 3449 libro
601 3395 935 3465 referuntur,
966 3413 1069 3468 pro
1100 3402 1243 3452 veris
1270 3408 1399 3454 sunt
1428 3399 1788 3454 admittenda.
1827 3403 2039 3454 Revera
2076 3400 2395 3454 summatim
2425 3415 2488 3454 ea
2519 3398 2772 3454 iudicant
2793 3399 2846 3453 S.
2877 3395 2941 3448 la·
3028 3395 3029 3408 ²

432 3482 603 3538 cobus
630 3484 969 3552 (patientiam
1000 3484 1325 3557 felicemque
1350 3487 1729 3542 calamitatum
1759 3487 1983 3554 exitum)
2013 3495 2069 3542 et
2095 3495 2290 3542 auctor
2312 3488 2351 3542 l.
2382 3485 2592 3540 Tobiae
2621 3485 2940 3557 (patientiam
3028 3497 3029 3502 ¹

433 3568 996 3643 disceptationemque
1034 3589 1163 3630 cum
1202 3573 1430 3640 amicis).
1474 3573 1704 3630 Accedit
1747 3575 2024 3630 Ecclesiae
2067 3574 2356 3630 universae
2395 3589 2728 3642 consensus,
2767 3573 2942 3646 quippe
3028 3565 3029 3568 ’

432 3671 574 3728 quae
604 3657 801 3713 lobum
826 3681 850 3710 α
878 3660 1062 3716 virum
1086 3659 1428 3717 admirabilis
1452 3663 1750 3733 patientiae
1773 3684 1798 3714 2>
1823 3662 2152 3733 (Martyrol.
2172 3667 2360 3730 Rom.)
2391 3671 2445 3718 et
2469 3681 2494 3712 ει
2527 3663 2830 3718 multorum
2847 3673 2942 3713 cer-

431 3746 701 3802 taminum
722 3747 987 3804 victorem
1014 3769 1039 3799 n
1065 3750 1295 3815 (Menol.
1323 3753 1551 3816 Graec.)
1577 3750 1722 3806 inter
1749 3753 1980 3806 Sanctos
1999 3751 2163 3806 colat.
2195 3753 2380 3822 Atque
2405 3748 2694 3806 fatendum
2713 3759 2813 3813 δί,
2835 3763 2941 3818 prn-
3028 3753 3029 3782 ³

431 3833 701 3889 saicarum
744 3836 1128 3908 pericoparum
1156 3836 1536 3893 characterem
1575 3839 1802 3893 omnino
1830 3855 1950 3894 esse
1979 3837 2326 3906 historicum,
2349 3839 2429 3893 ita
2469 3847 2529 3894 ut
2557 3847 2756 3894 auctor
2781 3851 2873 3891 nos
2899 3835 2942 3886 in

432 3922 837 3978 ineluctabilem
867 3939 1113 3980 errorem
1140 3923 1475 3994 induxisset,
1505 3927 1550 3980 si
1585 3933 1702 3981 tota
1741 3925 1860 3981 eius
1895 3925 2140 3982 narratio
2175 3934 2316 3982 esset
2353 3943 2506 3982 mera
2543 3927 2716 3982 fictio.
2757 3922 2942 3996 Quibus
3028 3921 3029 3990 ζ

432 4011 770 4083 argumentis
793 4011 1031 4067 absurde
1062 4011 1337 4081 obiicitur,
1366 4013 1594 4068 nomina
1621 4013 1741 4069 Iobi
1769 4014 2189 4086 amicorumque
2217 4015 2364 4083 eiuS,
2393 4030 2566 4086 quum
2607 4025 2940 4088 personarum
3028 4045 3029 4076 i

432 4097 607 4154 indoli
632 4098 863 4171 satisque
894 4099 1291 4170 respondeant,
1319 4099 1601 4155 fictionem
1621 4100 1876 4171 prodere.
1909 4103 2053 4157 Nam
2081 4103 2470 4173 plerorumque
2490 4102 2781 4157 nominum
2803 4096 2941 4168 signi-

432 4185 617 4242 ficatio
643 4202 745 4241 nos
774 4187 923 4254 latet,
952 4195 1119 4258 atque
1138 4187 1307 4256 ipsius
1329 4188 1571 4242 nominis
1590 4189 1692 4243 lob
1711 4188 2042 4261 etymologia
2068 4197 2216 4244 certa
2237 4189 2487 4245 nondum
2515 4199 2600 4246 est
2627 4188 2889 4261 proposita
2909 4183 2937 4230 ¹.
3028 4173 3029 4184 ¹

495 4382 561 4446 (1)
595 4381 669 4431 Ab
700 4379 1077 4445 antiquioribus
1106 4393 1291 4428 nomen
1323 4381 1414 4429 Iob
1442 4380 1684 4444 explicari
1713 4381 1842 4430 solet
1876 4381 2065 4432 dolens
2094 4374 2240 4458 (2357
2255 4379 2320 4440 Ρ).
2352 4395 2382 4430 a
2410 4381 2672 4432 modernis
2703 4379 2940 4430 hostiliter

436 4499 705 4546 tractatus
738 4487 887 4566 (2²1³ss
918 4510 948 4544 a
990 4495 1099 4544 rad.
1132 4496 1239 4546 ΞΝ
1279 4494 1579 4543 adversatus
1611 4495 1704 4556 est)
1739 4499 1828 4544 aut
1856 4497 1998 4546 serio
2032 4497 2347 4559 resipiscens
2387 4495 2435 4558 (a
2457 4496 2570 4546 rad.
2601 4488 2710 4546 2³&
2739 4499 2942 4544 reversus

435 4603 531 4665 est)
555 4605 651 4650 etc.
678 4628 739 4638 —
762 4601 995 4663 Eliplzaz
1018 4601 1061 4662 (a
1091 4601 1227 4649 Deus
1246 4602 1326 4648 est
1345 4597 1504 4648 robur
1524 4615 1550 4644 κ
1579 4603 1668 4647 aut
1692 4615 1716 4644 <i
1741 4601 1877 4648 Deus
1899 4599 2198 4650 divitiarum
2221 4600 2284 4662 κ),
2307 4599 2514 4650 Bildad
2537 4601 2628 4662 (=
2653 4599 2734 4650 Bel
2759 4593 2936 4646 aldadi.

436 4681 653 4744 sophar
678 4679 925 4742 (villosus)
958 4679 1187 4742 profecto
1218 4693 1319 4728 non
1350 4677 1576 4742 produnt
1605 4691 1936 4740 personarum
1961 4679 2317 4728 characterem.
