3050 5184
1010 324 1085 369 ne
1126 325 1457 370 pnornnrm
1502 326 1705 371 lonas.
2219 348 2225 356 -
2505 308 2624 367 435

126 448 255 504 cium
290 451 669 526 quodcumque
714 454 921 511 babere
966 465 1293 527 coeperunt,
1333 472 1491 513 suam
1535 458 1839 527 potentiam
1874 457 2146 513 revelasse
2185 456 2490 529 (Aegyptiis
2524 470 2618 526 per

126 537 301 608 Ioseph
329 548 385 594 et
410 542 662 613 Moysen,
694 544 910 614 populis
932 544 1265 601 chananaeis
1282 560 1381 615 per
1409 547 1599 613 Iosue,
1631 544 1982 601 Philisthaeis
2015 560 2112 615 per
2139 560 2326 600 arcam
2359 541 2620 610 foederiS,

126 624 465 683 Phoenicibus
488 644 588 700 per
614 630 811 698 Rham,
842 632 995 704 Syris
1024 646 1120 702 per
1143 632 1408 701 Eliseum‚
1438 630 1728 689 Chaldaeis
1755 641 1812 688 et
1835 633 2020 688 Persis
2049 648 2150 703 per
2175 632 2506 697 Danielem),
2537 638 2624 685 at-

124 728 215 781 que
240 712 428 770 eadem
466 716 679 773 ratione
707 734 805 789 per
832 722 1027 775 Ionam
1066 720 1302 792 Assyriis
1339 736 1458 777 sese
1494 718 1901 789 manifestasse,
1947 728 2242 792 antequam
2285 718 2431 775 Phul
2465 717 2623 785 (The-

122 799 487 871 glatphalasar)
501 844 518 870 ,
548 807 921 862 Assurniraris
952 820 1254 875 successor,
1282 808 1519 879 primam
1545 809 1916 864 incursionem
1943 808 2002 863 in
2027 807 2397 863 Palaestinam
2435 820 2624 861 susce-

126 886 207 955 pit.
234 919 301 929 -
332 892 525 961 Neque
564 892 716 947 credi
763 908 923 964 posse
965 894 1121 950 aiunt
1160 894 1405 951 subitam
1437 896 1812 952 Ninivitarum
1839 895 2285 962 conversionem3
2329 891 2428 949 sed
2467 907 2589 948 eam
2607 934 2621 959 ,

124 974 311 1031 etiamsi
350 994 382 1033 a
418 980 593 1050 gratia
620 980 805 1036 divina
845 980 1280 1049 abstraheretur,
1326 998 1441 1039 non
1466 982 1772 1040 admodum
1799 983 2000 1039 miram
2034 998 2153 1039 esse
2181 982 2294 1039 iam
2321 980 2621 1037 innuimus.

120 1092 177 1101 —-
200 1065 439 1122 Psalmus
462 1082 712 1139 quoque,
744 1068 837 1140 qui
865 1070 1164 1141 prophetae
1194 1071 1516 1128 attribuitur
1545 1076 1655 1140 (2‚3
1683 1076 1828 1144 sqq.)
1844 1112 1858 1139 ,
1886 1070 2219 1127 adversariis
2246 1082 2444 1141 parum
2472 1066 2624 1123 vide-

122 1157 196 1203 tur
229 1160 412 1222 aptu33
458 1162 517 1210 at
548 1172 573 1205 ι
605 1154 746 1222 duo,
786 1157 970 1229 inquit
1008 1159 1444 1215 Knabenboeuer
1486 1160 1723 1227 (Comm.
1761 1159 1822 1215 in
1857 1159 2065 1230 Proph.
2108 1156 2246 1214 Min.
2283 1158 2331 1213 Ι.
2368 1172 2422 1227 p.
2470 1160 2622 1221 ³75),

120 1250 173 1290 ex
198 1238 305 1309 ipsa
342 1256 403 1296 re
438 1251 567 1297 nata
613 1244 861 1299 animum
898 1246 1109 1301 orantis
1148 1255 1502 1303 commovent
1540 1256 1707 1319 atque
1750 1246 1968 1318 replent
2005 1264 2022 1302 ι
2065 1244 2298 1317 periculi
2333 1242 2628 1299 domicilii-

123 1340 209 1393 que
246 1326 461 1399 horror,
497 1330 693 1386 salutis
738 1331 1073 1389 desiderium
1118 1343 1172 1389 et
1218 1350 1372 1406 spes;
1415 1334 1568 1391 hisce
1601 1335 1721 1391 eius
1762 1334 1938 1390 oratio
1978 1340 2223 1402 constat,
2267 1346 2409 1404 quae
2446 1327 2646 1384 vivide

142 1412 289 1469 refert
314 1416 489 1473 animi
518 1418 748 1475 affectus
775 1429 832 1475 et
872 1420 1028 1492 quasi
1071 1431 1266 1493 sponte
1292 1438 1393 1479 sua
1422 1438 1491 1478 ex
1520 1423 1810 1479 occasione
1839 1421 1970 1478 data
2003 1420 2251 1477 nascitur
2286 1441 2336 1475 ι.
2367 1450 2438 1459 -
2465 1416 2624 1486 Quod

122 1498 317 1558 demum
356 1520 387 1559 a
428 1506 712 1562 nonnullis
754 1507 993 1576 additur,
1039 1526 1143 1565 nec
1189 1511 1465 1566 nominari
1501 1526 1689 1583 regem
1731 1510 2098 1584 assyriacum,
2139 1502 2236 1579 qui
2268 1523 2332 1563 eo
2375 1515 2627 1577 tempore

122 1586 355 1646 thronum
385 1594 703 1664 occupavit,
734 1612 837 1651 nec
860 1596 1074 1663 locum,
1106 1597 1166 1652 in
1203 1614 1312 1668 quo
1344 1600 1508 1654 Ionas
1545 1614 1577 1653 a
1607 1599 1753 1670 pisce
1791 1598 1850 1652 in
1886 1606 2094 1653 terram
2136 1597 2341 1651 eiectus
2385 1594 2482 1661 sit,
2524 1608 2626 1647 nec

122 1675 631 1823 §sutidquamdreferri
672 1680 742 1737 de
784 1683 1010 1755 reliquis
1052 1683 1355 1755 prophetae
1392 1684 1560 1741 rebus
1597 1686 1791 1758 gestis,
1824 1684 1883 1741 id
1911 1683 2243 1740 refutatione
2270 1697 2371 1737 nec
2395 1679 2625 1752 dignum

211 1779 305 1820 nec
330 1782 389 1821 1n
430 1776 565 1839 rget.

182 1916 235 1971 4.
262 1949 337 1959 -
362 1918 639 1979 Libellus
672 1884 886 1993 Ionae,
921 1923 1040 1982 etsi
1083 1920 1419 1983 historicus
1466 1927 1594 1995 est,
1628 1923 1855 1983 merito
1898 1926 2112 1983 tamen
2133 1918 2498 1999 propheticis
2531 1923 2628 1977 est

124 2008 390 2085 insertus,
428 2016 577 2091 quia
602 2034 705 2077 res
732 2022 983 2078 narrata
1011 2019 1148 2096 ipsa
1171 2022 1267 2079 est
1294 2035 1437 2079 vera
1465 2019 1691 2097 populi
1722 2018 2070 2079 exhortatio
2095 2021 2285 2094 atque
2315 2014 2505 2075 simul
2533 2014 2625 2073 rei

122 2104 329 2169 futurae
357 2110 730 2188 praedictio,

178 2221 377 2278 Etenim
406 2245 433 2275 α
470 2225 653 2295 Ionas,
678 2227 859 2299 inquit
885 2230 942 2285 S.
972 2230 1361 2300 Hieronymus
1386 2228 1476 2295 (ad
1498 2230 1714 2285 Paulin.
1746 2244 1836 2300 ep.
1865 2233 2035 2297 53,8),
2063 2226 2352 2298 naufragio
2379 2240 2482 2281 suo
2505 2238 2625 2294 pas-

124 2308 303 2365 sionem
328 2311 537 2367 Christi
566 2314 941 2386 praefigurans
968 2315 1241 2373 mundum
1268 2317 1339 2373 ad
1372 2316 1772 2388 poenitentiam
1799 2324 2022 2371 revocat
2050 2322 2106 2370 et
2141 2314 2244 2369 sub
2269 2312 2498 2369 nomine
2525 2310 2626 2367 Ni-

124 2394 223 2449 nive
254 2397 485 2453 salutem
526 2400 781 2472 gentibus
820 2403 1113 2457 annuntiat
1149 2422 1202 2458 n.
1250 2404 1463 2460 Revera
1502 2403 1765 2473 quoniam
1808 2404 1978 2458 Ionae
2015 2400 2325 2455 ministerio
2367 2414 2500 2455 usus
2545 2404 2628 2452 est

128 2482 273 2553 DeuS,
302 2494 362 2541 ut
388 2488 635 2559 Assyriis
669 2496 997 2559 potestatem
1026 2506 1184 2545 suam
1210 2491 1567 2546 manifestans
1595 2506 1691 2545 eos
1718 2487 1789 2545 ad
1831 2488 2169 2561 agnitionem
2208 2502 2366 2543 suam
2394 2500 2627 2558 praepa-

126 2580 272 2641 raret,
299 2574 522 2631 libellus
562 2585 751 2633 noster
778 2576 973 2633 eadem
1002 2578 1237 2648 ratione,
1270 2594 1380 2650 qua
1406 2594 1503 2635 sex
1529 2578 1712 2648 priora
1735 2578 1916 2648 capita
1941 2576 2210 2644 DanieliS,
2242 2574 2313 2631 ad
2340 2572 2626 2645 propheti-

123 2674 200 2714 cos
233 2661 397 2719 libros
440 2664 708 2735 pertinet,
758 2680 933 2736 quum
982 2666 1452 2723 universalitatem
1488 2666 1683 2722 salutis
1727 2664 2082 2721 messianicae
2125 2664 2336 2718 innuat.
2373 2658 2622 2723 Accedit,

123 2746 248 2815 quod
274 2751 437 2807 Ionas
456 2752 637 2808 tribus
664 2752 861 2807 diebus
886 2754 945 2807 in
968 2762 1159 2809 ventre
1188 2755 1296 2809 ceti
1322 2762 1572 2809 servatus
1599 2753 1671 2809 ab
1701 2753 1823 2825 ipso
1848 2752 2088 2807 Domino
2115 2767 2230 2807 non
2257 2749 2430 2805 semel
2465 2756 2628 2819 typus

125 2832 311 2894 suturae
334 2854 467 2896 suae
487 2840 909 2895 resurrectionis
938 2849 1270 2913 agnoscatur
1298 2841 1538 2908 (blank.
1579 2846 1741 2911 12,39
1769 2856 1924 2912 sqq.3
1959 2845 2113 2908 16,4;
2145 2842 2283 2894 Luc.
2321 2841 2482 2905 11,ae
2509 2850 2624 2907 sq.;

124 2928 259 2991 2⁴‚16
286 2942 439 2999 sqq.3
486 2935 513 2983 1
554 2930 685 2983 Cor.
730 2930 895 2997 15‚4).
935 2928 1290 2984 Strictissimo
1328 2929 1493 3001 igitur
1531 2943 1696 2985 sensu
1736 2936 1857 2984 tota
1892 2926 2138 2983 narratio
2175 2933 2259 2981 est
2295 2922 2624 2995 praedicti03

126 3014 507 3085 promptissima
543 3022 731 3071 autem
758 3015 1556 3088 sollicitudo,-qua‚Ninivitae
1581 3016 1806 3071 monitis
1834 3014 2137 3087 prophetae
2164 3012 2412 3069 obsecuti
2435 3011 2627 3083 poeni-

124 3100 319 3157 tentiam
345 3111 610 3175 egerunt,
652 3102 1035 3159 efficacissima
1074 3114 1195 3159 erat
1229 3105 1606 3160 Israelitarum
1643 3103 1988 3171 exhortatio,
2027 3110 2192 3172 atque
2229 3100 2380 3155 hunc
2407 3114 2629 3170 quoque

124 3186 365 3245 missionis
390 3192 543 3246 illius
575 3190 741 3245 fuisse
771 3190 969 3259 finem,
1002 3190 1207 3247 diserte
1234 3192 1434 3247 iterum
1462 3189 1628 3247 docet
1655 3190 1926 3248 Dominus
1947 3189 2180 3258 (Mattlz.
2215 3193 2416 3255 1241).

188 3342 237 3397 5.
266 3375 343 3386 —
367 3343 601 3403 Auctor
619 3340 821 3401 libelli
850 3339 1040 3402 huius
1071 3359 1323 3419 semper
1350 3342 1626 3402 creditus
1657 3346 1752 3401 est
1781 3342 1918 3419 ipse
1947 3343 2126 3400 Ionas
2157 3337 2490 3418 propheta,
2515 3354 2632 3397 nee

127 3438 437 3515 quidquam
464 3438 793 3514 hucusque
814 3437 1074 3498 allatum
1098 3442 1222 3511 est,
1247 3455 1372 3516 quo
1390 3438 1548 3499 haec
1575 3438 1829 3498 traditio
1853 3438 2224 3497 infirmetur.
2251 3436 2397 3495 Eius
2417 3439 2630 3495 autem

126 3528 301 3594 divina
334 3539 699 3607 auctoritas,
734 3550 931 3611 quum
978 3535 1355 3595 testimoniis
1403 3534 1604 3613 ipsius
1646 3534 1894 3595 Domini
1925 3535 2052 3593 iam
2081 3533 2282 3593 allatis
2311 3532 2625 3602 fulciatur,

130 3628 391 3692 ulteriore
416 3630 951 3692 demonstratione
980 3648 1107 3691 non
1133 3631 1395 3709 indiget.

184 3744 297 3800 Una
318 3760 447 3801 cum
474 3742 739 3799 historica
767 3744 1093 3799 auctoritate
1121 3743 1292 3800 etiam
1318 3744 1668 3801 authentiam
1693 3743 1863 3800 libelli
1893 3750 2098 3815 negant
2127 3742 2504 3797 rationalistae
2520 3782 2535 3809 ,
2567 3740 2630 3795 il-

132 3828 223 3884 lum
239 3841 329 3888 aut
346 3831 529 3888 exsilii
544 3839 795 3902 tempore
817 3840 915 3887 aut
932 3838 983 3887 4.
1010 3831 1093 3887 vel
1117 3838 1169 3887 3.
1191 3832 1277 3887 vel
1296 3838 1349 3887 2.
1374 3848 1517 3887 saec.
1543 3832 1812 3903 scriptum
1830 3846 1950 3886 esse
1979 3839 2306 3886 asserenteS.
2330 3833 2630 3883 Auctorem

131 3926 286 3975 autem
320 3936 437 3977 esse
460 3918 691 3985 Ionam,
716 3918 828 3975 iam
869 3918 1033 3974 docet
1054 3918 1244 3974 -lihelli
1284 3920 1513 3975 insertio
1541 3920 1685 3975 inter
1713 3918 2006 3979 duodecim
2033 3918 2278 3973 minores
2301 3915 2628 3987 prophetas:

132 4004 344 4071 proiecto
371 4008 521 4065 enim
546 4006 795 4063 narratio
818 4006 975 4073 haec,
1006 4022 1151 4078 quae
1176 4014 1295 4063 tota
1322 4022 1420 4063 sua
1450 4006 1638 4063 indole
1659 4023 1692 4063 a
1716 4006 1944 4078 reliquis
1967 4004 2167 4061 libellis
2191 4002 2485 4059 voluminis
2511 4010 2630 4057 tan-

132 4098 291 4162 topere
330 4094 637 4165 discrepat,
668 4094 814 4149 inter
854 4110 948 4151 eos
985 4110 1017 4149 a
1056 4093 1441 4151 collectoribus
1483 4095 1710 4151 canonis
1753 4110 1866 4149 non
1913 4102 2056 4149 esset
2103 4099 2318 4161 recepta
2337 4130 2350 4157 ,
2396 4090 2441 4144 si
2483 4098 2632 4145 certa

134 4181 393 4239 traditione
422 4183 493 4239 de
525 4182 737 4254 origine
766 4182 886 4237 eius
914 4182 1235 4253 prophetica
1268 4199 1380 4239 non
1408 4182 1762 4239 constitisset.
1799 4179 2217 4236 Ecclesiasticus
2255 4182 2458 4245 (49,12)
2493 4194 2630 4249 quo-

136 4284 221 4337 que
243 4270 307 4327 de
338 4292 363 4323 ι
391 4270 687 4328 duodecim
716 4270 1001 4342 prophetis
1032 4292 1056 4320 »
1089 4270 1323 4341 loquens
1359 4268 1556 4327 eadem
1583 4270 1796 4325 ratione
1829 4272 2026 4323 Ionam
2060 4266 2237 4322 libelli
2265 4266 2487 4321 nomine
2516 4266 2634 4321 eius

136 4356 349 4429 inscripti
374 4367 659 4415 auctorem
689 4372 807 4413 esse
831 4358 1084 4427 asseruit,
1117 4373 1223 4428 qua
1250 4357 1509 4413 undecim
1536 4358 1780 4428 reliquos
1809 4371 1908 4425 pro
1935 4355 2202 4409 librorum
2232 4353 2308 4409 eis
2339 4354 2633 4425 inscripto-

136 4456 239 4499 rum
259 4446 567 4502 auctoribus
594 4444 807 4500 habuit.
836 4444 1047 4514 Quibus
1071 4445 1312 4501 externis
1335 4444 1672 4501 testimoniis
1694 4441 1908 4499 accedit
1937 4442 2080 4497 ratio
2100 4441 2317 4497 interna
2345 4458 2456 4496 nou
2477 4441 2632 4497 leviS.

140 4530 289 4588 tiores
314 4534 618 4607 prophetae
644 4549 759 4588 non
799 4548 997 4604 parum
1042 4531 1331 4604 displicent
1366 4532 1695 4589 adversariis
1720 4530 1954 4602 nostris,
1983 4545 2164 4601 neque
2201 4530 2394 4601 negari
2431 4538 2632 4600 potest,

136 4630 215 4675 eos
238 4619 289 4677 in
312 4621 589 4679 nonnullis
630 4620 750 4677 iure
778 4621 979 4678 merito
1022 4620 1386 4694 reprehendi;
1417 4621 1532 4677 iam
1557 4635 1690 4676 vero
1731 4620 1926 4675 Ionam
1957 4618 2288 4690 prophetam
2327 4618 2510 4689 ipsum
2550 4618 2636 4673 in-
