3050 5184
743 332 1018 379 clunem
1059 334 1284 379 sacam
1324 314 1672 381 rnAsccPrA
1712 336 2071 381 pneumon.
2553 326 2659 385 121

187 468 428 538 quentiore
461 482 567 522 usu
601 474 702 538 est,
743 466 958 539 paravit
993 466 1278 535 aem-qius
1314 468 1512 524 Kaldz'
1536 468 1594 524 S.
1626 470 1671 525 1.
1704 467 2082 536 (vindobonae
2115 474 2271 527 1626.
2320 478 2374 525 et
2412 471 2667 541 saepius).

186 555 356 611 creati
391 569 638 627 quoque,
683 555 926 623 Son-abi,
977 554 1178 627 aliique
1219 554 1458 612 minores
1499 558 1750 627 Europae
1792 556 2007 629 populi,
2048 557 2130 613 uti
2157 558 2214 613 in
2245 559 2369 613 Asia
2412 559 2668 623 Arabes,

185 643 316 709 ludi,
343 642 602 699 Sinenses
625 640 858 715 aliique,
884 643 1028 699 inter
1049 658 1190 715 quos
1215 643 1545 700 missionarii
1572 643 1832 700 catholici
1850 643 2134 711 laborant,
2164 652 2260 700 aut
2287 646 2529 718 integras
2557 646 2668 701 iam

183 729 420 799 possident
447 730 758 800 versiones,
785 736 882 785 aut
907 731 1104 787 saltem
1129 730 1518 787 translationes
1542 732 1774 787 istarum
1800 731 2183 803 pericoparum
2198 774 2213 801 ,
2244 747 2385 804 quae
2410 730 2667 789 fidelibus

183 818 385 875 utiliores
409 827 562 877 sunt·

1172 1158 1467 1229 CAPUT
1515 1162 1641 1228 VI.

281 1399 368 1453 DE
403 1398 560 1453 USU
599 1400 897 1455 CRITICO
936 1400 1286 1453 TEXTUUM
1323 1400 1923 1455 PRIMIGENIORUM
1962 1402 2055 1455 ΕΤ
2089 1402 2524 1455 VERSIONUM

1150 1489 1661 1549 ANTIQUARUM.

540 1708 575 1791 §
605 1711 714 1772 21.
757 1744 843 1755 --
881 1705 1166 1773 Cm‘ticae
1201 1726 1430 1771 sacrae
1455 1716 1829 1794 praecepta
1858 1706 2251 1795 praeceptus.

231 1928 276 1985 1.
300 1958 374 1971 -
399 1948 428 1980 α
464 1925 802 1987 codicibus
843 1924 1286 1997 emendandis»,
1320 1924 1524 2003 inquit
1560 1925 1625 1985 S.
1658 1924 2025 2003 Anqustinus
2063 1924 2295 2007 (Doctr.
2329 1926 2549 1987 christ.
2582 1926 2655 1987 II.

177 2022 266 2099 14),
295 2023 587 2100 primitus
613 2022 803 2083 debet
827 2021 1152 2099 invigilare
1183 2021 1462 2082 sollertia
1481 2038 1731 2093 eorum,
1760 2022 1869 2101 qui
1894 2020 2245 2101 Scripturas
2270 2039 2454 2083 nosse
2484 2022 2656 2083 desi-

176 2118 352 2178 derant
383 2144 436 2177 n.

223 2241 288 2294 Ex
311 2242 401 2309 iis,
433 2257 582 2313 quae
608 2239 681 2296 de
716 2239 942 2296 historia
985 2247 1043 2296 ct
1077 2240 1404 2297 auctoritate
1443 2247 1697 2297 textuum
1722 2240 2178 2311 primigeniorum
2204 2248 2263 2296 et
2304 2239 2659 2313 antiquarum

177 2330 442 2384 versionum
483 2326 846 2396 tradidimuS‚
879 2328 1011 2383 satis
1037 2328 1245 2395 elucet,
1273 2342 1464 2384 omnes
1509 2336 1729 2383 nostras
1755 2326 2056 2385 hodiernas
2096 2328 2509 2399 Scripturarum
2552 2327 2663 2383 edi·

179 2414 320 2471 tiones
346 2416 492 2473 haud
529 2414 721 2489 paucis
756 2415 1011 2471 laborare
1041 2416 1347 2480 erroribus,
1379 2416 1497 2488 qui,
1536 2415 1785 2487 quamvis
1824 2414 1952 2471 lidei
1986 2430 2315 2487 morumque
2353 2414 2662 2471 doctrinam

177 2516 261 2557 non
286 2506 579 2575 attingant,
613 2519 718 2561 nos
753 2512 940 2559 tamen
974 2502 1298 2574 impediunt,
1332 2503 1627 2575 quominus
1654 2501 1843 2560 multis
1868 2502 1929 2559 in
1954 2502 2090 2559 locis
2117 2503 2353 2575 genuina
2380 2502 2663 2573 scriptoris

177 2592 286 2647 sieri
324 2592 485 2649 verba
533 2606 842 2663 eorumque
891 2606 1084 2647 verum
1129 2606 1352 2647 sensum
1397 2591 1782 2661 percipiamus.
1829 2591 2013 2660 Quare
2056 2594 2113 2648 S.
2162 2591 2453 2664 Augustini
2498 2588 2661 2647 verbu

179 2676 306 2734 hodie
330 2679 526 2736 eadem
549 2680 793 2745 ratione,
824 2694 932 2751 qua
957 2678 1117 2745 olim,
1157 2680 1369 2745 valent,
1394 2686 1562 2751 atque
1590 2679 1747 2734 enixe
1780 2694 1945 2751 opera
1981 2678 2141 2734 nobis
2178 2687 2261 2733 est
2285 2676 2570 2745 navanda,
2600 2687 2663 2732 ut

179 2780 226 2819 τι
247 2766 518 2825 innumera
547 2767 830 2823 variarum
857 2766 1156 2824 lectionum
1183 2767 1318 2822 silva
1342 2781 1464 2821 eam
1496 2767 1817 2839 seligamuS,
1852 2781 1993 2837 quae
2023 2767 2231 2821 maiore
2263 2780 2391 2821 cum
2422 2766 2541 2820 iure
2578 2780 2661 2819 sa-

177 2867 200 2905 c
213 2870 249 2907 o
263 2856 504 2926 scriptori
523 2855 862 2911 attribuitur.
883 2855 1083 2910 Procul
1105 2853 1326 2926 quidem
1348 2852 1587 2910 arcenda
1607 2861 1692 2909 est
1708 2852 1973 2909 effrenata
1993 2852 2089 2909 illa
2108 2852 2347 2921 licentia,
2370 2868 2479 2925 qua
2497 2852 2607 2908 hod
2615 2852 2663 2906 ie

181 2957 264 2995 non
285 2944 434 3014 pauci
463 2944 800 3015 interpretes
826 2941 1120 2999 acatholici
1146 2943 1420 3015 integrum
1449 2956 1669 2998 sacrum
1701 2949 1913 2997 textum
1939 2938 2240 2997 diiudicare
2275 2940 2510 3009 audent,
2540 2940 2666 2995 illos

179 3028 296 3085 ‘nim
312 3038 507 3101 textus»,
536 3031 612 3087 de
631 3030 827 3103 quibus
854 3030 911 3086 in
937 3030 1180 3085 Ecclesia
1203 3044 1511 3101 numquam
1538 3028 1859 3085 dubitatum·
1878 3036 1979 3097 est,
2012 3028 2095 3085 uti
2117 3030 2430 3101 plerosque,
2452 3028 2511 3083 in
2540 3028 2663 3099 qui—

181 3114 258 3171 bus
278 3119 592 3191 primigenia
609 3118 942 3189 exemplaria
971 3131 1099 3172 cum
1127 3117 1468 3173 versionibus
1496 3116 1735 3187 antiquis
1762 3116 2130 3186 consentiunt,
2162 3116 2199 3171 i.
2231 3132 2281 3171 e.
2308 3116 2472 3187 longe
2495 3116 2665 3170 maxi·

182 3218 297 3260 mam
319 3206 585 3263 librorum
614 3220 897 3261 sacrorum
925 3213 1165 3277 partem,
1199 3204 1323 3260 crisi
1349 3204 1617 3261 subiicere
1640 3220 1753 3261 non
1784 3203 1939 3273 licet3
1970 3203 2116 3260 circa
2140 3203 2264 3259 illos
2292 3204 2461 3275 igitur
2488 3204 2663 3270 soloS,

181 3288 233 3345 de
253 3308 470 3363 quorum
507 3294 850 3366 genuinitate
879 3292 939 3347 in
980 3292 1218 3349 Ecclesia
1254 3307 1368 3347 non
1406 3300 1652 3357 constat,
1687 3290 1878 3348 critica
1913 3291 2231 3363 interpretis
2268 3306 2357 3347 ars
2394 3299 2663 3347 versatur.

183 3377 248 3432 Ad
270 3380 420 3437 hosce
445 3390 637 3437 autem
663 3379 815 3453 quod
843 3379 1066 3449 attinet,
1098 3398 1122 3433 ι
1151 3388 1214 3435 ut
1237 3380 1349 3435 iam
1375 3379 1741 3435 Bellarminus
1776 3377 2040 3435 indicavit
2074 3378 2257 3435 Lucae
2282 3379 2475 3451 Brug.,
2507 3376 2668 3434 laude

183 3464 300 3535 digni
321 3478 444 3525 sunt
469 3470 578 3524 viri
601 3468 777 3538 docti,
806 3468 900 3540 qui
927 3467 1154 3523 scientia
1182 3468 1484 3537 ceterisque
1515 3464 1806 3538 praesidiis
1826 3466 1957 3523 satis
1980 3466 2179 3521 muniti
2198 3481 2357 3521 suam
2376 3465 2671 3522 conferunt

185 3568 368 3621 operam
387 3556 459 3611 ad
487 3556 756 3629 genuinas
781 3554 1044 3611 lectiones
1069 3554 1127 3611 in
1153 3554 1531 3610 minutissimis
1556 3552 1993 3627 quibuscumque
2019 3553 2385 3625 explorandas
2409 3561 2466 3608 et
2496 3552 2667 3610 stabi-

186 3638 356 3698 liendas
381 3663 406 3694 ι
439 3642 651 3711 (Card.
673 3644 992 3699 Franz-‚elin
1015 3641 1084 3698 de
1124 3644 1250 3698 Div.
1289 3640 1455 3697 Trad.
1497 3650 1553 3697 et
1588 3642 1786 3712 Script.
1818 3656 1873 3713 p.
1913 3642 2070 3711 566),
2098 3656 2239 3713 quae
2266 3641 2415 3696 enim
2454 3640 2669 3697 homini

188 3726 342 3785 leviter
376 3731 591 3788 erudito
631 3730 994 3787 minutissima
1019 3728 1293 3797 videntur,
1336 3744 1398 3784 ea
1437 3728 1673 3801 pleniori
1706 3743 1900 3785 sensus
1924 3728 2321 3802 intelligentiae
2350 3727 2501 3785 baud
2541 3744 2671 3784 raro

187 3816 380 3873 multum
419 3820 743 3875 inserviunt.
789 3817 1162 3888 Quamobrem
1203 3816 1490 3873 utilissima
1533 3825 1662 3872 sunt
1702 3824 1989 3888 praecepta
2036 3813 2337 3888 quaedam,
2391 3816 2587 3888 quibus
2615 3815 2670 3870 in

190 3902 424 3969 >eligenda
447 3908 684 3981 genuina
706 3907 942 3963 lectione
965 3904 1094 3961 duci
1117 3905 1407 3977 possimus,

249 4091 297 4148 2.
329 4126 382 4135 —
413 4092 542 4153 Iam
569 4110 720 4153 vero
744 4092 1021 4171 primum
1059 4094 1464 4169 praeceptum
1498 4093 1625 4163 est,
1658 4093 1727 4150 ut
1752 4090 1932 4167 quasi
1958 4107 1997 4149 a
2023 4089 2232 4167 priore
2257 4103 2477 4148 omnes
2520 4086 2665 4148 illae

195 4179 444 4249 lectiones
470 4189 854 4264 reficiantur,
885 4204 1045 4265 quae
1072 4188 1321 4247 interna
1347 4186 1609 4245 veritate
1636 4191 1742 4245 aut
1768 4184 2315 4245 verisimilitudine
2352 4185 2583 4243 carent.

247 4306 366 4365 Hinc
383 4311 452 4367 ab
485 4311 748 4367 ulteriore
779 4308 1032 4366 examine
1068 4306 1360 4365 excludere
1397 4307 1529 4363 licet
1564 4307 1861 4375 lectiones,
1892 4311 1978 4374 a.)
2008 4322 2149 4379 quae
2194 4314 2290 4360 aut
2310 4305 2531 4360 nullum
2574 4313 2669 4359 aut

199 4406 440 4453 erroneum
465 4414 686 4455 sensum
711 4397 946 4455 fundunt
973 4405 1068 4453 aut
1087 4396 1549 4452 contradictiones
1570 4395 1629 4450 in
1650 4398 1706 4452 S.
1734 4396 2077 4466 scripturam
2097 4392 2385 4459 inducunt,
2412 4391 2491 4457 b.)
2510 4391 2665 4447 illas-

202 4492 305 4547 que,
329 4498 456 4554 quae
484 4502 610 4542 cum
632 4493 892 4542 contextu
918 4486 1066 4541 claro
1095 4492 1152 4539 ct
1178 4482 1482 4539 indubitato
1516 4482 1632 4549 (sed
1662 4498 1775 4539 non
1811 4482 1883 4538 ad
1917 4481 2205 4537 arbitrium
2237 4478 2493 4551 conficto)
2528 4493 2667 4551 pug-

203 4576 319 4623 nant.
345 4574 507 4630 Porro
533 4578 604 4641 c.)
633 4574 754 4629 iure
789 4572 1132 4644 supponitur,
1173 4586 1357 4627 sacros
1393 4579 1646 4625 auctores
1682 4584 1985 4641 eorumque
2014 4568 2342 4638 interpretes
2378 4574 2667 4638 praecepta

205 4661 636 4721 grammaticorum
660 4670 716 4716 et
743 4660 1032 4716 rhetorum
1055 4658 1152 4726 (uti
1182 4658 1615 4730 parallelismum
1633 4657 1691 4713 in
1712 4658 1863 4727 poesi
1884 4660 2013 4724 etc.)
2034 4656 2259 4712 observa
2268 4670 2382 4723 sse3
2406 4654 2669 4710 lectiones
