<?xml version="1.0" encoding="UTF-8"?>
<!DOCTYPE html PUBLIC "-//W3C//DTD XHTML 1.0 Transitional//EN"
    "http://www.w3.org/TR/xhtml1/DTD/xhtml1-transitional.dtd">
<html xmlns="http://www.w3.org/1999/xhtml" xml:lang="en" lang="en">
 <head>
  <title>
</title>
<meta http-equiv="Content-Type" content="text/html;charset=utf-8" />
  <meta name='ocr-system' content='tesseract 3.04.00' />
  <meta name='ocr-capabilities' content='ocr_page ocr_carea ocr_par ocr_line ocrx_word'/>
</head>
<body>
  <div class='ocr_page' id='page_1' title='image "./historicaeetcri00corngoog_0645.png"; bbox 0 0 3050 5184; ppageno 0'>
   <div class='ocr_carea' id='block_1_1' title="bbox 1248 339 2718 400">
    <p class='ocr_par' dir='ltr' id='par_1_1' title="bbox 1248 339 2718 400">
     <span class='ocr_line' id='line_1_1' title="bbox 1248 339 2718 400; baseline 0.003 -6"><span class='ocrx_word' id='word_1_1' title='bbox 1248 349 1639 395; x_wconf 77' lang='lat' dir='ltr'><strong>APPENDICES.</strong></span> <span class='ocrx_word' id='word_1_2' title='bbox 2601 339 2718 400; x_wconf 80' lang='lat'>635</span> 
     </span>
    </p>
   </div>
   <div class='ocr_carea' id='block_1_2' title="bbox 156 480 2724 3896">
    <p class='ocr_par' dir='ltr' id='par_1_2' title="bbox 157 480 2722 2138">
     <span class='ocr_line' id='line_1_2' title="bbox 241 480 2720 558; baseline 0.002 -21"><span class='ocrx_word' id='word_1_3' title='bbox 241 482 499 538; x_wconf 84' lang='lat' dir='ltr'>Iamvero</span> <span class='ocrx_word' id='word_1_4' title='bbox 540 482 598 538; x_wconf 89' lang='lat' dir='ltr'>in</span> <span class='ocrx_word' id='word_1_5' title='bbox 646 480 917 540; x_wconf 85' lang='lat' dir='ltr'>hodierno</span> <span class='ocrx_word' id='word_1_6' title='bbox 964 483 1191 556; x_wconf 87' lang='lat' dir='ltr'>quidem</span> <span class='ocrx_word' id='word_1_7' title='bbox 1236 493 1428 540; x_wconf 87' lang='lat' dir='ltr'>nostro</span> <span class='ocrx_word' id='word_1_8' title='bbox 1476 486 1572 542; x_wconf 92' lang='lat' dir='ltr'>SS.</span> <span class='ocrx_word' id='word_1_9' title='bbox 1604 485 2013 557; x_wconf 82' lang='lat' dir='ltr'>Scripturarum</span> <span class='ocrx_word' id='word_1_10' title='bbox 2039 493 2199 542; x_wconf 88' lang='lat' dir='ltr'>textu</span> <span class='ocrx_word' id='word_1_11' title='bbox 2238 486 2374 543; x_wconf 85' lang='lat' dir='ltr'>satis</span> <span class='ocrx_word' id='word_1_12' title='bbox 2403 497 2530 558; x_wconf 89' lang='lat' dir='ltr'>apte</span> <span class='ocrx_word' id='word_1_13' title='bbox 2578 488 2720 544; x_wconf 87' lang='lat' dir='ltr'>inter</span> 
     </span>
     <span class='ocr_line' id='line_1_3' title="bbox 169 569 2722 646; baseline 0.003 -22"><span class='ocrx_word' id='word_1_14' title='bbox 169 577 387 640; x_wconf 87' lang='lat' dir='ltr'>partes,</span> <span class='ocrx_word' id='word_1_15' title='bbox 422 583 565 642; x_wconf 76' lang='lat' dir='ltr'>quae</span> <span class='ocrx_word' id='word_1_16' title='bbox 590 569 661 626; x_wconf 84' lang='lat' dir='ltr'>ad</span> <span class='ocrx_word' id='word_1_17' title='bbox 690 569 858 627; x_wconf 77' lang='lat' dir='ltr'>iidem</span> <span class='ocrx_word' id='word_1_18' title='bbox 898 587 1195 643; x_wconf 87' lang='lat' dir='ltr'>moresque</span> <span class='ocrx_word' id='word_1_19' title='bbox 1224 572 1477 643; x_wconf 84' lang='lat' dir='ltr'>proxime</span> <span class='ocrx_word' id='word_1_20' title='bbox 1514 589 1580 628; x_wconf 88' lang='lat' dir='ltr'>ac</span> <span class='ocrx_word' id='word_1_21' title='bbox 1615 573 1822 630; x_wconf 79' lang='lat' dir='ltr'>directe</span> <span class='ocrx_word' id='word_1_22' title='bbox 1859 583 2140 646; x_wconf 88' lang='lat' dir='ltr'>spectant,</span> <span class='ocrx_word' id='word_1_23' title='bbox 2171 574 2428 646; x_wconf 87' lang='lat' dir='ltr'>interque</span> <span class='ocrx_word' id='word_1_24' title='bbox 2469 576 2606 631; x_wconf 89' lang='lat' dir='ltr'>alias</span> <span class='ocrx_word' id='word_1_25' title='bbox 2646 576 2722 632; x_wconf 88' lang='lat' dir='ltr'>ita</span> 
     </span>
     <span class='ocr_line' id='line_1_4' title="bbox 162 657 2722 732; baseline 0.002 -20"><span class='ocrx_word' id='word_1_26' title='bbox 162 657 467 730; x_wconf 82' lang='lat' dir='ltr'><strong>distingui,</strong></span> <span class='ocrx_word' id='word_1_27' title='bbox 509 665 573 714; x_wconf 90' lang='lat' dir='ltr'>ut</span> <span class='ocrx_word' id='word_1_28' title='bbox 611 658 823 730; x_wconf 83' lang='lat' dir='ltr'>priores</span> <span class='ocrx_word' id='word_1_29' title='bbox 860 658 1046 716; x_wconf 89' lang='lat' dir='ltr'>divina</span> <span class='ocrx_word' id='word_1_30' title='bbox 1086 657 1434 732; x_wconf 89' lang='lat' dir='ltr'>providentia</span> <span class='ocrx_word' id='word_1_31' title='bbox 1476 660 1594 716; x_wconf 88' lang='lat' dir='ltr'>sine</span> <span class='ocrx_word' id='word_1_32' title='bbox 1635 661 1750 716; x_wconf 89' lang='lat' dir='ltr'>ulla</span> <span class='ocrx_word' id='word_1_33' title='bbox 1791 662 1994 717; x_wconf 89' lang='lat' dir='ltr'>erroris</span> <span class='ocrx_word' id='word_1_34' title='bbox 2039 662 2380 718; x_wconf 81' lang='lat' dir='ltr'>admixtione</span> <span class='ocrx_word' id='word_1_35' title='bbox 2408 662 2568 718; x_wconf 88' lang='lat' dir='ltr'>nobis</span> <span class='ocrx_word' id='word_1_36' title='bbox 2611 663 2722 718; x_wconf 87' lang='lat' dir='ltr'>sint</span> 
     </span>
     <span class='ocr_line' id='line_1_5' title="bbox 164 745 2722 823; baseline 0.002 -23"><span class='ocrx_word' id='word_1_37' title='bbox 164 753 558 813; x_wconf 81' lang='lat' dir='ltr'><strong>conservatae,</strong></span> <span class='ocrx_word' id='word_1_38' title='bbox 588 746 648 802; x_wconf 90' lang='lat' dir='ltr'>in</span> <span class='ocrx_word' id='word_1_39' title='bbox 675 745 903 820; x_wconf 87' lang='lat' dir='ltr'>reliquis</span> <span class='ocrx_word' id='word_1_40' title='bbox 946 756 1134 804; x_wconf 89' lang='lat' dir='ltr'>autem</span> <span class='ocrx_word' id='word_1_41' title='bbox 1176 745 1476 820; x_wconf 87' lang='lat' dir='ltr'>fragilitate</span> <span class='ocrx_word' id='word_1_42' title='bbox 1505 748 1752 804; x_wconf 86' lang='lat' dir='ltr'>humana</span> <span class='ocrx_word' id='word_1_43' title='bbox 1780 764 1999 806; x_wconf 88' lang='lat' dir='ltr'>errores</span> <span class='ocrx_word' id='word_1_44' title='bbox 2034 749 2146 805; x_wconf 89' lang='lat' dir='ltr'>sint</span> <span class='ocrx_word' id='word_1_45' title='bbox 2170 751 2376 819; x_wconf 85' lang='lat' dir='ltr'>exorti,</span> <span class='ocrx_word' id='word_1_46' title='bbox 2407 766 2522 806; x_wconf 90' lang='lat' dir='ltr'>non</span> <span class='ocrx_word' id='word_1_47' title='bbox 2551 767 2722 823; x_wconf 83' lang='lat' dir='ltr'>nega-</span> 
     </span>
     <span class='ocr_line' id='line_1_6' title="bbox 165 833 2722 911; baseline 0.003 -25"><span class='ocrx_word' id='word_1_48' title='bbox 165 849 295 890; x_wconf 87' lang='lat' dir='ltr'>mus</span> <span class='ocrx_word' id='word_1_49' title='bbox 330 833 397 902; x_wconf 79' lang='lat'>²³3</span> <span class='ocrx_word' id='word_1_50' title='bbox 432 841 489 889; x_wconf 86' lang='lat' dir='ltr'>at</span> <span class='ocrx_word' id='word_1_51' title='bbox 517 833 801 890; x_wconf 87' lang='lat' dir='ltr'>distinctio</span> <span class='ocrx_word' id='word_1_52' title='bbox 830 835 971 891; x_wconf 91' lang='lat' dir='ltr'>haec</span> <span class='ocrx_word' id='word_1_53' title='bbox 994 835 1051 890; x_wconf 92' lang='lat' dir='ltr'>in</span> <span class='ocrx_word' id='word_1_54' title='bbox 1082 834 1354 891; x_wconf 86' lang='lat' dir='ltr'>librorum</span> <span class='ocrx_word' id='word_1_55' title='bbox 1378 850 1666 892; x_wconf 88' lang='lat' dir='ltr'>sacrorum</span> <span class='ocrx_word' id='word_1_56' title='bbox 1691 845 1877 906; x_wconf 87' lang='lat' dir='ltr'>textu,</span> <span class='ocrx_word' id='word_1_57' title='bbox 1912 837 2092 908; x_wconf 91' lang='lat' dir='ltr'>qualis</span> <span class='ocrx_word' id='word_1_58' title='bbox 2117 851 2184 893; x_wconf 90' lang='lat' dir='ltr'>ex</span> <span class='ocrx_word' id='word_1_59' title='bbox 2216 837 2722 911; x_wconf 80' lang='lat' dir='ltr'>hagiographorum</span> 
     </span>
     <span class='ocr_line' id='line_1_7' title="bbox 162 921 2720 994; baseline 0.003 -20"><span class='ocrx_word' id='word_1_60' title='bbox 162 921 417 993; x_wconf 87' lang='lat' dir='ltr'>ipsorum</span> <span class='ocrx_word' id='word_1_61' title='bbox 445 935 617 978; x_wconf 88' lang='lat' dir='ltr'>manu</span> <span class='ocrx_word' id='word_1_62' title='bbox 649 922 881 994; x_wconf 87' lang='lat' dir='ltr'>prodiit,</span> <span class='ocrx_word' id='word_1_63' title='bbox 914 923 1103 978; x_wconf 91' lang='lat' dir='ltr'>locum</span> <span class='ocrx_word' id='word_1_64' title='bbox 1132 939 1245 979; x_wconf 92' lang='lat' dir='ltr'>non</span> <span class='ocrx_word' id='word_1_65' title='bbox 1275 923 1459 980; x_wconf 87' lang='lat' dir='ltr'>habet.</span> <span class='ocrx_word' id='word_1_66' title='bbox 1492 925 1772 993; x_wconf 86' lang='lat' dir='ltr'>Quoniam</span> <span class='ocrx_word' id='word_1_67' title='bbox 1799 924 1950 981; x_wconf 89' lang='lat' dir='ltr'>enim</span> <span class='ocrx_word' id='word_1_68' title='bbox 1981 924 2112 981; x_wconf 85' lang='lat' dir='ltr'>libri</span> <span class='ocrx_word' id='word_1_69' title='bbox 2139 926 2284 982; x_wconf 88' lang='lat' dir='ltr'>sacri</span> <span class='ocrx_word' id='word_1_70' title='bbox 2311 927 2522 981; x_wconf 90' lang='lat' dir='ltr'>eumin</span> <span class='ocrx_word' id='word_1_71' title='bbox 2551 926 2720 982; x_wconf 86' lang='lat' dir='ltr'>finem</span> 
     </span>
     <span class='ocr_line' id='line_1_8' title="bbox 162 1009 2716 1090; baseline 0.002 -27"><span class='ocrx_word' id='word_1_72' title='bbox 162 1025 195 1063; x_wconf 84' lang='lat' dir='ltr'>a</span> <span class='ocrx_word' id='word_1_73' title='bbox 224 1009 625 1081; x_wconf 88' lang='lat' dir='ltr'>benignissimo</span> <span class='ocrx_word' id='word_1_74' title='bbox 654 1013 774 1066; x_wconf 91' lang='lat' dir='ltr'>Deo</span> <span class='ocrx_word' id='word_1_75' title='bbox 809 1010 969 1090; x_wconf 85' lang='lat' dir='ltr'>nobis</span> <span class='ocrx_word' id='word_1_76' title='bbox 996 1019 1127 1067; x_wconf 87' lang='lat' dir='ltr'>sunt</span> <span class='ocrx_word' id='word_1_77' title='bbox 1154 1010 1300 1077; x_wconf 87' lang='lat' dir='ltr'>dati,</span> <span class='ocrx_word' id='word_1_78' title='bbox 1331 1019 1393 1066; x_wconf 89' lang='lat' dir='ltr'>ut</span> <span class='ocrx_word' id='word_1_79' title='bbox 1428 1011 1590 1068; x_wconf 90' lang='lat' dir='ltr'>nobis</span> <span class='ocrx_word' id='word_1_80' title='bbox 1631 1013 1822 1084; x_wconf 89' lang='lat' dir='ltr'>regula</span> <span class='ocrx_word' id='word_1_81' title='bbox 1861 1010 2126 1069; x_wconf 89' lang='lat' dir='ltr'>credendi</span> <span class='ocrx_word' id='word_1_82' title='bbox 2165 1013 2476 1086; x_wconf 78' lang='lat' dir='ltr'>agendique</span> <span class='ocrx_word' id='word_1_83' title='bbox 2512 1021 2716 1082; x_wconf 85' lang='lat' dir='ltr'>essent,</span> 
     </span>
     <span class='ocr_line' id='line_1_9' title="bbox 164 1097 2721 1173; baseline 0.002 -21"><span class='ocrx_word' id='word_1_84' title='bbox 164 1099 399 1154; x_wconf 88' lang='lat' dir='ltr'>omnino</span> <span class='ocrx_word' id='word_1_85' title='bbox 424 1097 757 1167; x_wconf 81' lang='lat' dir='ltr'>sufficiebat,</span> <span class='ocrx_word' id='word_1_86' title='bbox 788 1109 851 1154; x_wconf 91' lang='lat' dir='ltr'>ut</span> <span class='ocrx_word' id='word_1_87' title='bbox 873 1099 1137 1172; x_wconf 84' lang='lat' dir='ltr'>singulari</span> <span class='ocrx_word' id='word_1_88' title='bbox 1155 1115 1255 1154; x_wconf 81' lang='lat' dir='ltr'>sua</span> <span class='ocrx_word' id='word_1_89' title='bbox 1282 1115 1415 1155; x_wconf 87' lang='lat' dir='ltr'>cura</span> <span class='ocrx_word' id='word_1_90' title='bbox 1436 1099 1896 1173; x_wconf 84' lang='lat' dir='ltr'>providentiaque</span> <span class='ocrx_word' id='word_1_91' title='bbox 1920 1100 2094 1157; x_wconf 88' lang='lat' dir='ltr'>libros</span> <span class='ocrx_word' id='word_1_92' title='bbox 2117 1100 2407 1156; x_wconf 89' lang='lat' dir='ltr'>hominum</span> <span class='ocrx_word' id='word_1_93' title='bbox 2433 1101 2721 1158; x_wconf 85' lang='lat' dir='ltr'>custodiae</span> 
     </span>
     <span class='ocr_line' id='line_1_10' title="bbox 162 1184 2721 1260; baseline 0.002 -19"><span class='ocrx_word' id='word_1_94' title='bbox 162 1184 407 1242; x_wconf 86' lang='lat' dir='ltr'>traditos</span> <span class='ocrx_word' id='word_1_95' title='bbox 433 1185 503 1242; x_wconf 86' lang='lat' dir='ltr'>ab</span> <span class='ocrx_word' id='word_1_96' title='bbox 528 1185 682 1244; x_wconf 89' lang='lat' dir='ltr'>omni</span> <span class='ocrx_word' id='word_1_97' title='bbox 706 1187 1019 1259; x_wconf 86' lang='lat' dir='ltr'>pernicioso</span> <span class='ocrx_word' id='word_1_98' title='bbox 1048 1187 1196 1243; x_wconf 89' lang='lat' dir='ltr'>circa</span> <span class='ocrx_word' id='word_1_99' title='bbox 1232 1185 1401 1242; x_wconf 81' lang='lat' dir='ltr'>tidem</span> <span class='ocrx_word' id='word_1_100' title='bbox 1432 1203 1730 1260; x_wconf 84' lang='lat' dir='ltr'>moresque</span> <span class='ocrx_word' id='word_1_101' title='bbox 1757 1203 1948 1244; x_wconf 88' lang='lat' dir='ltr'>errore</span> <span class='ocrx_word' id='word_1_102' title='bbox 1976 1189 2250 1244; x_wconf 87' lang='lat' dir='ltr'>immunes</span> <span class='ocrx_word' id='word_1_103' title='bbox 2278 1198 2633 1246; x_wconf 82' lang='lat' dir='ltr'>conservaret</span> <span class='ocrx_word' id='word_1_104' title='bbox 2655 1205 2721 1245; x_wconf 86' lang='lat' dir='ltr'>ac</span> 
     </span>
     <span class='ocr_line' id='line_1_11' title="bbox 164 1271 2716 1350; baseline 0.002 -21"><span class='ocrx_word' id='word_1_105' title='bbox 164 1271 333 1345; x_wconf 88' lang='lat' dir='ltr'>proin</span> <span class='ocrx_word' id='word_1_106' title='bbox 362 1273 433 1330; x_wconf 88' lang='lat' dir='ltr'>ab</span> <span class='ocrx_word' id='word_1_107' title='bbox 461 1275 718 1331; x_wconf 88' lang='lat' dir='ltr'>omuibus</span> <span class='ocrx_word' id='word_1_108' title='bbox 740 1272 849 1331; x_wconf 90' lang='lat' dir='ltr'>illis</span> <span class='ocrx_word' id='word_1_109' title='bbox 881 1275 1157 1346; x_wconf 88' lang='lat' dir='ltr'>partibus,</span> <span class='ocrx_word' id='word_1_110' title='bbox 1193 1289 1335 1347; x_wconf 87' lang='lat' dir='ltr'>quae</span> <span class='ocrx_word' id='word_1_111' title='bbox 1363 1274 1626 1332; x_wconf 91' lang='lat' dir='ltr'>credendi</span> <span class='ocrx_word' id='word_1_112' title='bbox 1659 1275 1972 1349; x_wconf 86' lang='lat' dir='ltr'>agendique</span> <span class='ocrx_word' id='word_1_113' title='bbox 2001 1277 2251 1348; x_wconf 88' lang='lat' dir='ltr'>regulam</span> <span class='ocrx_word' id='word_1_114' title='bbox 2285 1278 2533 1349; x_wconf 84' lang='lat' dir='ltr'>proxime</span> <span class='ocrx_word' id='word_1_115' title='bbox 2559 1293 2716 1350; x_wconf 91' lang='lat' dir='ltr'>spec-</span> 
     </span>
     <span class='ocr_line' id='line_1_12' title="bbox 160 1363 2718 1435; baseline 0.002 -18"><span class='ocrx_word' id='word_1_116' title='bbox 160 1371 320 1430; x_wconf 89' lang='lat' dir='ltr'>tant,</span> <span class='ocrx_word' id='word_1_117' title='bbox 367 1364 551 1418; x_wconf 88' lang='lat' dir='ltr'>omnia</span> <span class='ocrx_word' id='word_1_118' title='bbox 593 1363 797 1419; x_wconf 82' lang='lat' dir='ltr'>menda</span> <span class='ocrx_word' id='word_1_119' title='bbox 840 1371 1147 1432; x_wconf 85' lang='lat' dir='ltr'>averteret3</span> <span class='ocrx_word' id='word_1_120' title='bbox 1196 1378 1379 1435; x_wconf 90' lang='lat' dir='ltr'>neque</span> <span class='ocrx_word' id='word_1_121' title='bbox 1418 1379 1559 1435; x_wconf 90' lang='lat' dir='ltr'>opus</span> <span class='ocrx_word' id='word_1_122' title='bbox 1597 1372 1743 1434; x_wconf 87' lang='lat' dir='ltr'>erat,</span> <span class='ocrx_word' id='word_1_123' title='bbox 1787 1373 1850 1419; x_wconf 91' lang='lat' dir='ltr'>ut</span> <span class='ocrx_word' id='word_1_124' title='bbox 1887 1363 2084 1420; x_wconf 89' lang='lat' dir='ltr'>eadem</span> <span class='ocrx_word' id='word_1_125' title='bbox 2125 1380 2256 1421; x_wconf 91' lang='lat' dir='ltr'>cum</span> <span class='ocrx_word' id='word_1_126' title='bbox 2285 1364 2656 1421; x_wconf 90' lang='lat' dir='ltr'>sollieitudine</span> <span class='ocrx_word' id='word_1_127' title='bbox 2685 1382 2718 1421; x_wconf 90' lang='lat' dir='ltr'>a</span> 
     </span>
     <span class='ocr_line' id='line_1_13' title="bbox 160 1449 2715 1522; baseline 0.002 -18"><span class='ocrx_word' id='word_1_128' title='bbox 160 1449 396 1522; x_wconf 89' lang='lat' dir='ltr'>reliquis</span> <span class='ocrx_word' id='word_1_129' title='bbox 443 1466 665 1522; x_wconf 91' lang='lat' dir='ltr'>quoque</span> <span class='ocrx_word' id='word_1_130' title='bbox 706 1467 897 1508; x_wconf 89' lang='lat' dir='ltr'>omnes</span> <span class='ocrx_word' id='word_1_131' title='bbox 939 1467 1183 1518; x_wconf 76' lang='lat' dir='ltr'>erroreS,</span> <span class='ocrx_word' id='word_1_132' title='bbox 1231 1467 1403 1522; x_wconf 89' lang='lat' dir='ltr'>quum</span> <span class='ocrx_word' id='word_1_133' title='bbox 1444 1459 1704 1508; x_wconf 83' lang='lat' dir='ltr'>aeternae</span> <span class='ocrx_word' id='word_1_134' title='bbox 1741 1451 2032 1508; x_wconf 89' lang='lat' dir='ltr'>hominum</span> <span class='ocrx_word' id='word_1_135' title='bbox 2073 1451 2236 1508; x_wconf 84' lang='lat' dir='ltr'>saluti</span> <span class='ocrx_word' id='word_1_136' title='bbox 2284 1468 2419 1509; x_wconf 89' lang='lat' dir='ltr'>non·</span> <span class='ocrx_word' id='word_1_137' title='bbox 2447 1463 2715 1522; x_wconf 84' lang='lat' dir='ltr'>noceant,</span> 
     </span>
     <span class='ocr_line' id='line_1_14' title="bbox 158 1531 2718 1612; baseline 0.001 -19"><span class='ocrx_word' id='word_1_138' title='bbox 158 1547 404 1594; x_wconf 88' lang='lat' dir='ltr'>arceret.</span> <span class='ocrx_word' id='word_1_139' title='bbox 431 1544 507 1594; x_wconf 82' lang='lat' dir='ltr'>At</span> <span class='ocrx_word' id='word_1_140' title='bbox 528 1539 637 1594; x_wconf 87' lang='lat' dir='ltr'>alia</span> <span class='ocrx_word' id='word_1_141' title='bbox 664 1547 747 1594; x_wconf 90' lang='lat' dir='ltr'>est</span> <span class='ocrx_word' id='word_1_142' title='bbox 774 1555 889 1609; x_wconf 81' lang='lat' dir='ltr'>reS,</span> <span class='ocrx_word' id='word_1_143' title='bbox 918 1539 964 1594; x_wconf 92' lang='lat' dir='ltr'>si</span> <span class='ocrx_word' id='word_1_144' title='bbox 995 1539 1065 1596; x_wconf 92' lang='lat' dir='ltr'>de</span> <span class='ocrx_word' id='word_1_145' title='bbox 1094 1541 1269 1612; x_wconf 89' lang='lat' dir='ltr'>prima</span> <span class='ocrx_word' id='word_1_146' title='bbox 1294 1539 1568 1595; x_wconf 88' lang='lat' dir='ltr'>librorum</span> <span class='ocrx_word' id='word_1_147' title='bbox 1596 1531 1816 1612; x_wconf 86' lang='lat' dir='ltr'>origine</span> <span class='ocrx_word' id='word_1_148' title='bbox 1837 1540 2038 1612; x_wconf 87' lang='lat' dir='ltr'>agitur,</span> <span class='ocrx_word' id='word_1_149' title='bbox 2066 1539 2345 1610; x_wconf 85' lang='lat' dir='ltr'>siquidem</span> <span class='ocrx_word' id='word_1_150' title='bbox 2371 1540 2566 1597; x_wconf 88' lang='lat' dir='ltr'>eadem</span> <span class='ocrx_word' id='word_1_151' title='bbox 2595 1557 2718 1596; x_wconf 89' lang='lat' dir='ltr'>om-</span> 
     </span>
     <span class='ocr_line' id='line_1_15' title="bbox 158 1624 2718 1699; baseline 0.002 -19"><span class='ocrx_word' id='word_1_152' title='bbox 158 1624 299 1680; x_wconf 90' lang='lat' dir='ltr'>nino</span> <span class='ocrx_word' id='word_1_153' title='bbox 328 1624 543 1682; x_wconf 89' lang='lat' dir='ltr'>ratione</span> <span class='ocrx_word' id='word_1_154' title='bbox 565 1630 719 1683; x_wconf 92' lang='lat' dir='ltr'>Deus</span> <span class='ocrx_word' id='word_1_155' title='bbox 747 1644 859 1683; x_wconf 91' lang='lat' dir='ltr'>non</span> <span class='ocrx_word' id='word_1_156' title='bbox 899 1635 982 1683; x_wconf 89' lang='lat' dir='ltr'>est</span> <span class='ocrx_word' id='word_1_157' title='bbox 1008 1641 1203 1683; x_wconf 90' lang='lat' dir='ltr'>eorum</span> <span class='ocrx_word' id='word_1_158' title='bbox 1246 1636 1624 1696; x_wconf 89' lang='lat' dir='ltr'>conservator,</span> <span class='ocrx_word' id='word_1_159' title='bbox 1671 1643 1782 1699; x_wconf 87' lang='lat' dir='ltr'>qua</span> <span class='ocrx_word' id='word_1_160' title='bbox 1827 1635 1912 1683; x_wconf 91' lang='lat' dir='ltr'>est</span> <span class='ocrx_word' id='word_1_161' title='bbox 1934 1642 2130 1683; x_wconf 90' lang='lat' dir='ltr'>eorum</span> <span class='ocrx_word' id='word_1_162' title='bbox 2169 1635 2396 1696; x_wconf 80' lang='lat' dir='ltr'>auetor3</span> <span class='ocrx_word' id='word_1_163' title='bbox 2431 1629 2490 1684; x_wconf 90' lang='lat' dir='ltr'>in</span> <span class='ocrx_word' id='word_1_164' title='bbox 2527 1643 2718 1684; x_wconf 88' lang='lat' dir='ltr'>eorum</span> 
     </span>
     <span class='ocr_line' id='line_1_16' title="bbox 157 1713 2718 1787; baseline 0 -17"><span class='ocrx_word' id='word_1_165' title='bbox 157 1716 583 1770; x_wconf 80' lang='lat' dir='ltr'>conservatione</span> <span class='ocrx_word' id='word_1_166' title='bbox 629 1715 933 1771; x_wconf 88' lang='lat' dir='ltr'>secundum</span> <span class='ocrx_word' id='word_1_167' title='bbox 978 1715 1134 1787; x_wconf 87' lang='lat' dir='ltr'>quasi</span> <span class='ocrx_word' id='word_1_168' title='bbox 1172 1716 1360 1770; x_wconf 89' lang='lat' dir='ltr'>locum</span> <span class='ocrx_word' id='word_1_169' title='bbox 1396 1723 1583 1780; x_wconf 90' lang='lat' dir='ltr'>tenet,</span> <span class='ocrx_word' id='word_1_170' title='bbox 1615 1715 1675 1770; x_wconf 89' lang='lat' dir='ltr'>in</span> <span class='ocrx_word' id='word_1_171' title='bbox 1721 1729 1919 1770; x_wconf 87' lang='lat' dir='ltr'>eorum</span> <span class='ocrx_word' id='word_1_172' title='bbox 1959 1715 2170 1786; x_wconf 88' lang='lat' dir='ltr'>origine</span> <span class='ocrx_word' id='word_1_173' title='bbox 2203 1713 2473 1786; x_wconf 85' lang='lat' dir='ltr'>primum;</span> <span class='ocrx_word' id='word_1_174' title='bbox 2516 1714 2718 1771; x_wconf 88' lang='lat' dir='ltr'>menda</span> 
     </span>
     <span class='ocr_line' id='line_1_17' title="bbox 158 1801 2718 1875; baseline 0 -18"><span class='ocrx_word' id='word_1_175' title='bbox 158 1803 355 1874; x_wconf 87' lang='lat' dir='ltr'>igitur,</span> <span class='ocrx_word' id='word_1_176' title='bbox 388 1818 529 1875; x_wconf 89' lang='lat' dir='ltr'>quae</span> <span class='ocrx_word' id='word_1_177' title='bbox 556 1803 617 1858; x_wconf 89' lang='lat' dir='ltr'>in</span> <span class='ocrx_word' id='word_1_178' title='bbox 648 1804 957 1874; x_wconf 87' lang='lat' dir='ltr'>Scripturas</span> <span class='ocrx_word' id='word_1_179' title='bbox 980 1803 1321 1875; x_wconf 88' lang='lat' dir='ltr'>irrepserunt</span> <span class='ocrx_word' id='word_1_180' title='bbox 1337 1844 1353 1868; x_wconf 85' lang='lat'>,</span> <span class='ocrx_word' id='word_1_181' title='bbox 1378 1811 1677 1875; x_wconf 87' lang='lat' dir='ltr'>postquam</span> <span class='ocrx_word' id='word_1_182' title='bbox 1701 1802 2022 1859; x_wconf 87' lang='lat' dir='ltr'>hominibus</span> <span class='ocrx_word' id='word_1_183' title='bbox 2049 1801 2451 1858; x_wconf 87' lang='lat' dir='ltr'>custodiendae</span> <span class='ocrx_word' id='word_1_184' title='bbox 2480 1803 2718 1858; x_wconf 86' lang='lat' dir='ltr'>traditae</span> 
     </span>
     <span class='ocr_line' id='line_1_18' title="bbox 158 1889 2716 1964; baseline 0 -18"><span class='ocrx_word' id='word_1_185' title='bbox 158 1899 353 1958; x_wconf 87' lang='lat' dir='ltr'>erant,</span> <span class='ocrx_word' id='word_1_186' title='bbox 398 1891 677 1947; x_wconf 87' lang='lat' dir='ltr'>humanae</span> <span class='ocrx_word' id='word_1_187' title='bbox 720 1889 1007 1964; x_wconf 73' lang='lat' dir='ltr'>fragilitati</span> <span class='ocrx_word' id='word_1_188' title='bbox 1047 1905 1111 1946; x_wconf 85' lang='lat' dir='ltr'>ac</span> <span class='ocrx_word' id='word_1_189' title='bbox 1157 1890 1527 1962; x_wconf 82' lang='lat' dir='ltr'>negligentiae</span> <span class='ocrx_word' id='word_1_190' title='bbox 1571 1891 1694 1946; x_wconf 90' lang='lat' dir='ltr'>iure</span> <span class='ocrx_word' id='word_1_191' title='bbox 1739 1889 2150 1958; x_wconf 70' lang='lat' dir='ltr'>attribuuntur,</span> <span class='ocrx_word' id='word_1_192' title='bbox 2183 1890 2231 1946; x_wconf 91' lang='lat' dir='ltr'>si</span> <span class='ocrx_word' id='word_1_193' title='bbox 2273 1899 2458 1945; x_wconf 83' lang='lat' dir='ltr'>autem</span> <span class='ocrx_word' id='word_1_194' title='bbox 2502 1891 2570 1946; x_wconf 89' lang='lat' dir='ltr'>ab</span> <span class='ocrx_word' id='word_1_195' title='bbox 2599 1891 2716 1962; x_wconf 92' lang='lat' dir='ltr'>ipsa</span> 
     </span>
     <span class='ocr_line' id='line_1_19' title="bbox 158 1976 2712 2052; baseline 0 -19"><span class='ocrx_word' id='word_1_196' title='bbox 158 1979 377 2051; x_wconf 85' lang='lat' dir='ltr'>origiue</span> <span class='ocrx_word' id='word_1_197' title='bbox 404 1979 721 2052; x_wconf 90' lang='lat' dir='ltr'>Scripturae</span> <span class='ocrx_word' id='word_1_198' title='bbox 745 1978 1024 2034; x_wconf 86' lang='lat' dir='ltr'>erroribus</span> <span class='ocrx_word' id='word_1_199' title='bbox 1050 1977 1286 2034; x_wconf 78' lang='lat' dir='ltr'>infectae</span> <span class='ocrx_word' id='word_1_200' title='bbox 1316 1977 1580 2042; x_wconf 81' lang='lat' dir='ltr'>fuissent,</span> <span class='ocrx_word' id='word_1_201' title='bbox 1623 1976 1681 2033; x_wconf 89' lang='lat' dir='ltr'>bi</span> <span class='ocrx_word' id='word_1_202' title='bbox 1709 1977 1947 2049; x_wconf 88' lang='lat' dir='ltr'>principi</span> <span class='ocrx_word' id='word_1_203' title='bbox 1977 1992 2169 2032; x_wconf 90' lang='lat' dir='ltr'>earum</span> <span class='ocrx_word' id='word_1_204' title='bbox 2197 1991 2400 2032; x_wconf 87' lang='lat' dir='ltr'>causae</span> <span class='ocrx_word' id='word_1_205' title='bbox 2427 1977 2712 2047; x_wconf 78' lang='lat' dir='ltr'>efficienti,</span> 
     </span>
     <span class='ocr_line' id='line_1_20' title="bbox 160 2066 1218 2138; baseline 0 -17"><span class='ocrx_word' id='word_1_206' title='bbox 160 2067 201 2122; x_wconf 90' lang='lat' dir='ltr'>i.</span> <span class='ocrx_word' id='word_1_207' title='bbox 235 2083 286 2122; x_wconf 93' lang='lat' dir='ltr'>e.</span> <span class='ocrx_word' id='word_1_208' title='bbox 322 2066 423 2138; x_wconf 87' lang='lat' dir='ltr'>ipsi</span> <span class='ocrx_word' id='word_1_209' title='bbox 452 2069 602 2138; x_wconf 88' lang='lat' dir='ltr'>Deo,</span> <span class='ocrx_word' id='word_1_210' title='bbox 634 2066 980 2124; x_wconf 85' lang='lat' dir='ltr'>attribuendi</span> <span class='ocrx_word' id='word_1_211' title='bbox 1016 2075 1218 2122; x_wconf 89' lang='lat' dir='ltr'>essent.</span> 
     </span>
    </p>

    <p class='ocr_par' dir='ltr' id='par_1_3' title="bbox 156 2153 2724 3896">
     <span class='ocr_line' id='line_1_21' title="bbox 232 2153 2717 2228; baseline 0 -18"><span class='ocrx_word' id='word_1_212' title='bbox 232 2157 521 2227; x_wconf 84' lang='lat' dir='ltr'>Namque,</span> <span class='ocrx_word' id='word_1_213' title='bbox 552 2156 633 2211; x_wconf 88' lang='lat' dir='ltr'>uti</span> <span class='ocrx_word' id='word_1_214' title='bbox 654 2172 719 2212; x_wconf 84' lang='lat' dir='ltr'>ex</span> <span class='ocrx_word' id='word_1_215' title='bbox 748 2154 1128 2226; x_wconf 87' lang='lat' dir='ltr'>superioribus</span> <span class='ocrx_word' id='word_1_216' title='bbox 1157 2159 1237 2221; x_wconf 82' lang='grc' dir='ltr'>(π.</span> <span class='ocrx_word' id='word_1_217' title='bbox 1268 2161 1324 2210; x_wconf 80' lang='grc'>2.</span> <span class='ocrx_word' id='word_1_218' title='bbox 1350 2159 1405 2211; x_wconf 82' lang='grc'>4.</span> <span class='ocrx_word' id='word_1_219' title='bbox 1437 2159 1459 2222; x_wconf 87' lang='grc'>)</span> <span class='ocrx_word' id='word_1_220' title='bbox 1488 2154 1623 2211; x_wconf 88' lang='lat' dir='ltr'>satis</span> <span class='ocrx_word' id='word_1_221' title='bbox 1648 2153 1761 2211; x_wconf 89' lang='lat' dir='ltr'>iam</span> <span class='ocrx_word' id='word_1_222' title='bbox 1794 2156 2004 2222; x_wconf 91' lang='lat' dir='ltr'>elucet,</span> <span class='ocrx_word' id='word_1_223' title='bbox 2038 2156 2384 2226; x_wconf 88' lang='lat' dir='ltr'>integrarum</span> <span class='ocrx_word' id='word_1_224' title='bbox 2407 2155 2717 2228; x_wconf 87' lang='lat' dir='ltr'>Scriptura-</span> 
     </span>
     <span class='ocr_line' id='line_1_22' title="bbox 165 2241 2716 2315; baseline -0.001 -15"><span class='ocrx_word' id='word_1_225' title='bbox 165 2259 301 2300; x_wconf 87' lang='lat' dir='ltr'>rum</span> <span class='ocrx_word' id='word_1_226' title='bbox 347 2245 497 2299; x_wconf 91' lang='lat' dir='ltr'>Deus</span> <span class='ocrx_word' id='word_1_227' title='bbox 520 2252 604 2300; x_wconf 91' lang='lat' dir='ltr'>est</span> <span class='ocrx_word' id='word_1_228' title='bbox 628 2252 853 2310; x_wconf 88' lang='lat' dir='ltr'>auctor;</span> <span class='ocrx_word' id='word_1_229' title='bbox 898 2241 1096 2315; x_wconf 86' lang='lat' dir='ltr'>quodsi</span> <span class='ocrx_word' id='word_1_230' title='bbox 1123 2245 1181 2300; x_wconf 92' lang='lat' dir='ltr'>S.</span> <span class='ocrx_word' id='word_1_231' title='bbox 1212 2243 1417 2298; x_wconf 90' lang='lat' dir='ltr'>Paulus</span> <span class='ocrx_word' id='word_1_232' title='bbox 1446 2258 1676 2298; x_wconf 82' lang='lat' dir='ltr'>omnem</span> <span class='ocrx_word' id='word_1_233' title='bbox 1715 2243 2061 2314; x_wconf 89' lang='lat' dir='ltr'>Scripturam</span> <span class='ocrx_word' id='word_1_234' title='bbox 2097 2241 2360 2298; x_wconf 90' lang='lat' dir='ltr'>divinitus</span> <span class='ocrx_word' id='word_1_235' title='bbox 2391 2243 2716 2314; x_wconf 85' lang='lat' dir='ltr'>inspiratam</span> 
     </span>
     <span class='ocr_line' id='line_1_23' title="bbox 161 2329 2716 2404; baseline -0 -17"><span class='ocrx_word' id='word_1_236' title='bbox 161 2331 406 2403; x_wconf 89' lang='lat' dir='ltr'>ideoque</span> <span class='ocrx_word' id='word_1_237' title='bbox 430 2332 622 2388; x_wconf 88' lang='lat' dir='ltr'>utilem</span> <span class='ocrx_word' id='word_1_238' title='bbox 650 2331 722 2387; x_wconf 89' lang='lat' dir='ltr'>ad</span> <span class='ocrx_word' id='word_1_239' title='bbox 754 2331 1070 2388; x_wconf 88' lang='lat' dir='ltr'>docendum</span> <span class='ocrx_word' id='word_1_240' title='bbox 1098 2339 1205 2386; x_wconf 86' lang='lat' dir='ltr'>etc.</span> <span class='ocrx_word' id='word_1_241' title='bbox 1234 2330 1401 2398; x_wconf 83' lang='lat' dir='ltr'>dixit,</span> <span class='ocrx_word' id='word_1_242' title='bbox 1433 2339 1584 2386; x_wconf 89' lang='lat' dir='ltr'>certe</span> <span class='ocrx_word' id='word_1_243' title='bbox 1619 2345 1736 2386; x_wconf 90' lang='lat' dir='ltr'>rem</span> <span class='ocrx_word' id='word_1_244' title='bbox 1771 2346 1886 2385; x_wconf 89' lang='lat' dir='ltr'>non</span> <span class='ocrx_word' id='word_1_245' title='bbox 1914 2331 1992 2386; x_wconf 91' lang='lat' dir='ltr'>ita</span> <span class='ocrx_word' id='word_1_246' title='bbox 2020 2329 2322 2399; x_wconf 88' lang='lat' dir='ltr'>intellexit,</span> <span class='ocrx_word' id='word_1_247' title='bbox 2353 2338 2418 2386; x_wconf 87' lang='lat' dir='ltr'>ut</span> <span class='ocrx_word' id='word_1_248' title='bbox 2443 2329 2716 2404; x_wconf 85' lang='lat' dir='ltr'>quaedam</span> 
     </span>
     <span class='ocr_line' id='line_1_24' title="bbox 158 2415 2718 2491; baseline 0 -17"><span class='ocrx_word' id='word_1_249' title='bbox 158 2419 457 2475; x_wconf 85' lang='lat' dir='ltr'>dumtaxat</span> <span class='ocrx_word' id='word_1_250' title='bbox 481 2419 785 2476; x_wconf 90' lang='lat' dir='ltr'>sententiae</span> <span class='ocrx_word' id='word_1_251' title='bbox 814 2421 872 2476; x_wconf 92' lang='lat' dir='ltr'>in</span> <span class='ocrx_word' id='word_1_252' title='bbox 899 2419 1055 2475; x_wconf 91' lang='lat' dir='ltr'>libris</span> <span class='ocrx_word' id='word_1_253' title='bbox 1080 2419 1281 2488; x_wconf 78' lang='lat' dir='ltr'>sacriS,</span> <span class='ocrx_word' id='word_1_254' title='bbox 1316 2433 1455 2491; x_wconf 91' lang='lat' dir='ltr'>quos</span> <span class='ocrx_word' id='word_1_255' title='bbox 1480 2417 1810 2474; x_wconf 85' lang='lat' dir='ltr'>Timotheus</span> <span class='ocrx_word' id='word_1_256' title='bbox 1843 2417 1912 2472; x_wconf 93' lang='lat' dir='ltr'>ab</span> <span class='ocrx_word' id='word_1_257' title='bbox 1941 2415 2174 2473; x_wconf 84' lang='lat' dir='ltr'>infantia</span> <span class='ocrx_word' id='word_1_258' title='bbox 2199 2416 2388 2484; x_wconf 89' lang='lat' dir='ltr'>novit,</span> <span class='ocrx_word' id='word_1_259' title='bbox 2423 2419 2718 2490; x_wconf 87' lang='lat' dir='ltr'>inspiratae</span> 
     </span>
     <span class='ocr_line' id='line_1_25' title="bbox 157 2505 2719 2581; baseline -0.001 -16"><span class='ocrx_word' id='word_1_260' title='bbox 157 2509 440 2581; x_wconf 87' lang='lat' dir='ltr'>utilesque</span> <span class='ocrx_word' id='word_1_261' title='bbox 462 2509 599 2577; x_wconf 80' lang='lat' dir='ltr'>sint3</span> <span class='ocrx_word' id='word_1_262' title='bbox 630 2525 813 2580; x_wconf 88' lang='lat' dir='ltr'>neque</span> <span class='ocrx_word' id='word_1_263' title='bbox 839 2507 1077 2563; x_wconf 85' lang='lat' dir='ltr'>Concilia</span> <span class='ocrx_word' id='word_1_264' title='bbox 1096 2547 1113 2572; x_wconf 88' lang='lat'>,</span> <span class='ocrx_word' id='word_1_265' title='bbox 1136 2507 1183 2563; x_wconf 89' lang='lat' dir='ltr'>si</span> <span class='ocrx_word' id='word_1_266' title='bbox 1210 2507 1626 2578; x_wconf 85' lang='lat' dir='ltr'>Scripturarum</span> <span class='ocrx_word' id='word_1_267' title='bbox 1655 2527 1680 2558; x_wconf 76' lang='grc' dir='ltr'><strong>α</strong></span> <span class='ocrx_word' id='word_1_268' title='bbox 1705 2505 1877 2562; x_wconf 86' lang='lat' dir='ltr'>libros</span> <span class='ocrx_word' id='word_1_269' title='bbox 1901 2505 2150 2576; x_wconf 89' lang='lat' dir='ltr'>integros</span> <span class='ocrx_word' id='word_1_270' title='bbox 2173 2522 2301 2562; x_wconf 91' lang='lat' dir='ltr'>cum</span> <span class='ocrx_word' id='word_1_271' title='bbox 2322 2506 2581 2562; x_wconf 89' lang='lat' dir='ltr'>omnibus</span> <span class='ocrx_word' id='word_1_272' title='bbox 2604 2507 2719 2563; x_wconf 90' lang='lat' dir='ltr'>suis</span> 
     </span>
     <span class='ocr_line' id='line_1_26' title="bbox 158 2593 2715 2668; baseline -0.002 -16"><span class='ocrx_word' id='word_1_273' title='bbox 158 2597 415 2668; x_wconf 90' lang='lat' dir='ltr'>partibus</span> <span class='ocrx_word' id='word_1_274' title='bbox 443 2617 469 2648; x_wconf 72' lang='lat' dir='ltr'>n</span> <span class='ocrx_word' id='word_1_275' title='bbox 503 2611 693 2652; x_wconf 88' lang='lat' dir='ltr'>sacros</span> <span class='ocrx_word' id='word_1_276' title='bbox 720 2604 776 2651; x_wconf 90' lang='lat' dir='ltr'>et</span> <span class='ocrx_word' id='word_1_277' title='bbox 795 2595 1090 2651; x_wconf 90' lang='lat' dir='ltr'>canonicos</span> <span class='ocrx_word' id='word_1_278' title='bbox 1118 2593 1503 2661; x_wconf 88' lang='lat' dir='ltr'>declararunt,</span> <span class='ocrx_word' id='word_1_279' title='bbox 1537 2595 1668 2666; x_wconf 90' lang='lat' dir='ltr'>quia</span> <span class='ocrx_word' id='word_1_280' title='bbox 1703 2613 1726 2644; x_wconf 79' lang='grc' dir='ltr'><strong>α</strong></span> <span class='ocrx_word' id='word_1_281' title='bbox 1755 2593 1966 2665; x_wconf 87' lang='lat' dir='ltr'>Spiritu</span> <span class='ocrx_word' id='word_1_282' title='bbox 1994 2596 2052 2650; x_wconf 92' lang='lat' dir='ltr'>S.</span> <span class='ocrx_word' id='word_1_283' title='bbox 2077 2594 2382 2665; x_wconf 88' lang='lat' dir='ltr'>inspirante</span> <span class='ocrx_word' id='word_1_284' title='bbox 2411 2594 2715 2665; x_wconf 85' lang='lat' dir='ltr'>conscripti</span> 
     </span>
     <span class='ocr_line' id='line_1_27' title="bbox 158 2681 2719 2755; baseline -0.002 -14"><span class='ocrx_word' id='word_1_285' title='bbox 158 2689 349 2741; x_wconf 86' lang='lat' dir='ltr'>Deum</span> <span class='ocrx_word' id='word_1_286' title='bbox 386 2683 625 2740; x_wconf 86' lang='lat' dir='ltr'>habeant</span> <span class='ocrx_word' id='word_1_287' title='bbox 652 2694 937 2739; x_wconf 83' lang='lat' dir='ltr'>auctorem</span> <span class='ocrx_word' id='word_1_288' title='bbox 980 2705 1030 2752; x_wconf 70' lang='lat' dir='ltr'>n,</span> <span class='ocrx_word' id='word_1_289' title='bbox 1061 2699 1183 2738; x_wconf 90' lang='lat' dir='ltr'>rem</span> <span class='ocrx_word' id='word_1_290' title='bbox 1216 2683 1291 2738; x_wconf 89' lang='lat' dir='ltr'>ita</span> <span class='ocrx_word' id='word_1_291' title='bbox 1322 2683 1630 2755; x_wconf 88' lang='lat' dir='ltr'>intelligere</span> <span class='ocrx_word' id='word_1_292' title='bbox 1658 2689 1987 2754; x_wconf 77' lang='lat' dir='ltr'>potuerunt,</span> <span class='ocrx_word' id='word_1_293' title='bbox 2029 2689 2092 2736; x_wconf 92' lang='lat' dir='ltr'>ut</span> <span class='ocrx_word' id='word_1_294' title='bbox 2119 2681 2302 2736; x_wconf 89' lang='lat' dir='ltr'>divina</span> <span class='ocrx_word' id='word_1_295' title='bbox 2329 2682 2630 2737; x_wconf 89' lang='lat' dir='ltr'>illustratio</span> <span class='ocrx_word' id='word_1_296' title='bbox 2663 2691 2719 2737; x_wconf 89' lang='lat' dir='ltr'>et</span> 
     </span>
     <span class='ocr_line' id='line_1_28' title="bbox 158 2768 2716 2842; baseline -0.002 -14"><span class='ocrx_word' id='word_1_297' title='bbox 158 2773 341 2829; x_wconf 86' lang='lat' dir='ltr'>motio</span> <span class='ocrx_word' id='word_1_298' title='bbox 368 2772 665 2828; x_wconf 90' lang='lat' dir='ltr'>nonnullas</span> <span class='ocrx_word' id='word_1_299' title='bbox 688 2781 904 2828; x_wconf 88' lang='lat' dir='ltr'>tautum</span> <span class='ocrx_word' id='word_1_300' title='bbox 932 2772 1229 2828; x_wconf 84' lang='lat' dir='ltr'>sententias</span> <span class='ocrx_word' id='word_1_301' title='bbox 1248 2771 1597 2842; x_wconf 88' lang='lat' dir='ltr'>maioresque</span> <span class='ocrx_word' id='word_1_302' title='bbox 1627 2771 1711 2826; x_wconf 91' lang='lat' dir='ltr'>vel</span> <span class='ocrx_word' id='word_1_303' title='bbox 1738 2769 1983 2826; x_wconf 88' lang='lat' dir='ltr'>minores</span> <span class='ocrx_word' id='word_1_304' title='bbox 2003 2778 2186 2840; x_wconf 86' lang='lat' dir='ltr'>partes</span> <span class='ocrx_word' id='word_1_305' title='bbox 2206 2768 2449 2842; x_wconf 83' lang='lat' dir='ltr'>attigerit</span> <span class='ocrx_word' id='word_1_306' title='bbox 2477 2778 2533 2825; x_wconf 90' lang='lat' dir='ltr'>et</span> <span class='ocrx_word' id='word_1_307' title='bbox 2558 2769 2716 2842; x_wconf 87' lang='lat' dir='ltr'>quasi</span> 
     </span>
     <span class='ocr_line' id='line_1_29' title="bbox 156 2857 2713 2934; baseline -0.003 -16"><span class='ocrx_word' id='word_1_308' title='bbox 156 2878 266 2934; x_wconf 89' lang='lat' dir='ltr'>per</span> <span class='ocrx_word' id='word_1_309' title='bbox 292 2862 582 2918; x_wconf 88' lang='lat' dir='ltr'>intervalla</span> <span class='ocrx_word' id='word_1_310' title='bbox 608 2860 784 2934; x_wconf 87' lang='lat' dir='ltr'>egerit</span> <span class='ocrx_word' id='word_1_311' title='bbox 814 2860 867 2916; x_wconf 88' lang='lat' dir='ltr'>in</span> <span class='ocrx_word' id='word_1_312' title='bbox 894 2874 1083 2914; x_wconf 90' lang='lat' dir='ltr'>sacros</span> <span class='ocrx_word' id='word_1_313' title='bbox 1110 2858 1426 2931; x_wconf 60' lang='lat' dir='ltr'>scriptores</span> <span class='ocrx_word' id='word_1_314' title='bbox 1460 2859 1655 2930; x_wconf 90' lang='lat' dir='ltr'>ltaque</span> <span class='ocrx_word' id='word_1_315' title='bbox 1683 2859 1813 2914; x_wconf 89' lang='lat' dir='ltr'>licet</span> <span class='ocrx_word' id='word_1_316' title='bbox 1843 2857 2190 2914; x_wconf 86' lang='lat' dir='ltr'>verissimum</span> <span class='ocrx_word' id='word_1_317' title='bbox 2226 2857 2296 2912; x_wconf 88' lang='lat' dir='ltr'>sit</span> <span class='ocrx_word' id='word_1_318' title='bbox 2320 2900 2334 2926; x_wconf 91' lang='lat'>,</span> <span class='ocrx_word' id='word_1_319' title='bbox 2364 2872 2480 2912; x_wconf 87' lang='lat' dir='ltr'>non</span> <span class='ocrx_word' id='word_1_320' title='bbox 2509 2858 2713 2924; x_wconf 88' lang='lat' dir='ltr'>omnia,</span> 
     </span>
     <span class='ocr_line' id='line_1_30' title="bbox 158 2943 2718 3024; baseline -0.003 -17"><span class='ocrx_word' id='word_1_321' title='bbox 158 2950 392 3024; x_wconf 90' lang='lat' dir='ltr'>quaein</span> <span class='ocrx_word' id='word_1_322' title='bbox 417 2949 717 3020; x_wconf 91' lang='lat' dir='ltr'>Scripturis</span> <span class='ocrx_word' id='word_1_323' title='bbox 746 2948 948 3019; x_wconf 88' lang='lat' dir='ltr'>scripta</span> <span class='ocrx_word' id='word_1_324' title='bbox 972 2957 1123 3016; x_wconf 89' lang='lat' dir='ltr'>sunt,</span> <span class='ocrx_word' id='word_1_325' title='bbox 1150 2949 1395 3004; x_wconf 86' lang='lat' dir='ltr'>revelata</span> <span class='ocrx_word' id='word_1_326' title='bbox 1422 2963 1542 3002; x_wconf 87' lang='lat' dir='ltr'>esse</span> <span class='ocrx_word' id='word_1_327' title='bbox 1559 2988 1574 3014; x_wconf 92' lang='lat'>,</span> <span class='ocrx_word' id='word_1_328' title='bbox 1606 2947 1652 3002; x_wconf 89' lang='lat' dir='ltr'>si</span> <span class='ocrx_word' id='word_1_329' title='bbox 1676 2945 1939 3002; x_wconf 82' lang='lat' dir='ltr'>revelatio</span> <span class='ocrx_word' id='word_1_330' title='bbox 1967 2945 2316 3001; x_wconf 89' lang='lat' dir='ltr'>strictissimo</span> <span class='ocrx_word' id='word_1_331' title='bbox 2344 2959 2510 3000; x_wconf 89' lang='lat' dir='ltr'>sensu</span> <span class='ocrx_word' id='word_1_332' title='bbox 2535 2943 2718 3000; x_wconf 85' lang='lat' dir='ltr'>divina</span> 
     </span>
     <span class='ocr_line' id='line_1_31' title="bbox 158 3033 2719 3104; baseline -0.004 -8"><span class='ocrx_word' id='word_1_333' title='bbox 158 3041 247 3096; x_wconf 89' lang='lat' dir='ltr'>rei</span> <span class='ocrx_word' id='word_1_334' title='bbox 282 3037 539 3094; x_wconf 84' lang='lat' dir='ltr'>occultae</span> <span class='ocrx_word' id='word_1_335' title='bbox 576 3036 950 3092; x_wconf 80' lang='lat' dir='ltr'>manifestatio</span> <span class='ocrx_word' id='word_1_336' title='bbox 988 3034 1340 3104; x_wconf 82' lang='lat' dir='ltr'>intelligitur,</span> <span class='ocrx_word' id='word_1_337' title='bbox 1378 3035 1606 3090; x_wconf 90' lang='lat' dir='ltr'>omnino</span> <span class='ocrx_word' id='word_1_338' title='bbox 1643 3043 1862 3102; x_wconf 89' lang='lat' dir='ltr'>tamen,</span> <span class='ocrx_word' id='word_1_339' title='bbox 1897 3053 1920 3085; x_wconf 75' lang='grc' dir='ltr'><strong>α</strong></span> <span class='ocrx_word' id='word_1_340' title='bbox 1953 3033 2000 3088; x_wconf 87' lang='lat' dir='ltr'>si</span> <span class='ocrx_word' id='word_1_341' title='bbox 2036 3033 2300 3088; x_wconf 85' lang='lat' dir='ltr'>revelatio</span> <span class='ocrx_word' id='word_1_342' title='bbox 2343 3047 2508 3088; x_wconf 86' lang='lat' dir='ltr'>sensu</span> <span class='ocrx_word' id='word_1_343' title='bbox 2535 3033 2719 3088; x_wconf 88' lang='lat' dir='ltr'>minus</span> 
     </span>
     <span class='ocr_line' id='line_1_32' title="bbox 158 3119 2718 3197; baseline -0.004 -14"><span class='ocrx_word' id='word_1_344' title='bbox 158 3127 357 3184; x_wconf 83' lang='lat' dir='ltr'>stricto</span> <span class='ocrx_word' id='word_1_345' title='bbox 384 3125 484 3180; x_wconf 91' lang='lat' dir='ltr'>sed</span> <span class='ocrx_word' id='word_1_346' title='bbox 512 3122 1021 3197; x_wconf 73' lang='lat' dir='ltr'>frequentatissimo</span> <span class='ocrx_word' id='word_1_347' title='bbox 1056 3122 1384 3195; x_wconf 84' lang='lat' dir='ltr'>intelligitur</span> <span class='ocrx_word' id='word_1_348' title='bbox 1412 3122 1663 3178; x_wconf 88' lang='lat' dir='ltr'>veritatis</span> <span class='ocrx_word' id='word_1_349' title='bbox 1693 3120 1996 3193; x_wconf 87' lang='lat' dir='ltr'>propositio</span> <span class='ocrx_word' id='word_1_350' title='bbox 2027 3119 2096 3175; x_wconf 91' lang='lat' dir='ltr'>ab</span> <span class='ocrx_word' id='word_1_351' title='bbox 2131 3120 2251 3191; x_wconf 87' lang='lat' dir='ltr'>ipso</span> <span class='ocrx_word' id='word_1_352' title='bbox 2279 3122 2400 3176; x_wconf 87' lang='lat' dir='ltr'>Deo</span> <span class='ocrx_word' id='word_1_353' title='bbox 2433 3119 2606 3186; x_wconf 73' lang='lat' dir='ltr'>facta,</span> <span class='ocrx_word' id='word_1_354' title='bbox 2635 3121 2718 3174; x_wconf 88' lang='lat' dir='ltr'>in·</span> 
     </span>
     <span class='ocr_line' id='line_1_33' title="bbox 158 3207 2721 3286; baseline -0.002 -16"><span class='ocrx_word' id='word_1_355' title='bbox 158 3215 396 3286; x_wconf 86' lang='lat' dir='ltr'>spiratio</span> <span class='ocrx_word' id='word_1_356' title='bbox 434 3211 663 3286; x_wconf 84' lang='lat' dir='ltr'>quaevis</span> <span class='ocrx_word' id='word_1_357' title='bbox 688 3211 759 3268; x_wconf 94' lang='lat' dir='ltr'>ad</span> <span class='ocrx_word' id='word_1_358' title='bbox 791 3210 1115 3268; x_wconf 88' lang='lat' dir='ltr'>scribendos</span> <span class='ocrx_word' id='word_1_359' title='bbox 1152 3210 1323 3266; x_wconf 89' lang='lat' dir='ltr'>libros</span> <span class='ocrx_word' id='word_1_360' title='bbox 1355 3226 1545 3267; x_wconf 87' lang='lat' dir='ltr'>sacros</span> <span class='ocrx_word' id='word_1_361' title='bbox 1573 3219 1696 3266; x_wconf 89' lang='lat' dir='ltr'>erat</span> <span class='ocrx_word' id='word_1_362' title='bbox 1723 3209 2017 3278; x_wconf 88' lang='lat' dir='ltr'>revelatio,</span> <span class='ocrx_word' id='word_1_363' title='bbox 2051 3223 2191 3280; x_wconf 85' lang='lat' dir='ltr'>quae</span> <span class='ocrx_word' id='word_1_364' title='bbox 2219 3208 2462 3278; x_wconf 89' lang='lat' dir='ltr'>primum</span> <span class='ocrx_word' id='word_1_365' title='bbox 2493 3207 2721 3279; x_wconf 88' lang='lat' dir='ltr'>quidem</span> 
     </span>
     <span class='ocr_line' id='line_1_34' title="bbox 160 3295 2718 3370; baseline -0.002 -11"><span class='ocrx_word' id='word_1_366' title='bbox 160 3303 339 3359; x_wconf 84' lang='lat' dir='ltr'>fiebat</span> <span class='ocrx_word' id='word_1_367' title='bbox 372 3302 589 3356; x_wconf 88' lang='lat' dir='ltr'>interne</span> <span class='ocrx_word' id='word_1_368' title='bbox 628 3301 687 3355; x_wconf 90' lang='lat' dir='ltr'>in</span> <span class='ocrx_word' id='word_1_369' title='bbox 724 3307 911 3356; x_wconf 89' lang='lat' dir='ltr'>mente</span> <span class='ocrx_word' id='word_1_370' title='bbox 950 3299 1189 3356; x_wconf 89' lang='lat' dir='ltr'>hominis</span> <span class='ocrx_word' id='word_1_371' title='bbox 1227 3297 1505 3370; x_wconf 89' lang='lat' dir='ltr'>inspirati,</span> <span class='ocrx_word' id='word_1_372' title='bbox 1549 3306 1614 3352; x_wconf 88' lang='lat' dir='ltr'>ut</span> <span class='ocrx_word' id='word_1_373' title='bbox 1648 3295 1849 3353; x_wconf 90' lang='lat' dir='ltr'>deinde</span> <span class='ocrx_word' id='word_1_374' title='bbox 1896 3311 1998 3368; x_wconf 90' lang='lat' dir='ltr'>per</span> <span class='ocrx_word' id='word_1_375' title='bbox 2037 3295 2396 3366; x_wconf 87' lang='lat' dir='ltr'>scriptionem</span> <span class='ocrx_word' id='word_1_376' title='bbox 2435 3303 2718 3367; x_wconf 88' lang='lat' dir='ltr'>tamquam</span> 
     </span>
     <span class='ocr_line' id='line_1_35' title="bbox 160 3382 2716 3460; baseline -0.002 -14"><span class='ocrx_word' id='word_1_377' title='bbox 160 3390 401 3447; x_wconf 87' lang='lat' dir='ltr'>verbum</span> <span class='ocrx_word' id='word_1_378' title='bbox 419 3389 519 3444; x_wconf 88' lang='lat' dir='ltr'>Dei</span> <span class='ocrx_word' id='word_1_379' title='bbox 542 3395 945 3460; x_wconf 88' lang='lat' dir='ltr'>proponeretur</span> <span class='ocrx_word' id='word_1_380' title='bbox 971 3386 1251 3442; x_wconf 89' lang='lat' dir='ltr'>Ecclesiae</span> <span class='ocrx_word' id='word_1_381' title='bbox 1270 3395 1325 3442; x_wconf 89' lang='lat' dir='ltr'>et</span> <span class='ocrx_word' id='word_1_382' title='bbox 1349 3386 1625 3442; x_wconf 85' lang='lat' dir='ltr'>obiectum</span> <span class='ocrx_word' id='word_1_383' title='bbox 1647 3382 1778 3439; x_wconf 81' lang='lat' dir='ltr'>fidei</span> <span class='ocrx_word' id='word_1_384' title='bbox 1801 3383 2211 3440; x_wconf 80' lang='lat' dir='ltr'>constitueret»</span> <span class='ocrx_word' id='word_1_385' title='bbox 2240 3384 2577 3450; x_wconf 78' lang='lat' dir='ltr'>(Franzelin</span> <span class='ocrx_word' id='word_1_386' title='bbox 2601 3384 2639 3439; x_wconf 89' lang='lat' dir='ltr'>l.</span> <span class='ocrx_word' id='word_1_387' title='bbox 2667 3401 2716 3440; x_wconf 88' lang='lat' dir='ltr'>c.</span> 
     </span>
     <span class='ocr_line' id='line_1_36' title="bbox 162 3470 2723 3551; baseline -0.004 -16"><span class='ocrx_word' id='word_1_388' title='bbox 162 3496 221 3551; x_wconf 92' lang='lat' dir='ltr'>p.</span> <span class='ocrx_word' id='word_1_389' title='bbox 258 3481 408 3545; x_wconf 77' lang='lat'><strong>³54).</strong></span> <span class='ocrx_word' id='word_1_390' title='bbox 459 3475 707 3532; x_wconf 90' lang='lat' dir='ltr'>Ubinam</span> <span class='ocrx_word' id='word_1_391' title='bbox 736 3490 903 3546; x_wconf 87' lang='lat' dir='ltr'>porro</span> <span class='ocrx_word' id='word_1_392' title='bbox 945 3475 1189 3530; x_wconf 89' lang='lat' dir='ltr'>Concilia</span> <span class='ocrx_word' id='word_1_393' title='bbox 1227 3474 1285 3529; x_wconf 88' lang='lat' dir='ltr'>in</span> <span class='ocrx_word' id='word_1_394' title='bbox 1314 3473 1429 3529; x_wconf 90' lang='lat' dir='ltr'>suis</span> <span class='ocrx_word' id='word_1_395' title='bbox 1458 3470 1875 3528; x_wconf 83' lang='lat' dir='ltr'>delinitionibus</span> <span class='ocrx_word' id='word_1_396' title='bbox 1896 3470 2316 3542; x_wconf 89' lang='lat' dir='ltr'>inspirationem</span> <span class='ocrx_word' id='word_1_397' title='bbox 2343 3470 2415 3526; x_wconf 90' lang='lat' dir='ltr'>ad</span> <span class='ocrx_word' id='word_1_398' title='bbox 2443 3471 2592 3527; x_wconf 91' lang='lat' dir='ltr'>solas</span> <span class='ocrx_word' id='word_1_399' title='bbox 2635 3487 2723 3527; x_wconf 89' lang='lat' dir='ltr'>res</span> 
     </span>
     <span class='ocr_line' id='line_1_37' title="bbox 160 3556 2722 3631; baseline -0.003 -9"><span class='ocrx_word' id='word_1_400' title='bbox 160 3565 303 3624; x_wconf 84' lang='lat' dir='ltr'>fidei</span> <span class='ocrx_word' id='word_1_401' title='bbox 343 3581 409 3621; x_wconf 88' lang='lat' dir='ltr'>ac</span> <span class='ocrx_word' id='word_1_402' title='bbox 452 3579 675 3619; x_wconf 90' lang='lat' dir='ltr'>morum</span> <span class='ocrx_word' id='word_1_403' title='bbox 716 3563 1129 3628; x_wconf 89' lang='lat' dir='ltr'>restrinxerint,</span> <span class='ocrx_word' id='word_1_404' title='bbox 1160 3577 1328 3617; x_wconf 88' lang='lat' dir='ltr'>nemo</span> <span class='ocrx_word' id='word_1_405' title='bbox 1362 3559 1524 3616; x_wconf 88' lang='lat' dir='ltr'>nobis</span> <span class='ocrx_word' id='word_1_406' title='bbox 1557 3558 1914 3626; x_wconf 79' lang='lat' dir='ltr'>indicaverit3</span> <span class='ocrx_word' id='word_1_407' title='bbox 1950 3566 2008 3613; x_wconf 91' lang='lat' dir='ltr'>et</span> <span class='ocrx_word' id='word_1_408' title='bbox 2034 3556 2170 3630; x_wconf 87' lang='lat' dir='ltr'>quid</span> <span class='ocrx_word' id='word_1_409' title='bbox 2197 3560 2392 3613; x_wconf 87' lang='lat' dir='ltr'>Patres</span> <span class='ocrx_word' id='word_1_410' title='bbox 2421 3575 2722 3631; x_wconf 88' lang='lat' dir='ltr'>omnesque</span> 
     </span>
     <span class='ocr_line' id='line_1_38' title="bbox 160 3645 2721 3724; baseline -0.004 -13"><span class='ocrx_word' id='word_1_411' title='bbox 160 3653 401 3712; x_wconf 84' lang='lat' dir='ltr'>alicuius</span> <span class='ocrx_word' id='word_1_412' title='bbox 427 3651 671 3709; x_wconf 88' lang='lat' dir='ltr'>nominis</span> <span class='ocrx_word' id='word_1_413' title='bbox 710 3651 959 3724; x_wconf 84' lang='lat' dir='ltr'>theologi</span> <span class='ocrx_word' id='word_1_414' title='bbox 988 3650 1056 3705; x_wconf 89' lang='lat' dir='ltr'>de</span> <span class='ocrx_word' id='word_1_415' title='bbox 1098 3650 1439 3721; x_wconf 88' lang='lat' dir='ltr'>integrarum</span> <span class='ocrx_word' id='word_1_416' title='bbox 1470 3648 1882 3720; x_wconf 89' lang='lat' dir='ltr'>Scripturarum</span> <span class='ocrx_word' id='word_1_417' title='bbox 1923 3645 2284 3717; x_wconf 87' lang='lat' dir='ltr'>inspiratione</span> <span class='ocrx_word' id='word_1_418' title='bbox 2321 3647 2624 3716; x_wconf 87' lang='lat' dir='ltr'>senserint,</span> <span class='ocrx_word' id='word_1_419' title='bbox 2655 3663 2721 3702; x_wconf 88' lang='lat' dir='ltr'>ex</span> 
     </span>
     <span class='ocr_line' id='line_1_39' title="bbox 159 3733 2723 3810; baseline -0.005 -10"><span class='ocrx_word' id='word_1_420' title='bbox 159 3760 232 3800; x_wconf 91' lang='lat' dir='ltr'>eo</span> <span class='ocrx_word' id='word_1_421' title='bbox 275 3741 411 3798; x_wconf 86' lang='lat' dir='ltr'>satis</span> <span class='ocrx_word' id='word_1_422' title='bbox 435 3741 643 3809; x_wconf 84' lang='lat' dir='ltr'>clucet,</span> <span class='ocrx_word' id='word_1_423' title='bbox 684 3737 833 3810; x_wconf 93' lang='lat' dir='ltr'>quod</span> <span class='ocrx_word' id='word_1_424' title='bbox 873 3738 943 3793; x_wconf 91' lang='lat' dir='ltr'>ob</span> <span class='ocrx_word' id='word_1_425' title='bbox 995 3752 1187 3793; x_wconf 89' lang='lat' dir='ltr'>earum</span> <span class='ocrx_word' id='word_1_426' title='bbox 1216 3735 1459 3792; x_wconf 87' lang='lat' dir='ltr'>divinam</span> <span class='ocrx_word' id='word_1_427' title='bbox 1489 3735 1763 3808; x_wconf 83' lang='lat' dir='ltr'>originem</span> <span class='ocrx_word' id='word_1_428' title='bbox 1798 3734 1943 3791; x_wconf 87' lang='lat' dir='ltr'>nihil</span> <span class='ocrx_word' id='word_1_429' title='bbox 1981 3735 2207 3790; x_wconf 89' lang='lat' dir='ltr'>omnino</span> <span class='ocrx_word' id='word_1_430' title='bbox 2256 3733 2380 3788; x_wconf 76' lang='lat' dir='ltr'>falsi</span> <span class='ocrx_word' id='word_1_431' title='bbox 2423 3742 2520 3789; x_wconf 90' lang='lat' dir='ltr'>aut</span> <span class='ocrx_word' id='word_1_432' title='bbox 2564 3749 2723 3789; x_wconf 90' lang='lat' dir='ltr'>erro-</span> 
     </span>
     <span class='ocr_line' id='line_1_40' title="bbox 160 3820 2724 3896; baseline -0.004 -8"><span class='ocrx_word' id='word_1_433' title='bbox 160 3832 263 3889; x_wconf 88' lang='lat' dir='ltr'>nei</span> <span class='ocrx_word' id='word_1_434' title='bbox 282 3839 381 3886; x_wconf 91' lang='lat' dir='ltr'>aut</span> <span class='ocrx_word' id='word_1_435' title='bbox 419 3827 644 3886; x_wconf 85' lang='lat' dir='ltr'>absurdi</span> <span class='ocrx_word' id='word_1_436' title='bbox 701 3827 761 3882; x_wconf 92' lang='lat' dir='ltr'>in</span> <span class='ocrx_word' id='word_1_437' title='bbox 807 3826 918 3882; x_wconf 88' lang='lat' dir='ltr'>ulla</span> <span class='ocrx_word' id='word_1_438' title='bbox 970 3841 1165 3881; x_wconf 89' lang='lat' dir='ltr'>earum</span> <span class='ocrx_word' id='word_1_439' title='bbox 1212 3833 1374 3896; x_wconf 89' lang='lat' dir='ltr'>parte</span> <span class='ocrx_word' id='word_1_440' title='bbox 1427 3823 1664 3879; x_wconf 89' lang='lat' dir='ltr'>inveniri</span> <span class='ocrx_word' id='word_1_441' title='bbox 1717 3839 1832 3878; x_wconf 91' lang='lat' dir='ltr'>uno</span> <span class='ocrx_word' id='word_1_442' title='bbox 1887 3838 1985 3879; x_wconf 90' lang='lat' dir='ltr'>ore</span> <span class='ocrx_word' id='word_1_443' title='bbox 2028 3820 2340 3878; x_wconf 88' lang='lat' dir='ltr'>docuerunt</span> <span class='ocrx_word' id='word_1_444' title='bbox 2387 3821 2492 3887; x_wconf 78' lang='lat' dir='ltr'>(cfr</span> <span class='ocrx_word' id='word_1_445' title='bbox 2536 3838 2724 3894; x_wconf 81' lang='lat' dir='ltr'>supra</span> 
     </span>
    </p>
   </div>
   <div class='ocr_carea' id='block_1_3' title="bbox 164 3921 550 3993">
    <p class='ocr_par' dir='ltr' id='par_1_4' title="bbox 164 3921 550 3993">
     <span class='ocr_line' id='line_1_41' title="bbox 164 3921 550 3993; baseline -0.01 -16"><span class='ocrx_word' id='word_1_446' title='bbox 164 3939 223 3993; x_wconf 91' lang='lat' dir='ltr'>p.</span> <span class='ocrx_word' id='word_1_447' title='bbox 257 3924 360 3977; x_wconf 78' lang='lat'>142</span> <span class='ocrx_word' id='word_1_448' title='bbox 382 3921 550 3991; x_wconf 73' lang='lat' dir='ltr'>sqq).</span> 
     </span>
    </p>
   </div>
   <div class='ocr_carea' id='block_1_4' title="bbox 166 4052 2732 4606">
    <p class='ocr_par' dir='ltr' id='par_1_5' title="bbox 166 4052 2732 4606">
     <span class='ocr_line' id='line_1_42' title="bbox 248 4052 2722 4138; baseline -0.004 -17"><span class='ocrx_word' id='word_1_449' title='bbox 248 4064 309 4122; x_wconf 89' lang='lat'>6.</span> <span class='ocrx_word' id='word_1_450' title='bbox 342 4094 420 4104; x_wconf 90' lang='lat'>—-</span> <span class='ocrx_word' id='word_1_451' title='bbox 455 4058 868 4138; x_wconf 78' lang='lat' dir='ltr'>interroganti</span> <span class='ocrx_word' id='word_1_452' title='bbox 908 4056 1199 4129; x_wconf 89' lang='lat' dir='ltr'>demum,</span> <span class='ocrx_word' id='word_1_453' title='bbox 1239 4056 1405 4118; x_wconf 87' lang='lat' dir='ltr'>unde</span> <span class='ocrx_word' id='word_1_454' title='bbox 1442 4056 1626 4115; x_wconf 90' lang='lat' dir='ltr'>nobis</span> <span class='ocrx_word' id='word_1_455' title='bbox 1667 4054 1998 4134; x_wconf 84' lang='lat' dir='ltr'>inspiratio</span> <span class='ocrx_word' id='word_1_456' title='bbox 2047 4053 2314 4114; x_wconf 88' lang='lat' dir='ltr'>alicuius</span> <span class='ocrx_word' id='word_1_457' title='bbox 2353 4052 2500 4111; x_wconf 90' lang='lat' dir='ltr'>libri</span> <span class='ocrx_word' id='word_1_458' title='bbox 2539 4053 2722 4111; x_wconf 87' lang='lat' dir='ltr'>inno-</span> 
     </span>
     <span class='ocr_line' id='line_1_43' title="bbox 168 4149 2724 4233; baseline -0.005 -13"><span class='ocrx_word' id='word_1_459' title='bbox 168 4165 393 4230; x_wconf 86' lang='lat' dir='ltr'>tescat,</span> <span class='ocrx_word' id='word_1_460' title='bbox 426 4154 887 4233; x_wconf 88' lang='lat' dir='ltr'>respondemus</span> <span class='ocrx_word' id='word_1_461' title='bbox 917 4154 995 4215; x_wconf 89' lang='lat' dir='ltr'>de</span> <span class='ocrx_word' id='word_1_462' title='bbox 1040 4171 1113 4214; x_wconf 88' lang='lat' dir='ltr'>ea</span> <span class='ocrx_word' id='word_1_463' title='bbox 1150 4153 1334 4214; x_wconf 90' lang='lat' dir='ltr'>nobis</span> <span class='ocrx_word' id='word_1_464' title='bbox 1374 4152 1749 4212; x_wconf 89' lang='lat' dir='ltr'>omnimoda</span> <span class='ocrx_word' id='word_1_465' title='bbox 1790 4168 1940 4211; x_wconf 88' lang='lat' dir='ltr'>cum</span> <span class='ocrx_word' id='word_1_466' title='bbox 1971 4149 2374 4223; x_wconf 85' lang='lat' dir='ltr'>certitudine,</span> <span class='ocrx_word' id='word_1_467' title='bbox 2403 4165 2563 4226; x_wconf 89' lang='lat' dir='ltr'>quae</span> <span class='ocrx_word' id='word_1_468' title='bbox 2596 4166 2724 4209; x_wconf 89' lang='lat' dir='ltr'>om-</span> 
     </span>
     <span class='ocr_line' id='line_1_44' title="bbox 166 4244 2722 4330; baseline -0.005 -14"><span class='ocrx_word' id='word_1_469' title='bbox 166 4272 321 4317; x_wconf 87' lang='lat' dir='ltr'>nem</span> <span class='ocrx_word' id='word_1_470' title='bbox 360 4254 827 4314; x_wconf 82' lang='lat' dir='ltr'>dubitationem</span> <span class='ocrx_word' id='word_1_471' title='bbox 866 4250 1163 4324; x_wconf 84' lang='lat' dir='ltr'>excludit,</span> <span class='ocrx_word' id='word_1_472' title='bbox 1202 4254 1487 4311; x_wconf 84' lang='lat' dir='ltr'>constare</span> <span class='ocrx_word' id='word_1_473' title='bbox 1526 4267 1652 4308; x_wconf 91' lang='lat' dir='ltr'>non</span> <span class='ocrx_word' id='word_1_474' title='bbox 1690 4265 1876 4325; x_wconf 89' lang='lat' dir='ltr'>posse</span> <span class='ocrx_word' id='word_1_475' title='bbox 1907 4247 2031 4306; x_wconf 90' lang='lat' dir='ltr'>nisi</span> <span class='ocrx_word' id='word_1_476' title='bbox 2057 4245 2440 4330; x_wconf 76' lang='lat' dir='ltr'>⁴testimonio</span> <span class='ocrx_word' id='word_1_477' title='bbox 2486 4244 2722 4305; x_wconf 90' lang='lat' dir='ltr'>divino.</span> 
     </span>
     <span class='ocr_line' id='line_1_45' title="bbox 170 4341 2730 4430; baseline -0.005 -18"><span class='ocrx_word' id='word_1_478' title='bbox 170 4355 381 4430; x_wconf 79' lang='lat' dir='ltr'>Atque</span> <span class='ocrx_word' id='word_1_479' title='bbox 414 4349 661 4410; x_wconf 87' lang='lat' dir='ltr'>Veteris</span> <span class='ocrx_word' id='word_1_480' title='bbox 692 4347 859 4407; x_wconf 88' lang='lat' dir='ltr'>Test.</span> <span class='ocrx_word' id='word_1_481' title='bbox 889 4346 1149 4425; x_wconf 91' lang='lat' dir='ltr'>quidem</span> <span class='ocrx_word' id='word_1_482' title='bbox 1189 4345 1493 4406; x_wconf 88' lang='lat' dir='ltr'>librorum</span> <span class='ocrx_word' id='word_1_483' title='bbox 1531 4343 1863 4421; x_wconf 88' lang='lat' dir='ltr'>inspiratio</span> <span class='ocrx_word' id='word_1_484' title='bbox 1893 4342 2262 4402; x_wconf 89' lang='lat' dir='ltr'>testimonio</span> <span class='ocrx_word' id='word_1_485' title='bbox 2296 4341 2524 4401; x_wconf 87' lang='lat' dir='ltr'>Christi</span> <span class='ocrx_word' id='word_1_486' title='bbox 2568 4342 2730 4418; x_wconf 84' lang='lat' dir='ltr'>Apo-</span> 
     </span>
     <span class='ocr_line' id='line_1_46' title="bbox 172 4437 2732 4524; baseline -0.005 -15"><span class='ocrx_word' id='word_1_487' title='bbox 172 4449 616 4524; x_wconf 89' lang='lat' dir='ltr'>stolorumque</span> <span class='ocrx_word' id='word_1_488' title='bbox 658 4445 897 4523; x_wconf 90' lang='lat' dir='ltr'>scripto</span> <span class='ocrx_word' id='word_1_489' title='bbox 936 4448 1000 4504; x_wconf 92' lang='lat' dir='ltr'>et</span> <span class='ocrx_word' id='word_1_490' title='bbox 1038 4443 1291 4515; x_wconf 89' lang='lat' dir='ltr'>tradito,</span> <span class='ocrx_word' id='word_1_491' title='bbox 1338 4443 1492 4502; x_wconf 92' lang='lat' dir='ltr'>Novi</span> <span class='ocrx_word' id='word_1_492' title='bbox 1548 4443 1716 4501; x_wconf 89' lang='lat' dir='ltr'>Test.</span> <span class='ocrx_word' id='word_1_493' title='bbox 1752 4439 1981 4517; x_wconf 84' lang='lat' dir='ltr'>integri</span> <span class='ocrx_word' id='word_1_494' title='bbox 2021 4437 2353 4515; x_wconf 89' lang='lat' dir='ltr'>inspiratio</span> <span class='ocrx_word' id='word_1_495' title='bbox 2393 4437 2732 4497; x_wconf 86' lang='lat' dir='ltr'>traditione</span> 
     </span>
     <span class='ocr_line' id='line_1_47' title="bbox 174 4541 850 4606; baseline -0.009 0"><span class='ocrx_word' id='word_1_496' title='bbox 174 4546 313 4606; x_wconf 88' lang='lat' dir='ltr'>sola</span> <span class='ocrx_word' id='word_1_497' title='bbox 344 4543 531 4605; x_wconf 89' lang='lat' dir='ltr'>nobis</span> <span class='ocrx_word' id='word_1_498' title='bbox 556 4541 850 4603; x_wconf 81' lang='lat' dir='ltr'>innotuit.</span> 
     </span>
    </p>
   </div>
   <div class='ocr_carea' id='block_1_5' title="bbox 176 4661 2734 4820">
    <p class='ocr_par' dir='ltr' id='par_1_6' title="bbox 176 4661 2734 4820">
     <span class='ocr_line' id='line_1_48' title="bbox 237 4661 2734 4739; baseline -0.007 -12"><span class='ocrx_word' id='word_1_499' title='bbox 237 4677 335 4739; x_wconf 79' lang='lat'><strong>(23)</strong></span> <span class='ocrx_word' id='word_1_500' title='bbox 358 4673 447 4727; x_wconf 78' lang='lat' dir='ltr'>err</span> <span class='ocrx_word' id='word_1_501' title='bbox 467 4687 599 4738; x_wconf 84' lang='lat' dir='ltr'>quae</span> <span class='ocrx_word' id='word_1_502' title='bbox 614 4672 677 4723; x_wconf 88' lang='lat' dir='ltr'>de</span> <span class='ocrx_word' id='word_1_503' title='bbox 690 4670 953 4722; x_wconf 86' lang='lat' dir='ltr'>hodiernis</span> <span class='ocrx_word' id='word_1_504' title='bbox 981 4670 1366 4734; x_wconf 84' lang='lat' dir='ltr'>scripturarum</span> <span class='ocrx_word' id='word_1_505' title='bbox 1398 4669 1626 4720; x_wconf 87' lang='lat' dir='ltr'>textibus</span> <span class='ocrx_word' id='word_1_506' title='bbox 1651 4683 1810 4732; x_wconf 86' lang='lat' dir='ltr'>quum</span> <span class='ocrx_word' id='word_1_507' title='bbox 1836 4665 2148 4732; x_wconf 83' lang='lat' dir='ltr'>primigeniis</span> <span class='ocrx_word' id='word_1_508' title='bbox 2175 4668 2286 4714; x_wconf 89' lang='lat' dir='ltr'>tum</span> <span class='ocrx_word' id='word_1_509' title='bbox 2312 4663 2576 4714; x_wconf 81' lang='lat' dir='ltr'>translatis</span> <span class='ocrx_word' id='word_1_510' title='bbox 2593 4661 2734 4712; x_wconf 83' lang='lat' dir='ltr'>dixi-</span> 
     </span>
     <span class='ocr_line' id='line_1_49' title="bbox 176 4747 1993 4820; baseline -0.006 -14"><span class='ocrx_word' id='word_1_511' title='bbox 176 4768 355 4820; x_wconf 87' lang='lat' dir='ltr'>musp.</span> <span class='ocrx_word' id='word_1_512' title='bbox 390 4759 448 4804; x_wconf 85' lang='lat'>57</span> <span class='ocrx_word' id='word_1_513' title='bbox 476 4766 589 4816; x_wconf 80' lang='lat' dir='ltr'>sqq.</span> <span class='ocrx_word' id='word_1_514' title='bbox 616 4751 843 4816; x_wconf 81' lang='lat' dir='ltr'>(Introd.</span> <span class='ocrx_word' id='word_1_515' title='bbox 866 4762 985 4814; x_wconf 72' lang='lat' dir='ltr'>qen.</span> <span class='ocrx_word' id='word_1_516' title='bbox 1010 4750 1066 4799; x_wconf 89' lang='lat' dir='ltr'>in</span> <span class='ocrx_word' id='word_1_517' title='bbox 1090 4751 1152 4799; x_wconf 79' lang='lat' dir='ltr'>U.</span> <span class='ocrx_word' id='word_1_518' title='bbox 1178 4753 1312 4798; x_wconf 83' lang='lat' dir='ltr'>Test.</span> <span class='ocrx_word' id='word_1_519' title='bbox 1345 4747 1463 4798; x_wconf 88' lang='lat' dir='ltr'>libr.</span> <span class='ocrx_word' id='word_1_520' title='bbox 1489 4762 1617 4799; x_wconf 86' lang='lat' dir='ltr'>sacr.</span> <span class='ocrx_word' id='word_1_521' title='bbox 1646 4763 1693 4811; x_wconf 88' lang='lat' dir='ltr'>p.</span> <span class='ocrx_word' id='word_1_522' title='bbox 1727 4751 1810 4798; x_wconf 80' lang='lat'>281</span> <span class='ocrx_word' id='word_1_523' title='bbox 1837 4751 1993 4810; x_wconf 84' lang='lat' dir='ltr'>sqq.).</span> 
     </span>
    </p>
   </div>
  </div>
 </body>
</html>
