3050 5184
392 292 509 352 302
552 308 628 350 ns
656 309 791 352 vnr.
824 307 1074 364 ‘rest-Au.
1108 306 1297 353 nnius
1324 306 1678 351 mmm-icis.
1705 321 1786 336 --
1805 308 1933 353 οΑΡ.
1978 307 2024 352 1.
2070 306 2147 350 nr:
2183 309 2232 350 S.
2261 307 2423 352 rosss1
2452 306 2863 352 nennxaonuu.

474 440 530 498 3.
565 473 641 482 —
670 439 857 499 Sacra
886 443 1077 516 poesis
1106 439 1411 500 diductio-a
1438 443 1573 499 tota
1607 443 1896 500 versatur
1930 440 1996 498 in
2031 439 2341 517 sapientia
2376 439 2482 500 illa
2519 439 2816 500 tradenda
2849 443 2905 498 et

393 534 912 604 commendanda,
944 552 1105 613 quae
1131 536 1509 595 revelatione
1529 535 1674 596 nixa
1692 536 1771 595 ad
1796 537 1996 595 Deum
2012 536 2184 596 velut
2203 534 2282 595 ad
2305 552 2523 596 eorum
2537 535 2904 613 principium

394 636 456 688 et
485 631 676 690 finem
706 630 1005 691 ultimum
1032 632 1245 691 omnia
1271 631 1482 692 refert.
1510 633 1895 708 Argumento
1927 630 2119 708 igitur
2145 631 2420 692 carmina
2449 631 2766 691 didactica
2793 633 2903 690 He·

390 726 728 787 braeorum
764 745 889 787 non
928 727 1425 805 distinguuntur,
1456 728 1604 804 quia
1635 727 1917 787 moribus
1949 726 2352 787 efformandis
2389 728 2600 787 omnia
2637 731 2784 786 sunt
2809 727 2906 786 de-

392 822 649 896 stinata,
679 823 793 883 sed
818 823 870 882 si
901 840 1121 883 eorum
1159 823 1362 884 forma
1396 823 1853 895 consideratur,
1891 823 2136 900 aliquae
2165 824 2407 901 species
2437 827 2580 900 apte
2617 822 2905 898 distingui

388 917 709 979 videntur.

456 1031 742 1101 Sapientes
775 1030 996 1087 hebraei
1024 1048 1136 1088 non
1165 1033 1340 1088 doctis
1367 1033 1844 1089 dissertationibus
1864 1031 2144 1088 doctrinas
2164 1047 2441 1102 exponere
2461 1040 2518 1087 et
2538 1031 2909 1087 demonstrare·

386 1117 652 1186 solebant,
680 1117 777 1173 sed
808 1117 1063 1174 brevibus
1090 1120 1309 1192 gnomis
1343 1119 1572 1191 poeticis
1608 1129 1704 1175 aut
1733 1119 2070 1175 carminibus
2107 1117 2390 1176 didacticis
2428 1133 2523 1175 eas
2559 1118 2910 1174 commenda·

384 1211 537 1269 bant.
559 1214 810 1282 Quorum
832 1223 1150 1288 poematum
1177 1231 1379 1271 nomen
1407 1231 1702 1271 commune
1725 1225 1808 1272 est
1834 1215 2114 1272 Maschal
2150 1197 2369 1300 (ὃιρζδ),
2411 1214 2562 1287 quod
2589 1215 2910 1271 vocabulum

386 1327 841 1385 similitudinem
861 1329 1111 1402 proxime
1133 1329 1424 1402 designans
1442 1329 1513 1385 ab
1529 1327 1916 1385 Alexandrinis
1939 1329 2197 1400 παραδολή
2222 1329 2310 1384 vel
2335 1330 2575 1399 παροιμία
2592 1329 2910 1400 plerumque

385 1414 649 1473 redditur.
683 1417 1027 1473 Parabolae
1056 1419 1278 1488 proprie
1307 1416 1512 1484 dictae,
1545 1417 1582 1472 i.
1613 1433 1664 1472 e.
1698 1438 1724 1467 «
1748 1417 2092 1472 narrationes
2121 1417 2448 1488 allegoricae
2473 1416 2728 1472 moribus
2753 1415 2912 1470 effor-

384 1504 599 1559 mandis
623 1503 858 1561 idoneae
886 1525 938 1574 n,
966 1505 1148 1561 soluto
1176 1521 1431 1561 sermone
1468 1504 1678 1561 multae
1705 1504 1929 1576 quidem
1957 1521 1988 1559 a
2028 1505 2268 1560 Domino
2303 1505 2373 1561 N.
2407 1513 2539 1560 sunt
2575 1504 2908 1575 propositae,

384 1589 483 1646 sed
510 1592 727 1661 poetico
756 1607 1011 1648 sermone
1048 1601 1275 1648 ornatae
1310 1608 1519 1664 paucae
1553 1592 1910 1648 inveniuntur
1939 1592 1996 1648 in
2025 1593 2223 1648 Vetere
2245 1594 2394 1647 Test.
2425 1595 2617 1656 (Prov.
2649 1597 2746 1660 ’1,6
2773 1605 2910 1662 sqq.:

383 1683 546 1746 2⁴23⁰
576 1693 697 1750 sqq.
729 1687 834 1734 ete.
868 1683 943 1734 Is.
977 1685 1065 1748 5,1
1094 1695 1217 1752 sqq.
1250 1684 1400 1746 etc.).
1432 1680 1930 1750 Frequentissimae
1957 1688 2085 1734 sunt
2111 1677 2553 1744 similitudines,
2585 1695 2734 1750 quae
2761 1679 2913 1733 uniet·

384 1763 620 1820 disticho
650 1766 733 1821 vel
764 1767 1013 1822 tristicho
1042 1767 1516 1838 comparationem
1543 1766 1831 1833 exhibent,
1863 1783 1972 1838 qua
2000 1765 2251 1822 doctrina
2281 1766 2466 1838 aliqua
2493 1765 2914 1821 commendatur

384 1851 473 1906 vel
502 1851 808 1908 illustratur
829 1857 938 1920 (ex.
960 1870 1043 1925 gr.
1065 1858 1235 1908 Prov.
1270 1860 1392 1922 26‚1
1420 1858 1592 1924 sqq.).
1616 1885 1684 1894 —
1712 1854 1770 1910 Si
1797 1854 2047 1909 doctrina
2077 1852 2406 1910 inculcanda
2437 1862 2536 1910 aut
2558 1855 2726 1909 unico
2756 1852 2912 1908 verbo

386 1936 767 1995 subindicatur
796 1946 901 2006 (ex.
935 1956 1015 2012 gr.
1054 1945 1225 1996 Prov.
1267 1946 1451 2010 26,12)
1480 1949 1579 1996 ant
1623 1942 1785 2012 plane
1824 1949 2039 1996 tacetur
2085 1945 2193 2006 (ex.
2237 1957 2323 2012 gr.
2372 1945 2548 1996 Prov.
2596 1946 2817 2011 2⁵³⁶),
2858 1949 2916 1993 ut

382 2033 671 2090 obscurior
699 2035 965 2091 reddatur
994 2052 1206 2106 sermo,
1235 2039 1409 2094 altera
1438 2037 1685 2093 exoritur
1711 2037 2020 2093 carminum
2045 2037 2281 2107 specieS,
2313 2053 2390 2092 sc.
2427 2036 2680 2094 chidah
2717 2029 2908 2124 (ΠῬΙἹ,

384 2155 610 2229 αἴνιγμα)
638 2166 735 2212 aut
751 2158 1015 2214 Melizalt
1052 2140 1298 2244 (ΠξἺξᾨ,
1341 2161 1608 2227 σκοτεινὸς,
1631 2159 1802 2229 λόγος,
1825 2174 2006 2214 sermo
2027 2159 2322 2226 obscu1·us;
2351 2159 2637 2229 πρόὸλημα,
2667 2159 2910 2230 ἓρμήνεεα,

380 2269 843 2340 interpretatio,i.
877 2288 925 2327 e.
960 2271 1169 2328 dictum
1198 2272 1346 2344 quod
1384 2274 1834 2346 interpretatione
1863 2271 2109 2345 indiget).
2141 2303 2212 2314 —
2235 2272 2510 2328 Masclaeal
2547 2282 2768 2342 autem,
2797 2273 2914 2328 licet

380 2357 801 2414 similitudinem
829 2357 1114 2432 significet,
1140 2359 1456 2430 frequenter
1474 2369 1663 2415 tamen
1682 2362 1848 2416 etiam
1873 2360 2166 2416 adhibetur
2184 2359 2254 2414 de
2275 2359 2544 2416 sententia
2566 2375 2913 2432 quacumque

382 2445 579 2499 morali
609 2446 818 2515 poetice
848 2461 1126 2517 expressa,
1147 2456 1210 2503 ut
1234 2462 1431 2519 graeco
1460 2450 1638 2518 γνώμη
1660 2447 2032 2518 respondeat:
2064 2447 2199 2503 haec
2228 2463 2450 2518 quoque
2479 2448 2734 2504 carmina
2761 2448 2912 2504 unico

380 2531 617 2587 disticho
649 2535 732 2588 vel
756 2534 1005 2588 tristicho
1023 2534 1348 2605 plerumque
1377 2535 1741 2590 absolvuntur
1773 2535 1874 2602 (cfr
1901 2538 2227 2601 Prov.10,1
2261 2537 2406 2606 sqq.)
2435 2543 2490 2589 et
2521 2534 2674 2590 haud
2707 2551 2833 2590 raro
2862 2534 2912 2588 in

380 2619 691 2691 aenigmata
718 2629 1037 2688 transeunt,
1068 2621 1113 2676 si
1138 2637 1333 2677 eorum
1362 2622 1441 2677 vis
1478 2623 1771 2694 praecipua
1796 2623 1856 2677 in
1884 2637 1972 2690 e0,
2001 2621 2153 2694 quod
2179 2630 2416 2689 tacetur,
2448 2623 2632 2693 potius
2663 2638 2836 2696 quam
2863 2623 2912 2676 in

378 2720 473 2769 eo,
498 2706 649 2778 quod
669 2706 885 2776 dicitur,
908 2717 990 2764 est
1019 2709 1121 2764 sita
1144 2710 1333 2780 (Prov.
1350 2715 1513 2775 20,12
1529 2732 1544 2776 ;
1561 2710 1729 2779 22,2).
1753 2739 1823 2750 -
1841 2709 2117 2764 Nonnulla
2137 2710 2384 2764 carmina
2409 2708 2646 2765 artificio
2678 2709 2910 2783 quodam

376 2809 741 2850 numerorum
770 2796 1133 2852 attentionem
1156 2797 1422 2863 excitant3
1446 2804 1600 2852 certo
1619 2798 1764 2852 enim
1785 2811 2018 2852 numero
2039 2796 2236 2852 veritas
2255 2795 2439 2868 aliqua
2470 2799 2907 2862 commendatur,

377 2879 473 2935 sed
502 2897 769 2937 numerus
804 2882 889 2938 bis
916 2883 991 2939 ita
1021 2883 1364 2956 exprimitur,
1394 2893 1455 2939 ut
1484 2883 1636 2954 prior
1663 2883 2028 2954 incompletos
2052 2883 2461 2954 imperfectiora
2491 2886 2906 2955 complectatur,

377 2969 519 3023 alter
551 2971 761 3026 unitate
798 2970 977 3026 maior
1012 2969 1067 3024 id
1106 2971 1404 3041 exprimat,
1438 2970 1588 3042 quod
1627 2978 1820 3027 auctor
1856 2972 2094 3026 maxime
2133 2971 2253 3026 vult
2289 2972 2568 3028 inculcare
2606 2972 2720 3042 (cfr
2747 2977 2908 3028 Prae.

378 3061 506 3122 6,16
533 3071 679 3129 sqq.;
712 3063 839 3126 30,7
878 3073 1000 3129 sqq.
1044 3063 1196 3124 etc.).
1226 3087 1299 3098 -
1326 3057 1606 3114 Eiusmodi
1647 3073 1814 3129 parva
1850 3059 2126 3128 carmina,
2161 3059 2209 3113 si
2238 3058 2310 3115 de
2342 3059 2542 3115 eodem
2577 3067 2908 3132 argumento

376 3149 647 3211 tractant,
685 3143 967 3200 interdum
1003 3144 1161 3200 nullo
1199 3144 1391 3200 ordine
1428 3154 1645 3201 servato
1682 3145 1822 3202 serie
1868 3146 2116 3218 longiore
2153 3145 2550 3202 continuantur
2587 3147 2696 3213 (cfr
2733 3147 2906 3204 Eccli.

378 3235 767 3298 3,1-16,17-29
789 3233 943 3304 etc.),
968 3231 1249 3288 interdum
1276 3232 1455 3306 logico
1488 3231 1730 3305 quodam
1754 3248 1902 3288 nexu
1927 3233 2071 3289 inter
2099 3248 2159 3288 se
2185 3233 2536 3304 copulantur,
2568 3242 2631 3288 ut
2659 3235 2904 3308 longiora

377 3326 629 3386 poemata
659 3319 999 3388 exoriantur,
1035 3335 1178 3391 quae
1214 3319 1495 3376 communi
1520 3321 1746 3376 nomine
1775 3319 2046 3376 Mascltal
2072 3321 2422 3392 appellantur
2455 3320 2554 3390 (cl'r
2581 3326 2764 3378 Pron.
2797 3327 2906 3388 1,8-

378 3411 444 3460 33
472 3411 623 3472 etc.).

454 3558 511 3613 4.
547 3590 623 3598 —
650 3556 743 3614 Ad
778 3571 1103 3618 mci-mmm
1135 3573 1437 3618 Ponrich
1467 3557 1638 3635 quod
1670 3559 1924 3628 attinet,
1959 3562 2179 3636 poetas
2215 3574 2424 3618 sacros
2457 3561 2905 3635 praestantiore

376 3650 483 3710 illo
515 3655 579 3710 et
599 3650 893 3730 politiore
919 3639 1170 3713 dicendi
1198 3670 1426 3730 genere
1453 3671 1664 3715 carere
1695 3672 1821 3714 non
1863 3655 2176 3732 potuisse,
2216 3654 2388 3731 quod
2417 3670 2822 3717 communem
2849 3660 2904 3714 et

374 3747 691 3824 vulgarem
737 3765 1098 3809 sermonem
1141 3749 1611 3826 pulchritudine
1653 3767 1952 3827 superans
1991 3751 2304 3810 lectorum
2345 3751 2592 3810 animos
2641 3751 2904 3812 delectat

374 3844 809 3921 captivatque,
839 3849 909 3905 ut
956 3844 1070 3904 hac
1113 3845 1358 3904 ratione
1406 3846 1603 3906 menti
1649 3846 1818 3906 ideas
1849 3846 2035 3906 altius
2079 3845 2524 3924 efficaciusque
2555 3847 2898 3925 imprimat,

297 3930 304 3937 ’
374 3938 611 4000 clarum
656 3944 770 3999 est.
813 3941 1233 4018 Distinguitur
1278 3944 1489 4001 autem
1542 3959 1578 4001 a
1618 3942 1855 4019 vulgari
1891 3943 2179 4020 poeticus
2223 3944 2658 4003 Hebraeorum
2703 3961 2901 4004 sermo

372 4052 571 4122 quum
607 4037 948 4096 rarioribus
988 4041 1052 4096 et
1081 4037 1598 4114 exquisitioribus
1637 4037 1889 4097 dicendi
1929 4037 2167 4109 modiS,
2211 4042 2353 4098 tum
2394 4039 2900 4116 frequentissimo

374 4134 702 4209 troporum
728 4135 793 4192 et
816 4134 1155 4211 figurarum
1185 4134 1390 4192 omnis
1412 4133 1662 4211 generis
1692 4151 1830 4193 usu.

442 4242 603 4300 Haud
644 4260 853 4315 paucae
892 4254 1022 4300 sunt
1060 4261 1220 4300 voces
1258 4244 1598 4316 phrasesque
1631 4245 1878 4317 integrae
1919 4252 2086 4316 atque
2114 4248 2553 4303 constructiones
2585 4247 2900 4318 formaeque

372 4332 790 4401 grammaticae,
818 4347 962 4403 qnae
989 4333 1047 4388 in
1075 4333 1190 4388 sola
1222 4331 1463 4388 dictione
1504 4333 1722 4403 poetica
1753 4341 2120 4403 usurpantur,
2152 4349 2290 4405 quas
2319 4333 2426 4390 hoc
2459 4335 2586 4390 loco
2612 4350 2734 4392 non
2767 4349 2896 4390 enu-

370 4419 725 4488 merabimuS,
756 4421 887 4492 quia
916 4419 987 4475 de
1014 4419 1079 4475 iis
1122 4420 1179 4474 in
1208 4421 1566 4492 grammatica
1596 4419 1856 4476 hebraica
1887 4419 2086 4493 agitur.
2123 4420 2189 4476 Id
2215 4437 2392 4477 unum
2419 4437 2746 4492 monemus,
2775 4421 2896 4477 satis

370 4505 573 4562 multas
600 4521 667 4561 ex
703 4506 770 4561 iis
810 4507 871 4562 in
914 4508 1217 4564 vicinarum
1246 4507 1633 4574 dialectorum,
1679 4508 1920 4576 maxime
1965 4508 2399 4576 aramaicarum,
2433 4509 2684 4566 oratione
2729 4509 2892 4566 soluta

370 4607 488 4650 esse
529 4609 883 4660 communes,
914 4609 1086 4666 quare
1132 4595 1443 4652 aramaismi
1490 4597 1576 4652 vel
1617 4594 1942 4652 chaldaismi
1983 4611 2144 4668 saepe
2191 4598 2568 4669 appellantur,
2609 4606 2668 4654 at
2711 4609 2894 4670 parum
