3050 5184
396 275 513 333 496
548 290 621 334 nn
650 291 788 334 novi
820 291 984 334 ‘res-r.
1017 289 1213 332 manis
1242 285 1598 332 msromcis.
1629 299 1708 312 —
1727 285 1856 328 mr.
1893 287 1957 330 11.
1987 285 2064 330 nn
2091 285 2536 330 sruor‘ricoauu
2561 283 2877 328 sannone.

396 419 641 477 tulerunt
666 421 777 489 alii,
798 428 949 478 recte
966 427 1157 476 monet
1174 422 1233 476 S.
1256 419 1609 490 Anqustinus
1629 414 1718 482 (de
1738 417 1905 472 Cons.
1923 418 2129 488 Evang.
2159 417 2236 472 11.
2257 419 2348 484 20)
2365 439 2379 482 ς
2399 414 2483 471 cfr
2502 430 2586 471 ex.
2605 430 2684 486 gr.
2701 417 2884 470 masth.

394 511 486 574 9‚2
512 523 642 564 cum
667 513 851 566 Marc.
894 516 988 574 23
1013 516 1069 563 et
1099 512 1233 563 Luc.
1266 513 1416 574 5,18‚
1460 514 1556 560 aut
1595 504 1796 560 Matth.
1830 510 1922 573 8,5
1951 521 2080 560 cum
2106 508 2238 559 Luc.
2284 509 2376 572 7‚2
2405 519 2554 575 sqq.,
2579 511 2672 558 aut
2697 500 2886 558 Mami.

394 600 522 663 9,18
548 611 695 668 sqq„
728 611 855 652 cum
876 599 1063 652 Marc.
1094 601 1221 663 5,32
1250 610 1399 666 ειη,
1426 601 1483 647 et
1510 595 1642 648 Luc.
1674 597 1797 659 8‚41
1833 607 1955 664 sqq.
1988 600 2094 647 etc.
2129 592 2236 660 Qui
2269 590 2339 646 ad
2372 590 2522 646 hunc
2559 589 2713 662 primi
2741 591 2892 644 Evan-

395 681 619 754 gelistae
640 685 869 740 modum
892 683 1109 739 dicendi
1130 681 1447 746 attenderit,
1468 679 1635 735 etiam
1657 679 1949 735 admittere
1976 680 2196 751 poterit,
2224 679 2570 734 sanationem
2591 677 2736 734 caeci
2753 681 2890 744 (Luc.

398 775 577 839 18,35)
605 773 1058 843 sanationemque
1079 769 1377 826 Bartimaei
1400 771 1606 836 (Marc.
1640 771 1822 836 10‚46)
1847 783 1944 839 per
1971 767 2192 823 Matclt.
2230 772 2395 834 20‚29
2427 782 2550 838 sqq.
2585 764 2896 821 coniunctim

394 860 623 915 narrari.
655 891 727 900 -
754 860 941 916 Altera
969 859 1193 932 regulae
1215 873 1343 929 pars
1371 855 1724 912 sermonibus
1745 855 2104 911 conciliandis
2131 855 2388 922 inservit3
2414 853 2564 910 idem
2595 852 2898 908 humilitatis

392 961 583 1002 sensus
618 947 963 1019 exprimitur,
994 947 1125 1007 licet
1151 944 1321 1002 verba
1347 943 1626 1011 differant,
1659 941 1806 1014 apud
1823 944 2036 1000 ΜαιτΙι.
2063 948 2209 1011 3,11,
2237 946 2426 998 Marc.
2457 948 2567 1011 1,⁷,
2594 945 2732 996 Luc.
2757 945 2894 1008 3,16;

393 1032 591 1090 eadem
617 1051 839 1108 quoque
866 1033 935 1091 ab
964 1034 1219 1090 omnibus
1246 1033 1412 1089 rebus
1438 1031 1732 1104 superfluis
1759 1030 2091 1086 abstineutIa
2119 1029 2450 1096 inculcatur,
2480 1029 2610 1085 licet
2648 1026 2807 1083 verba
2831 1027 2896 1082 in-

392 1129 476 1177 ter
502 1138 560 1177 se
584 1138 828 1195 pugnare
858 1122 1164 1192 videantur,
1188 1137 1219 1177 a
1246 1120 1461 1178 Mateta.
1503 1126 1686 1186 10‚1o‚
1718 1122 1854 1174 Luc.
1887 1125 2001 1188 9,3,
2033 1122 2220 1175 Marc.
2251 1123 2365 1190 6,8,
2396 1116 2546 1173 idem
2583 1130 2805 1188 prorsus
2830 1115 2898 1169 vi-

393 1210 670 1280 tuperium
705 1211 917 1266 match.
945 1218 999 1282 8,
1030 1217 1121 1279 26,
1154 1213 1341 1266 Marc.
1372 1214 1523 1278 4,40,
1556 1212 1695 1263 Luc.
1727 1213 1854 1293 8,25
1885 1215 1991 1262 etc.

472 1364 529 1422 4.
562 1395 641 1406 --
668 1362 778 1421 SS.
814 1361 1157 1422 Matthaeus
1186 1365 1251 1421 et
1272 1360 1499 1428 Lucas,
1533 1359 1685 1418 licet
1712 1359 1778 1417 in
1799 1357 2050 1419 Domini
2073 1357 2459 1436 genealogiis
2489 1357 2780 1418 differant
2805 1372 2898 1414 ne·

393 1474 516 1534 que
547 1458 767 1518 eadem
796 1459 956 1518 facta
978 1458 1043 1517 in
1072 1458 1204 1518 suis
1230 1457 1309 1517 de
1337 1456 1600 1515 infantia
1621 1455 1870 1514 Domini
1895 1455 2360 1515 narrationibus
2382 1455 2685 1524 reserant,
2710 1453 2900 1512 imme·

392 1554 695 1615 ritissimo
718 1559 929 1615 tamen
956 1555 1120 1614 inter
1134 1571 1201 1614 se
1222 1570 1500 1632 pugnare
1522 1551 1835 1612 dicuntur.
1867 1551 2273 1628 Genealogias
2294 1550 2464 1610 enim
2481 1549 2629 1610 ideo
2652 1549 2897 1614 differre.

390 1651 538 1726 quia
577 1651 639 1712 S.
674 1651 1021 1712 Matthaeus
1062 1650 1407 1722 naturales,
1442 1648 1504 1708 S.
1547 1649 1740 1708 Lucas
1787 1648 2018 1726 legales
2069 1648 2346 1707 maiores
2391 1647 2647 1708 Domini
2694 1647 2898 1706 referre

388 1747 721 1818 voluerint,
758 1749 971 1807 Patres
1000 1747 1202 1807 solido
1233 1746 1639 1807 fundamento
1667 1744 1973 1806 historico
2002 1744 2129 1804 nixi
2158 1743 2585 1816 tradiderunt;
2621 1741 2898 1804 narratio-

390 1842 575 1903 nibus
603 1843 681 1903 de
737 1842 999 1902 infantia
1024 1848 1234 1902 autem
1266 1842 1426 1902 alter
1457 1841 1858 1918 Evangelista
1886 1842 2158 1902 alterum
2187 1841 2487 1918 complet.

457 1969 541 2031 a.)
570 1963 942 2036 Genealogiae
971 1963 1203 2031 (Manli.
1240 1969 1427 2027 1,1-17
1467 1971 1523 2019 et
1549 1968 1684 2018 Luc.
1728 1967 1978 2030 33:348)
2015 1971 2245 2018 eatenus
2273 1961 2624 2032 discrepant,
2657 1970 2902 2035 quatenus

387 2068 453 2107 ex
480 2052 708 2107 Davidis
752 2053 984 2123 posteris
1020 2067 1194 2123 usque
1240 2050 1313 2106 ad
1356 2051 1713 2107 Salathielem
1741 2049 2056 2107 Matthaeus
2085 2049 2450 2123 quindecim,
2483 2050 2668 2106 Lucas
2709 2051 2902 2119 viqiuti

386 2155 589 2212 eosque
620 2140 868 2195 diversos
908 2147 1195 2195 enumeret
1241 2147 1408 2210 atque
1457 2139 1660 2194 iterum
1700 2154 1733 2194 a
1773 2137 2090 2194 Salathielis
2132 2137 2248 2193 lilio
2290 2135 2601 2193 zorobabel
2639 2153 2807 2210 usque
2843 2135 2900 2190 ad

385 2230 440 2284 S.
469 2227 667 2298 Ioseph
690 2227 1002 2282 Matthaeus
1028 2243 1229 2282 novem
1252 2235 1438 2297 ponat,
1468 2227 1647 2282 Lucas
1674 2225 2089 2298 duodeviqiuci
2117 2225 2381 2281 diversos.
2415 2225 2668 2296 Reliquis
2689 2225 2900 2282 difficul-
3008 2287 3009 2302 χ

385 2317 512 2372 tatis
536 2315 919 2384 solutionibus,
948 2315 1017 2370 de
1047 2314 1245 2388 quibus
1273 2324 1444 2387 agunt
1471 2315 1820 2385 interpreteS,
1850 2314 2066 2369 omissis
2094 2313 2300 2369 sufficit
2317 2311 2641 2384 adnotasse,
2667 2315 2902 2384 antiquos
3008 2325 3009 2388 l

384 2405 574 2459 Patres
601 2419 813 2474 omnm,
846 2412 909 2459 ut
936 2419 1059 2459 eam
1087 2403 1385 2469 solverent,
1418 2403 1486 2457 ad
1517 2401 1934 2457 matrimonium
1965 2401 2229 2456 leviratus
2254 2403 2436 2468 (Dent.
2467 2407 2621 2469 25‚5.
2651 2406 2706 2469 6)
2733 2417 2902 2458 recur-
3008 2395 3009 2406 ¹

384 2492 536 2554 risse,
565 2507 674 2562 quo
703 2491 786 2558 fit,
815 2500 879 2547 ut
902 2491 1099 2563 aliquis
1128 2488 1269 2545 duos
1300 2490 1499 2546 habeat
1526 2499 1730 2560 patres,
1758 2489 2127 2556 naturalem,
2159 2505 2190 2545 a
2221 2505 2332 2560 quo
2357 2489 2625 2562 gignitur,
2653 2491 2899 2563 leqalem,

382 2581 440 2634 in
468 2579 623 2634 cuius
650 2594 853 2634 nomen
882 2587 938 2634 et
964 2579 1086 2634 iura
1116 2576 1377 2633 succedit.
1407 2580 1643 2634 Ineunte
1672 2577 1819 2632 enim
1848 2577 1958 2632 iam
1989 2592 2134 2632 saec.
2163 2583 2216 2632 3.
2247 2575 2437 2632 Julius
2465 2576 2666 2650 Afric.
2699 2577 2766 2634 ab
2793 2578 2904 2650 ipsis

386 2687 409 2718 ι
443 2667 667 2722 Domini
694 2665 998 2743 secundum
1027 2681 1249 2722 carnem
1273 2666 1696 2738 consanguineis
1727 2685 1778 2733 zv,
1807 2665 1902 2736 qui
1935 2685 1960 2716 a
1993 2663 2108 2720 sive
2137 2663 2440 2736 gloriantes
2469 2663 2564 2731 (ob
2589 2667 2804 2738 generis
2823 2681 2902 2719 no-

382 2755 670 2821 bilitatem)
700 2755 813 2810 sive
840 2753 1161 2824 simpliciter
1188 2762 1499 2822 narranteS,
1526 2753 1835 2808 certissime
1865 2760 2050 2807 autem
2081 2767 2273 2809 verum
2299 2752 2546 2808 dicentes
2575 2773 2602 2804 n
2635 2752 2752 2824 (εἴτε
2771 2771 2902 2824 φανη-

379 2849 577 2905 τιῶντες
606 2840 707 2894 εἴθ’
733 2841 898 2903 ἁπλῶς
924 2841 1314 2906 ἐκδιδάσκοντες,
1342 2843 1537 2902 πάντως
1571 2840 1624 2893 δὲ
1667 2839 2008 2906 ἀληθεῦοντες)
2050 2839 2190 2896 haec
2234 2840 2555 2908 retulerint,
2601 2857 2724 2898 sese
2763 2839 2902 2896 audi-

382 2932 519 2986 visse
547 2931 775 2985 asserit:
804 2929 927 2985 Heli
946 2970 962 2997 ,
988 2946 1157 3001 quem
1184 2929 1362 2984 Lucas
1384 2937 1546 2984 vocat
1572 2936 1785 2998 patrem
1810 2926 2053 2998 losephi,
2077 2937 2132 2984 et
2154 2926 2447 2994 Iacobum,
2476 2944 2650 3000 quem
2675 2929 2904 2986 nominat

380 3017 716 3086 MatthaeuS,
765 3017 932 3073 fuisse
978 3018 1177 3073 fratres
1221 3017 1500 3083 uterinos,
1545 3025 1846 3086 utrumque
1891 3031 1958 3070 ex
2007 3015 2178 3087 stirpe
2225 3015 2497 3082 davidica,
2533 3016 2780 3087 priorem
2821 3030 2904 3087 per

380 3105 626 3173 Nathan,
660 3105 897 3160 alterum
932 3121 1032 3177 per
1057 3106 1411 3161 Salomonem
1450 3117 1624 3176 genus
1653 3101 1976 3172 ducentem3
2009 3103 2138 3158 Heli
2163 3105 2282 3159 sine
2311 3103 2439 3159 filiis
2466 3102 2752 3160 demortui
2781 3119 2902 3158 uxo-

310 3256 316 3260 ,
380 3210 497 3249 rem
524 3195 771 3264 nupsisse
796 3194 945 3248 iuxta
974 3193 1239 3248 leviratus
1265 3192 1447 3264 legem
1475 3190 1700 3258 lacob0‚
1733 3207 1763 3246 a
1793 3207 1903 3262 quo
1931 3191 2279 3261 concepisset
2301 3200 2358 3247 et
2385 3191 2568 3246 filium
2590 3193 2900 3264 peperisset,

378 3281 468 3352 qui
493 3282 550 3336 in
577 3282 779 3352 prioris
806 3281 989 3336 mariti
1023 3296 1225 3336 nomen
1256 3289 1313 3336 et
1344 3277 1744 3336 haereditatem
1771 3279 2034 3334 intrasset
2062 3278 2165 3345 (cl’r
2187 3283 2329 3334 Eus.
2359 3279 2588 3347 Quaest.
2623 3297 2815 3352 evang.
2843 3283 2872 3331 7
2885 3299 2900 3339 z

376 3369 447 3424 11.
488 3370 552 3423 Ε.
598 3370 641 3423 1.
674 3375 747 3435 7).
790 3371 909 3439 Qua
948 3371 1176 3425 Patrum
1218 3369 1489 3424 sententia
1530 3367 1809 3438 aptissime
1853 3367 2158 3437 explicatur
2205 3365 2562 3439 genealogiae
2610 3367 2900 3424 differentia

374 3457 517 3512 inter
546 3457 744 3526 Ioseph
775 3465 829 3512 et
856 3457 1189 3526 Zorobabe13
1230 3458 1469 3512 alterum
1506 3464 1692 3510 autem
1723 3454 1984 3510 levit-atus
2028 3454 2446 3511 matrimonium
2485 3455 2709 3512 admitti
2735 3453 2902 3516 debet,

374 3554 435 3600 ut
476 3542 787 3599 differentia
836 3545 979 3600 inter
1017 3545 1287 3601 Salathiel
1316 3553 1371 3600 et
1409 3542 1590 3599 David
1618 3542 1940 3613 explicetur.
1975 3542 2266 3598 lechonias
2290 3542 2438 3597 enim
2461 3558 2578 3598 non
2600 3543 2724 3606 sibi,
2757 3555 2904 3613 quem

374 3631 647 3687 Dominus
675 3633 917 3687 sterilem
943 3639 1239 3703 scripserat
1270 3637 1402 3699 (Ier.
1432 3630 1640 3701 22‚30)‚
1669 3629 1768 3685 sed
1795 3630 2012 3701 parenti
2039 3645 2141 3685 suo
2165 3630 2295 3686 Neri
2325 3631 2512 3702 genuit
2540 3631 2904 3692 Salathielem‚

377 3721 467 3792 qui
497 3721 665 3793 igitur
702 3735 802 3792 pro
830 3719 1080 3792 patribus
1109 3720 1374 3792 legalibus
1404 3719 1599 3776 habuit
1639 3719 1768 3773 Neri
1809 3717 2038 3789 eiusque
2079 3718 2316 3773 maiores
2349 3733 2524 3790 usque
2565 3717 2638 3774 ad
2677 3717 2904 3780 Nathan,
3006 3715 3007 3744 ¹

382 3807 560 3864 filium
589 3807 797 3876 David,
830 3816 886 3863 et
913 3823 1015 3879 pro
1055 3806 1405 3863 naturalibus
1450 3806 1774 3862 lechoniam
1818 3806 2044 3877 eiusque
2073 3805 2312 3861 maiores
2357 3821 2536 3878 usque
2573 3805 2646 3862 ad
2673 3805 2906 3863 Salomo-
3006 3803 3007 3886 ᾗ

382 3912 509 3950 nem
548 3905 600 3951 et
629 3895 916 3952 Davidem.
944 3897 1104 3952 Hanc
1129 3895 1441 3950 naturalem
1468 3893 1850 3967 genealogiam
1885 3891 2052 3948 tradit
2080 3893 2426 3962 MatthaeuS,
2457 3901 2520 3948 ut
2547 3892 2803 3950 ostendat
2828 3893 2904 3946 le·
3006 3897 3007 3992 ἱ

382 3999 507 4040 sum
544 3983 848 4040 secundum
878 3983 1135 4040 vaticinia
1172 3999 1291 4039 esse
1332 4000 1403 4038 ex
1447 3986 1660 4039 semine
1704 3980 1910 4050 David,
1941 3981 2180 4052 legalem
2220 3990 2406 4037 autem
2453 3990 2708 4037 recenset
2744 3983 2904 4037 Lucas

382 4073 547 4128 simul
572 4071 834 4142 innuens,
866 4093 891 4124 α
918 4089 1033 4128 non
1061 4071 1153 4144 qui
1172 4070 1271 4128 filii
1292 4072 1502 4140 carnis,
1526 4070 1631 4126 hos
1659 4085 1778 4126 esse
1807 4070 1951 4125 filios
1978 4069 2114 4138 Dei,
2145 4068 2239 4126 sed
2267 4084 2363 4124 eos
2379 4113 2393 4138 ‚
2416 4069 2510 4142 qui
2537 4069 2649 4124 sint
2671 4069 2770 4124 filii
2787 4081 2903 4139 pro-

382 4160 678 4231 missioniS,
707 4161 991 4218 aestimari
1017 4161 1074 4216 in
1114 4160 1325 4216 semine
1353 4181 1379 4212 ι
1414 4165 1601 4227 (Rom.
1631 4150 1766 4226 9,8).
1799 4158 2161 4214 Accuratiora
2189 4156 2260 4213 de
2305 4157 2411 4213 hac
2437 4159 2760 4228 quaestione
2803 4163 2904 4210 tra-

383 4248 523 4304 dunt
544 4249 891 4320 interpretes

454 4336 527 4406 b.)
574 4338 777 4392 Mirum
808 4338 1053 4408 profecto
1090 4347 1202 4404 est,
1236 4337 1386 4410 quod
1424 4335 1680 4393 nonnulli
1720 4336 1782 4392 in
1820 4335 2090 4392 Matthaei
2133 4342 2189 4391 et
2228 4336 2412 4391 Lucae
2449 4332 2799 4391 relationibus
2835 4327 2897 4383 de

378 4421 607 4480 infantia
627 4425 829 4481 Christi
848 4425 1207 4482 conciliandis
1224 4426 1610 4484 difficultatem
1634 4424 1937 4490 inveniant,
1963 4439 2136 4496 quum
2161 4431 2276 4478 tam
2301 4431 2560 4478 accurate
2581 4425 2892 4477 consonent.

377 4511 617 4568 Evidens
640 4514 787 4568 enim
809 4523 913 4582 est,
943 4514 1158 4570 Mami.
1194 4521 1319 4584 1,18
1343 4529 1648 4569 consonare
1677 4528 1806 4570 cum
1835 4516 1971 4569 Luc.
2002 4519 2243 4578 1,26-38‚
2277 4526 2342 4568 ac
2373 4509 2574 4568 deinde
2597 4515 2730 4566 Luc.
2763 4511 2874 4570 1539

374 4607 447 4655 56
466 4602 840 4657 narrationem
866 4603 1203 4672 continuari3
1230 4612 1356 4674 post
1375 4601 1614 4659 reditum
1643 4601 1882 4675 Virginis
1913 4606 2073 4668 (Luc.
2109 4604 2254 4670 1‚56)
2285 4598 2598 4672 ponendam
2623 4612 2740 4654 esse
2769 4593 2892 4650 hae-
