3050 5184
404 331 482 374 ne
525 331 959 376 Arocitrrseos
1000 329 1385 376 cannae-rnna
1425 329 1791 375 paoem-mco
1834 329 1912 373 m·
1952 329 2338 376 Aneuueu‘ro.
2523 315 2638 374 615

186 466 245 520 4.
284 464 758 524 —Innumerae
805 463 935 522 sere
972 467 1117 522 sunt
1156 463 1506 540 argumenti
1557 461 1959 522 definitiones
1996 466 2184 539 atque
2226 463 2328 521 vix
2379 462 2504 522 duo
2539 462 2636 521 in—

105 559 452 619 veniuntur
480 560 887 637 interpretes,
922 559 1028 635 qui
1060 558 1217 618 illud
1248 558 1469 618 eadem
1516 557 1702 636 plane
1735 559 1976 618 ratione
2015 558 2347 636 explicant.
2381 558 2474 618 Ad
2513 561 2640 618 tres

106 659 323 714 tamen
379 655 608 714 classes
648 655 779 715 fere
822 654 1105 714 revocari
1146 657 1438 732 possunt,
1476 657 1664 732 prout
1706 654 2082 733 interpretes
2110 654 2486 732 prophetam
2532 659 2642 715 aut

102 753 403 828 inteyram
450 747 762 811 Ecclesiae
808 749 1124 810 historiam
1170 751 1237 809 in
1282 749 1660 828 Apocalypsi
1710 749 2077 828 prophetice
2133 750 2490 810 describere
2536 755 2642 810 aut

101 847 379 906 maxime
409 845 479 908 de
498 850 707 926 prima
731 847 1036 907 Ecclesiae
1056 851 1255 906 aetate
1290 863 1490 923 usque
1521 847 1599 907 ad
1637 845 1890 907 initium
1933 847 2062 906 fere
2104 863 2262 906 saec.
2293 850 2378 918 5.,
2420 851 2527 907 aut
2567 847 2642 906 de

102 942 338 1002 ultimis
363 943 671 1004 Ecclesiae
692 943 1049 1020 temporibus
1078 959 1261 1019 agere
1287 944 1523 1002 tenent.
1557 942 1728 1002 Inter
1751 959 1918 1019 quae
1941 942 2115 1002 varia
2143 946 2482 1020 systemata
2509 943 2642 1020 pri-

106 1055 319 1112 mum,
350 1041 519 1117 quod
547 1057 766 1100 omnes
794 1038 1111 1100 Ecclesiae
1156 1041 1391 1099 aetates
1430 1055 1469 1098 a
1496 1039 1702 1116 prima
1730 1055 1930 1114 usque
1967 1038 2046 1098 ad
2077 1038 2368 1098 ultimam
2396 1038 2640 1098 visione

102 1135 536 1213 apocalyptica
558 1135 891 1213 complecti
914 1138 1115 1206 tenet,
1148 1134 1297 1195 licet
1316 1139 1574 1194 externa
1599 1135 1972 1195 auctoritate
1987 1152 2114 1195 non
2139 1133 2223 1194 sit
2238 1133 2640 1207 destitutum,

102 1231 353 1291 interna
373 1237 582 1292 tamen
608 1231 1053 1309 probabilitate
1082 1247 1219 1292 sese
1244 1247 1370 1290 non
1399 1230 1826 1290 commendat.

171 1343 426 1398 Primum
466 1343 573 1400 hoc
614 1353 854 1414 systema
892 1343 1057 1399 variis
1094 1341 1275 1398 modis
1312 1351 1396 1398 est
1434 1343 1746 1409 excultum,
1785 1342 1878 1397 alii
1913 1343 2244 1414 interpretes
2279 1344 2428 1399 enim
2467 1351 2642 1398 totam

105 1429 399 1486 historiam
422 1432 699 1487 Ecclesiae
730 1431 807 1486 ita
831 1430 1021 1486 vident
1042 1428 1405 1500 praedictam,
1432 1438 1497 1484 ut
1522 1429 1867 1500 singularum
1891 1439 2137 1485 aetatum
2168 1429 2447 1501 praecipui
2475 1445 2641 1485 even-

104 1527 221 1584 tus,
257 1519 497 1574 maxime
529 1519 740 1586 tristes,
786 1533 851 1574 ex
888 1517 1085 1573 ordine
1122 1516 1467 1584 indicentur;
1508 1517 1600 1572 alii
1640 1525 1827 1572 autem
1865 1525 2078 1588 septem
2114 1517 2388 1586 epistoliS‚
2419 1517 2636 1589 sigilliS‚

104 1605 255 1660 tubis
283 1614 390 1661 etc.
431 1605 509 1660 ita
545 1606 721 1660 varias
757 1613 966 1660 aetates
1002 1603 1238 1660 describi
1268 1611 1545 1668 statuunt,
1578 1613 1640 1660 ut
1667 1603 1898 1660 eaedem
1925 1602 2030 1658 sub
2056 1603 2164 1659 alio
2197 1613 2252 1660 et
2284 1603 2396 1659 alio
2419 1613 2642 1675 aspectu

107 1701 311 1762 quater
333 1692 417 1748 vel
448 1693 739 1765 quinquies
762 1693 1115 1763 repetantur-3
1142 1691 1233 1746 alii
1262 1692 1409 1746 solos
1436 1692 1676 1747 maiores
1700 1700 1947 1759 eventuS,
1971 1691 2062 1746 alii
2087 1691 2255 1746 etiam
2277 1691 2642 1749 minutissima

106 1779 388 1850 quaedam
415 1772 559 1835 sa‘cta
584 1779 828 1850 praedici
856 1788 1051 1850 putant
1080 1787 1187 1834 etc.
1216 1778 1471 1850 Aliquale
1496 1777 1920 1834 fundamentum
1945 1777 2049 1833 hoc
2076 1787 2314 1849 systema
2337 1779 2450 1833 iam
2478 1779 2644 1834 habet

106 1867 167 1922 in
194 1869 429 1924 Pati-tun
450 1867 735 1938 operibuS,
767 1867 1039 1937 siquidem
1071 1867 1346 1922 Andreas
1376 1868 1570 1934 Caes„
1606 1871 1748 1920 Ven.
1779 1865 1946 1921 Beda
1981 1865 2182 1937 aliique
2219 1867 2275 1920 in
2307 1867 2490 1937 equite
2519 1866 2646 1922 albo

110 1956 417 2011 Ecclesiam
441 1955 833 2026 apostolicam,
858 1955 913 2009 in
944 1953 1069 2009 rufo
1098 1962 1337 2010 aetatem
1365 1962 1676 2026 martyrum
1704 1961 1811 2009 etc.
1846 1953 2041 2022 (6,1-8)
2077 1952 2355 2018 viderunt;
2389 1962 2445 2008 at
2471 1953 2646 2010 excoli

110 2059 224 2097 non
244 2052 329 2098 est
352 2051 613 2113 coeptum
638 2042 743 2096 nisi
760 2041 945 2096 medio
966 2057 1101 2097 aevo
1128 2040 1194 2096 ab
1215 2042 1368 2096 Abb.
1391 2041 1696 2096 loacliimo
1720 2040 1901 2107 Flor.,
1925 2039 2198 2104 Aureolo,
2221 2045 2464 2109 Lyrano
2481 2050 2647 2113 atque

108 2139 402 2201 tantopere
428 2129 654 2200 placuit,
680 2137 742 2183 ut
769 2145 801 2184 a
828 2143 1035 2195 magno
1060 2128 1425 2200 interpretum
1452 2143 1688 2182 numero
1709 2128 1782 2182 sit
1804 2125 2151 2198 adoptatum.

180 2219 394 2272 Verum
427 2217 755 2288 praeprimis
780 2224 963 2272 totum
992 2215 1099 2270 hoc
1134 2222 1378 2286 systema
1400 2215 1798 2269 incertissimae
1831 2209 2124 2283 hypothesi
2151 2209 2648 2271 innititumomnes

111 2304 263 2359 euim
304 2305 425 2358 eius
464 2303 713 2375 patroni,
745 2319 803 2358 se
832 2304 1027 2358 ultima
1062 2303 1176 2357 iam
1208 2302 1483 2357 Ecclesiae
1512 2309 1692 2356 aetate
1729 2299 1932 2372 degere
1967 2309 2378 2372 supposuerunt
2412 2300 2647 2371 ideoque

115 2390 499 2462 praecedentia
528 2391 746 2447 saecula
765 2390 824 2445 in
846 2389 1090 2462 quinque
1110 2391 1193 2445 vel
1224 2403 1317 2444 sex
1339 2397 1550 2446 aetates
1571 2386 1867 2443 distributa
1893 2387 2194 2444 visionibus
2220 2388 2650 2444 accommodare

112 2479 477 2546 studuerunt3
505 2477 581 2534 ita
614 2493 759 2533 saec.
798 2483 885 2533 12.
920 2477 1217 2544 ΙοαοΙιίηι,
1248 2491 1391 2532 saec.
1427 2481 1511 2532 14.
1543 2481 1850 2546 Lyranus,
1885 2489 2030 2530 saec.
2066 2482 2151 2532 16.
2183 2476 2258 2531 de
2297 2475 2356 2530 la
2400 2475 2650 2532 Chelar-

114 2567 238 2634 (ἰίε,
273 2581 418 2621 saec.
459 2572 544 2622 18.
587 2550 975 2633 Holzhauser,
1008 2579 1153 2619 saec.
1200 2569 1284 2620 19.
1329 2563 1570 2628 Druck,
1620 2562 1856 2618 Walter
1898 2571 2040 2630 etc.;
2082 2572 2250 2634 atque
2288 2563 2394 2618 hac
2434 2565 2650 2619 ratione

118 2655 325 2710 factum
354 2662 467 2722 est,
496 2663 559 2708 ut
588 2651 919 2724 procedente
945 2660 1198 2722 tempore
1225 2665 1445 2722 semper
1472 2649 1592 2706 aliis
1621 2659 1677 2705 et
1699 2650 1818 2706 aliis
1844 2649 2134 2706 eventibus
2161 2650 2414 2721 symbola
2436 2666 2650 2706 accom-

114 2741 497 2798 modarentur.
530 2741 785 2808 Quanam
809 2748 996 2794 autem
1020 2740 1077 2793 in
1105 2737 1383 2794 Ecclesiae
1410 2746 1619 2805 aetate,
1648 2753 1786 2793 num
1815 2737 1870 2793 in
1907 2738 2106 2808 prima,
2139 2753 2210 2792 an
2246 2739 2305 2792 in
2337 2737 2550 2808 media,
2579 2754 2652 2794 an

113 2833 173 2885 in
208 2829 439 2896 ultima,
480 2826 647 2884 hodie
684 2827 971 2898 degamus,
1010 2841 1177 2881 nemo
1215 2825 1348 2895 scit,
1388 2825 1495 2880 nisi
1535 2826 1660 2896 quis
1686 2840 1717 2879 a
1759 2827 1880 2880 Deo
1917 2825 2039 2895 ipso
2078 2823 2398 2880 immediate
2439 2824 2544 2880 hac
2584 2825 2654 2881 de

114 2935 173 2973 re
200 2917 275 2973 sit
311 2915 571 2982 edoctus,
597 2914 1117 2970 Thessalonicenses
1142 2912 1256 2969 iam
1284 2913 1589 2984 apostolico
1615 2921 1866 2982 tempore
1897 2911 2107 2968 instare
2132 2911 2430 2968 adventum
2453 2912 2654 2969 Christi

118 3012 403 3074 putarunt,
436 3011 601 3073 atque
637 3001 787 3057 idem
814 3016 913 3057 sua
950 3008 1133 3056 aetate
1162 3008 1494 3070 putaverunt
1520 3002 1577 3056 S.
1609 3001 1724 3055 Leo
1755 3002 1854 3064 M.,
1887 2999 1942 3054 S.
1980 3000 2282 3071 Gregorius
2320 3001 2398 3056 Μ.
2429 2999 2650 3064 aliique.

186 3094 365 3148 Porro
394 3105 507 3146 non
540 3090 673 3146 satis
704 3097 965 3160 apparet,
996 3104 1163 3160 quem
1190 3088 1359 3144 finem
1382 3089 1536 3143 Deus
1562 3087 1619 3143 in
1649 3087 2010 3159 aenigmatica
2050 3087 2154 3142 hac
2185 3087 2425 3142 fatorum
2462 3088 2656 3144 Eccle-

114 3181 229 3235 siae
267 3175 644 3250 praedictione
682 3175 887 3232 habere
927 3176 1199 3247 potuerit,
1230 3177 1402 3231 immo
1445 3173 1715 3231 eiusmodi
1753 3175 2016 3230 revelatio
2063 3175 2316 3230 insanam
2358 3174 2656 3246 quamdam

118 3281 433 3336 vanamque
462 3265 837 3319 curiositatem
868 3264 1019 3319 alere
1048 3263 1285 3318 videtur.
1315 3263 1401 3336 Ad
1434 3260 1570 3342 quid
1601 3261 1748 3318 enim
1774 3262 1896 3330 illa,
1931 3278 2073 3334 quae
2105 3262 2452 3332 supponitur,
2478 3261 2656 3318 tribu-

116 3354 397 3410 lationum
416 3353 970 3422 persecutionumque
992 3349 1313 3421 praedictio,
1338 3365 1479 3420 quae
1494 3365 1564 3404 ne
1584 3357 1718 3404 tunc
1739 3349 1984 3421 quidem,
2007 3349 2230 3421 quando
2252 3349 2364 3404 iam
2382 3348 2477 3405 diu
2495 3366 2657 3421 prae-

116 3441 424 3506 terierunt,
458 3448 745 3510 tamquam
782 3437 1099 3508 praedictae
1136 3453 1264 3492 cum
1301 3434 1632 3493 certitudine
1669 3445 1902 3508 possunt
1941 3437 2235 3508 cognosci?
2271 3437 2449 3492 Multo
2486 3437 2661 3509 magis

116 3539 311 3586 autem
349 3526 645 3582 reiicienda
679 3535 760 3581 est
791 3525 1017 3580 illorum
1043 3524 1461 3596 interpretatio,
1491 3524 1588 3596 qui
1629 3540 1695 3579 ex
1731 3523 2063 3595 Apocalypsi
2096 3524 2278 3594 ipsum
2315 3541 2520 3580 annum
2559 3524 2660 3580 ad-

114 3625 323 3673 ventus
359 3613 561 3670 Christi
597 3613 827 3668 definire
858 3613 1068 3668 volunt.
1108 3633 1133 3662 a
1170 3615 1253 3667 De
1288 3610 1377 3666 die
1406 3621 1596 3666 autem
1621 3612 1711 3667 vel
1753 3611 1892 3667 hora
1921 3611 2019 3667 illa
2047 3628 2212 3667 nemo
2240 3611 2411 3668 scit...
2441 3612 2658 3679 Videte,

117 3703 345 3777 vigilate
372 3709 431 3756 et
457 3710 642 3768 orate,
671 3700 893 3756 nescitis
918 3701 1097 3770 enim,
1130 3701 1353 3772 quando
1377 3707 1595 3769 tempus
1623 3699 1696 3754 sit
1719 3720 1746 3750 n
1783 3703 1990 3764 (Marc.
2026 3705 2205 3768 13‚32.
2239 3699 2343 3771 33).

198 3857 266 3914 5.
297 3885 377 3895 —
413 3851 697 3910 Alterum
744 3853 1049 3928 systema,
1085 3849 1250 3926 quod
1276 3852 1483 3926 prima
1510 3849 1817 3909 Ecclesiae
1854 3855 2118 3926 tempora
2153 3852 2340 3925 atque
2381 3866 2663 3926 praeser-

116 3953 241 4012 tim
260 3949 401 4010 eius
422 3947 500 4007 de
516 3946 831 4006 iudaismo
854 3949 916 4004 et
936 3944 1357 4022 polytheismo
1377 3944 1775 4022 triumphum
1795 3949 2237 4023 argumentum
2253 3945 2664 4023 praecipuum

118 4044 595 4124 ,apocalypseos
637 4041 883 4112 statuit,
915 4057 1207 4119 suprema
1234 4047 1447 4101 autom
1488 4039 1648 4100 ecclt
1663 4043 1788 4100 siae
1837 4046 2126 4118 tempora
2167 4041 2385 4100 leviter
2421 4045 2666 4102 tantum

118 4141 375 4204 ultimis
400 4140 647 4200 duobus
672 4137 983 4216 capitibus
1003 4137 1228 4213 attingi
1258 4137 1459 4211 videt,
1483 4137 1779 4197 Patribus
1810 4136 2068 4214 quidem
2100 4141 2234 4197 erat
2256 4137 2664 4215 incognitum,

120 4235 353 4298 multis
386 4239 597 4294 autem
636 4239 701 4295 et
733 4234 1003 4312 egregiis
1036 4233 1489 4311 interpretibus
1529 4232 1986 4293 recentioribus
2026 4232 2357 4310 probatur;
2396 4238 2669 4294 attamen

124 4349 355 4396 eorum
374 4331 697 4391 dissensus
722 4331 1053 4390 continuus
1081 4329 1533 4407 gravissimum
1563 4327 2022 4406 praeiudicium
2059 4331 2276 4388 contra
2305 4330 2476 4390 illius
2507 4331 2668 4390 veri-

123 4435 331 4492 tatem
355 4432 544 4488 creat.

198 4543 461 4598 Alterum
489 4539 597 4596 hoc
621 4549 860 4613 systema
887 4538 1127 4609 primm,
1155 4546 1218 4592 ut
1244 4534 1481 4605 videtur,
1511 4535 1766 4607 exposuit
1789 4543 2024 4590 exeunte
2052 4551 2198 4591 saec.
2235 4543 2316 4592 16.
2351 4543 2427 4592 A.
2453 4539 2672 4594 Salmo-

128 4649 239 4688 του
273 4629 338 4686 S.
374 4631 455 4698 1.;
488 4628 796 4683 accuratius
838 4627 1121 4682 excultum
1149 4641 1180 4679 a
1209 4625 1359 4679 Lud.
1402 4625 1481 4679 ab
1522 4622 1783 4679 Alcasar
1809 4625 1864 4679 S.
1899 4625 1945 4679 1.
1989 4625 2256 4680 maiorem
2297 4625 2674 4682 celebritatem
