3050 5184
369 315 442 372 12
537 328 817 372 HISTORIA
848 327 1101 372 CANoms
1130 328 1466 380 UTthsout
1495 327 1893 372 TESTAMENTL
1928 341 2007 354 —-
2036 325 2165 370 CAP.
2199 324 2237 367 1.
2268 319 2730 367 PRAENOTANDA.

434 459 684 515 Primum
717 461 896 515 'ocum
920 460 980 514 in
1019 461 1217 515 Vetere
1244 461 1392 516 Test.
1422 467 1695 530 occupant
1722 458 1847 516 libri
1882 455 2127 514 historici
2163 470 2359 512 omnes
2397 452 2659 526 (exceptis
2686 448 2907 506 duobus

362 547 642 613 Machab„
681 547 776 618 qui
819 549 948 619 quia
998 546 1176 604 ultimi
1218 549 1408 618 scripti
1451 546 1821 604 credebantur
1858 559 2129 602 canonem
2170 551 2410 598 veterem
2458 539 2808 608 terminant),
2849 536 2906 590 in

363 650 474 706 quo
506 650 602 689 um
631 635 990 705 dispositione
1017 637 1186 692 series
1219 634 1514 707 temporis,
1544 634 1617 691 de
1652 651 1763 706 quo
1790 642 1991 707 agunt,
2022 630 2302 704 praevalet
2326 631 2403 688 ita
2429 637 2647 696 tamen,
2680 635 2743 682 ut
2765 633 2905 688 tres,

367 722 461 793 qui
496 723 794 795 singularia
827 720 1117 778 dumtaxat
1140 721 1280 778 facta
1321 733 1549 778 narrant
1577 722 1826 795 (TobiaS,
1862 719 2077 788 Iudith,
2114 719 2327 791 Esth.),
2358 718 2587 788 reliquis
2616 713 2909 787 postpositi

365 812 490 864 sint.
522 811 839 882 Sequuntur
863 809 1121 866 didactici
1153 825 1219 866 eo
1253 809 1474 879 ordine,
1509 826 1622 882 quo
1650 825 1844 866 eorum
1871 816 2125 866 auctores
2160 808 2356 864 vixisse
2380 805 2703 872 creduntur,
2736 809 2909 872 atque

362 898 519 952 tertio
549 899 673 953 loco
699 897 1000 969 prophetae
1029 898 1265 954 maiores
1293 914 1358 954 ac
1385 897 1586 955 deinde
1619 901 1863 954 minores
1891 897 2059 953 etiam
2085 893 2478 966 chronologice
2508 889 2781 964 dispositi.
2814 889 2907 943 Si—

359 985 502 1040 milis
538 995 622 1041 est
661 984 800 1040 ordo
837 985 980 1040 Novi
1015 987 1199 1054 Test.;
1231 989 1471 1056 primum
1512 988 1699 1042 locum
1741 994 1932 1042 tenent
1964 985 2089 1042 libri
2128 981 2375 1040 historici
2416 980 2486 1038 de
2525 979 2637 1035 vita
2674 977 2907 1034 Domini

360 1078 662 1130 tractantes
707 1087 773 1128 eo
817 1071 1038 1142 ordiue,
1079 1089 1188 1144 quo
1229 1073 1530 1146 conscripti
1566 1082 1879 1139 censentur,
1924 1073 2099 1144 iisque
2148 1069 2466 1142 adiungitur
2505 1069 2729 1140 quintus
2764 1063 2908 1120 liber

363 1158 654 1215 historicus
689 1158 760 1216 de
797 1159 1113 1231 primordiis
1148 1162 1440 1218 Ecclesiae.
1474 1163 1627 1232 Quos
1664 1160 1942 1233 excipiunt
1980 1160 2108 1216 libri
2146 1158 2431 1226 didactici,
2474 1155 2735 1228 epistolae
2780 1153 2905 1208 scil.

361 1246 611 1317 paulinae
648 1257 704 1303 et
743 1248 1069 1315 catholicae,
1105 1247 1176 1304 de
1213 1265 1448 1322 quarum
1501 1250 1646 1305 inter
1690 1265 1749 1306 se
1785 1248 2140 1320 dispositione
2176 1249 2234 1302 in
2272 1245 2486 1302 Introd.
2537 1241 2757 1314 speciali
2798 1242 2909 1296 erit

353 1333 650 1406 agendum.
691 1337 970 1392 Cononem
1003 1336 1210 1392 claudit
1243 1338 1430 1393 unicus
1469 1337 1607 1394 liber
1640 1337 1997 1410 propheticus
2038 1337 2107 1392 N.
2147 1337 2238 1404 'l'.,
2282 1332 2662 1406 Apocalypsis·
2710 1333 2782 1384 At
2812 1328 2907 1384 hic

355 1420 493 1477 ordo
520 1423 778 1495 antiquus
812 1439 923 1479 non
955 1433 1066 1492 est;
1097 1425 1154 1480 in
1184 1427 1448 1500 catalogis
1480 1441 1579 1497 per
1607 1429 1803 1482 Patres
1838 1433 1894 1481 et
1921 1423 2162 1480 Concilia
2197 1420 2419 1479 traditis
2446 1430 2501 1477 et
2533 1420 2591 1474 in
2617 1415 2904 1474 codicibus

357 1510 565 1582 graecis
585 1526 652 1566 ac
674 1511 858 1567 latinis
885 1528 1088 1585 magna
1114 1512 1390 1570 invenitur
1415 1514 1476 1570 in
1497 1513 1654 1570 libris
1682 1511 2037 1586 disponendis
2066 1512 2318 1568 varietas.

435 1697 496 1754 3.
531 1729 609 1740 -—
636 1698 886 1758 Veteris
917 1699 1088 1758 Test.
1119 1699 1262 1759 libri
1292 1700 1762 1781 protocanonici
1793 1699 1861 1759 in
1888 1704 2019 1759 tres
2043 1699 2271 1759 classes
2296 1695 2645 1773 antiquitus
2678 1691 2903 1752 distri—

358 1792 732 1865 buebantur,
766 1793 834 1854 in
862 1796 1104 1870 Leycm,
1134 1797 1490 1876 Prophetas,
1523 1796 1985 1875 Hagioyraplia.
2020 1795 2179 1856 Novi
2216 1797 2431 1855 autem
2462 1792 2630 1852 Test.
2666 1787 2906 1848 divisio

357 1889 796 1965 antiquissima
831 1894 928 1950 est
967 1891 1292 1970 bipartita3
1324 1891 1729 1972 Evonqelwm
1770 1894 1941 1953 enim
1984 1896 2048 1953 et
2089 1892 2403 1971 Apostolus
2433 1885 2808 1968 (Evanqelia
2836 1891 2905 1944 et

357 1984 644 2063 Apostoli,
671 1986 1042 2066 Evanqelica
1070 1993 1133 2048 et
1155 1989 1524 2068 Apostolica)
1546 1989 1699 2050 olim
1728 1989 1815 2049 ita
1844 1988 2407 2066 distinguebantur,
2430 1990 2502 2046 ut
2528 1985 2723 2045 altera
2750 1998 2903 2058 pars

364 2097 582 2141 omnes
624 2081 820 2143 libros
862 2088 1111 2162 praeter
1155 2091 1420 2163 quatuor
1463 2086 1794 2163 Evangelia
1836 2085 2385 2162 complecteretur.
2433 2080 2634 2143 Hodie
2677 2083 2903 2138 tamen

358 2177 700 2255 praecipuo
737 2179 1132 2258 singulorum
1178 2182 1486 2242 librorum
1532 2181 1655 2242 fine
1700 2181 2125 2260 primarioque
2170 2181 2539 2258 argumento
2590 2175 2901 2254 spectatis

362 2289 580 2332 omnes
612 2275 949 2353 Utriusque
978 2278 1146 2337 Test.
1180 2278 1543 2357 Scripturae
1562 2283 1670 2338 aut
1696 2279 1761 2337 in
1791 2281 2055 2354 quatuor
2082 2278 2313 2337 classes
2349 2273 2620 2356 (Ζαραῖος,
2652 2273 2903 2332 histori-

362 2388 485 2442 008,
515 2367 837 2431 didacticos
874 2373 972 2433 vel
1018 2373 1432 2450 doctrinaleS,
1461 2374 1857 2454 propheticos)
1888 2379 1997 2435 aut
2040 2375 2271 2434 rectius
2299 2373 2366 2432 in
2402 2375 2532 2432 tres
2574 2369 2901 2430 dumtaxat

359 2465 720 2544 (historicos,
753 2468 1114 2542 diductione,
1145 2471 1545 2551 propheticos)
1578 2471 2068 2549 distinguuntur.

432 2599 914 2666 Tripartitionem
949 2601 1168 2657 Veteris
1207 2607 1354 2658 Test.
1387 2604 1496 2659 iam
1530 2617 1674 2658 saec.
1707 2607 1759 2656 2.
1793 2617 1842 2657 a.
1874 2601 2004 2657 Chr.
2040 2617 2144 2657 usu
2171 2610 2453 2671 receptam
2481 2597 2683 2665 (Eccli.
2718 2597 2899 2662 Prol.)

356 2693 412 2740 et
441 2686 502 2740 in
531 2685 689 2740 Novo
715 2688 781 2742 T.
821 2698 1318 2746 commemoratam
1347 2690 1500 2763 (Luc.
1532 2696 1715 2760 24,44)
1757 2689 1919 2745 hodie
1948 2689 2132 2746 adhuc
2160 2689 2402 2745 retinent
2428 2685 2647 2754 ludaei,
2678 2685 2809 2740 licet
2834 2691 2891 2740 2.

355 2782 410 2828 et
437 2780 491 2829 8.
515 2771 676 2830 classi
697 2790 810 2830 non
835 2776 1058 2834 eosdem
1083 2779 1328 2847 omnino,
1355 2795 1495 2850 quos
1515 2778 1757 2850 antiqui,
1786 2777 1958 2834 libros
1981 2785 2325 2833 accenseant.
2356 2774 2540 2832 Hodie
2563 2774 2739 2847 prima
2762 2786 2899 2844 pars

356 2870 518 2941 (Le-v,
547 2869 577 2923 ὅ
604 2871 771 2942 νόμος,
805 2865 1054 2946 minu),
1086 2875 1165 2930 uti
1193 2876 1360 2944 olim,
1393 2876 1513 2931 solo
1551 2883 1767 2930 constat
1791 2873 2170 2930 Pentateucho
2206 2873 2480 2941 mosaico,
2515 2872 2691 2928 altera
2718 2869 2897 2940 (Pro-

311 2960 322 2984 ‘
351 2969 580 3038 phetae,
608 2967 656 3019 οἱ
683 2974 946 3038 προφῆται,
981 2962 1278 3042 mmmm)
1307 2971 1364 3026 in
1388 2970 1526 3026 duas
1550 2970 1819 3034 sectiones
1844 2970 2014 3026 divisa
2042 2969 2287 3026 continet
2308 2978 2547 3042 quatuor
2562 2966 2897 3041 prophetas

350 3066 577 3135 priores
605 3055 1069 3138 (nuwimn'm)
1097 3067 1136 3122 i.
1158 3083 1209 3123 e.
1243 3069 1422 3136 losue,
1452 3066 1694 3136 Iudices,
1720 3067 1941 3122 Samuel
1969 3067 2039 3139 (1.
2066 3072 2101 3122 2
2132 3066 2312 3140 Reg.),
2340 3069 2522 3138 Reges
2556 3065 2627 3137 (3.
2656 3071 2690 3120 4
2724 3065 2895 3136 Reg.)

353 3169 410 3215 et
434 3168 670 3231 quatuor
691 3167 1045 3232 posteriores
1075 3155 1532 3236 (ῦἾΞἹἾΠΝΠΊΠ)
1570 3165 1607 3219 i.
1649 3183 1697 3222 e.
1729 3164 1957 3233 lsaiam,
1996 3165 2320 3232 Ieremiam,
2354 3162 2638 3231 Ezechiel,
2674 3159 2893 3217 duode-

352 3248 458 3303 cim
499 3249 740 3304 Minores
776 3250 833 3305 in
871 3267 982 3307 uno
1021 3252 1326 3320 volumine3
1367 3252 1527 3307 tertia
1568 3252 2058 3324 (Haqioqrapha‚
2098 3251 2162 3304 τὰ
2198 3254 2413 3324 γραφεῖα
2450 3252 2534 3307 vel
2576 3249 2889 3320 ἁγιόγραφα,

357 3335 653 3416 namnam)
679 3339 1061 3410 complectitur
1087 3341 1364 3407 Psalmos,
1389 3338 1716 3407 Proverbia,
1748 3340 1877 3408 lob,
1910 3340 2224 3409 Canticum,
2256 3339 2408 3396 Ruth
2426 3382 2441 3409 ,
2472 3339 2749 3407 Thren0S,
2780 3339 2891 3393 Ec-

350 3432 658 3496 clesiasten,
691 3428 906 3496 Esther,
933 3428 1160 3495 Daniel,
1191 3427 1446 3496 Esdram,
1478 3427 1831 3497 Nehemiam,
1860 3427 2152 3486 Chronica.
2183 3427 2338 3484 Ordo
2366 3427 2636 3483 librorum
2664 3425 2720 3481 in
2744 3425 2889 3481 dua·

349 3520 452 3574 bus
476 3519 681 3575 ultimis
708 3515 973 3572 classibus
1000 3531 1113 3572 non
1144 3515 1293 3571 idem
1319 3525 1403 3572 est
1429 3517 1485 3570 in
1513 3515 1771 3572 omnibus
1798 3515 2079 3572 codicibus
2109 3515 2380 3572 hebraicis
2410 3531 2511 3571 nec
2541 3515 2597 3569 in
2620 3513 2889 3587 catalogis

349 3623 445 3679 per
472 3610 664 3662 Patres
691 3605 1045 3673 conservatiS,
1073 3619 1138 3660 ex
1170 3603 1368 3675 quibus
1396 3604 1565 3660 etiam
1592 3611 1844 3676 apparet,
1876 3604 2124 3660 libellum
2148 3603 2301 3658 Ruth
2328 3619 2456 3659 cum
2484 3604 2522 3658 l.
2552 3601 2805 3658 Indicum
2832 3613 2889 3658 et

345 3695 594 3750 Threnos
646 3709 775 3749 cum
827 3691 1124 3762 Prophetia
1179 3692 1444 3748 Ieremiae
1498 3693 1823 3748 coniunctos
1868 3692 1927 3749 in
1978 3689 2220 3748 secunda
2270 3693 2443 3748 classe
2484 3691 2669 3747 locum
2720 3707 2885 3746 suum

340 3788 612 3843 habuisse.
631 3787 716 3841 Ob
743 3785 1028 3854 liturgicus
1052 3793 1239 3837 autem
1265 3782 1506 3836 rationes
1536 3797 1569 3836 a
1591 3781 1896 3836 iunioribus
1916 3779 2165 3835 rabenis
2191 3795 2220 3834 e
2251 3779 2373 3834 loco
2398 3795 2500 3835 suo
2530 3787 2662 3834 sunt
2684 3781 2891 3834 remoti

347 3875 402 3924 et
427 3881 555 3924 cum
591 3865 767 3922 tribus
802 3865 922 3920 aliis
957 3879 1069 3919 uno
1099 3863 1242 3920 libro
1269 3865 1575 3932 coniuncti,
1608 3865 1694 3920 cui
1731 3864 1925 3920 titulus
1956 3885 1981 3916 α
2014 3867 2267 3939 quinque
2303 3865 2612 3922 volumina
2642 3883 2667 3920 ι
2702 3853 2889 3936 (ujtm

347 3943 566 4036 ΠἹῘἊῺ)
597 3970 681 4018 est
705 3961 910 4018 inditus
939 3961 978 4015 ².
1015 3963 1304 4031 Quaenam
1339 3963 1410 4017 sit
1446 3962 1829 4034 tripartitionis
1860 3961 2007 4018 illius
2046 3963 2218 4031 ratio,
2260 3961 2583 4035 ambigitur3
2625 3961 2887 4033 probabi-

348 4052 452 4107 lior
475 4050 748 4107 sententia
776 4057 950 4114 tenet,
989 4049 1292 4104 secundum
1324 4058 1614 4106 auctorum
1653 4049 1976 4123 dignitatem
2014 4050 2235 4107 ordines
2272 4065 2391 4106 esse
2418 4050 2775 4120 constitutos,
2806 4051 2883 4107 ita

345 4149 406 4194 ut
430 4139 640 4209 primus
667 4137 1131 4209 complecteretur
1150 4135 1321 4193 libros
1347 4136 1417 4192 ab
1444 4137 1563 4209 ipso
1592 4138 1906 4210 legislatore
1928 4138 2140 4195 conseri
2146 4147 2287 4209 ptoS‚
2320 4139 2545 4194 alterius
2567 4153 2735 4210 opera
2757 4155 2885 4195 auc-

344 4237 492 4282 tores
519 4225 786 4281 haberent
815 4225 988 4294 viros,
1021 4223 1115 4296 qui
1155 4241 1395 4281 munere
1433 4225 1752 4297 prophetico
1790 4235 1920 4282 sunt
1960 4225 2161 4296 suncti,
2193 4225 2388 4283 tertiae
2420 4225 2645 4283 demum
2683 4242 2885 4283 accen-

402 4409 466 4472 (ι)
499 4427 522 4456 ιι
553 4409 787 4472 Quinque
816 4408 1078 4459 volumina
1111 4429 1137 4453 υ
1175 4409 1292 4460 ideo
1322 4414 1446 4461 suut
1478 4411 1774 4470 coniuncta,
1804 4411 1926 4476 quia
1952 4413 2098 4462 statis
2126 4409 2307 4462 diebus
2334 4412 2613 4476 quotannis
2637 4413 2691 4462 in
2722 4427 2883 4477 syna-

339 4488 478 4551 gogis
505 4489 700 4552 integra
729 4488 1003 4550 leguntur:
1033 4491 1318 4540 Canticum
1339 4489 1393 4540 in
1412 4491 1677 4552 Paschale,
1704 4491 1847 4542 Ruth
1866 4492 1919 4541 in
1937 4493 2257 4552 Pentecoste,
2286 4493 2489 4543 Thr-eni
2510 4491 2593 4542 die
2618 4495 2666 4543 9.
2690 4495 2886 4544 mensis

341 4567 414 4618 Ab
458 4567 522 4618 ad
561 4569 1064 4620 commemorandum
1101 4569 1343 4632 templum
1379 4569 1728 4631 destructum,
1760 4571 2108 4622 Ecclesia-nes
2144 4571 2199 4621 in
2238 4569 2370 4622 festo
2396 4571 2883 4634 Tabernacnlorum,

341 4647 534 4698 Esther
562 4649 612 4696 iu
645 4647 776 4696 festo
805 4649 994 4697 Purim.
