3050 5184
330 254 447 313 350
488 268 565 314 ns
606 272 742 315 var.
778 274 1031 317 rasum.
1056 272 1246 317 unius
1290 272 1644 317 ornacrtcis.
1671 290 1750 300 —-
1792 272 1916 317 car.
1945 274 2003 316 v.
2039 259 2094 319 1.
2141 276 2214 319 na
2253 274 2432 319 muno
2472 272 2849 319 sarmxruss-

330 408 487 471 parte
514 401 847 459 atheismum
871 412 927 459 et
955 404 1231 477 religionis
1258 406 1601 459 contemtum
1631 409 1736 473 (2,t
1771 410 1945 477 sqq.),
1977 406 2032 461 in
2061 406 2236 461 altera
2258 404 2627 462 idololatriam
2647 408 2856 471 (maz-

331 486 540 545 sontem
565 490 825 549 vitiorum
852 491 981 559 dici,
1012 501 1110 547 aut
1130 490 1189 547 in
1216 492 1401 564 priore
1427 491 1689 547 virtutem
1707 492 1802 559 ,in
1829 494 2001 550 altera
2027 493 2312 549 scientiam
2342 494 2446 549 Dei
2473 492 2739 565 appellari
2767 507 2859 547 ra·

330 574 509 633 dicem
536 579 967 635 immortalitatis
992 584 1172 648 (1,12;
1210 584 1382 649 15,5),
1413 579 1469 634 in
1499 580 1685 651 priore
1721 581 2048 652 sapientiam
2075 582 2338 637 continuo
2365 579 2777 645 commendari,
2803 578 2860 632 in

330 664 501 719 altera
534 668 705 722 semel
741 675 959 723 tantum
997 669 1164 737 (14‚4)
1202 666 1497 723 nominari.
1533 668 1750 723 Etenim
1781 668 2083 726 atheismus
2114 678 2170 726 et
2201 668 2532 734 idololatria,
2560 682 2739 739 quum
2775 682 2862 720 ve-

331 766 454 807 rum
484 755 660 810 Deum
686 764 920 827 negent,
946 755 1249 826 sapientiae
1273 763 1629 827 opponuntur
1655 764 1711 811 et
1736 756 1997 812 vitiorum
2025 755 2204 814 fontes
2231 766 2384 827 sunt3
2407 756 2736 829 sapientiam
2759 770 2862 809 au-

332 848 443 894 tem
470 841 763 911 practicam
792 858 821 897 a
852 844 1185 914 speculativa
1216 858 1489 914 nusquam
1517 852 1738 915 separat
1765 852 1976 913 auctor,
2005 854 2169 916 atque
2197 854 2462 917 utraque,
2493 845 2595 900 etsi
2623 858 2742 899 non
2763 858 2864 896 no-

330 928 590 999 minetur,
633 930 803 986 totius
832 932 1322 1003 argumentationis
1348 931 1407 985 in
1432 932 1606 987 altera
1637 940 1794 1003 parte
1819 940 1904 988 est
1930 932 2370 989 fundamentum.

410 1082 468 1139 2.
501 1112 581 1123 —
606 1082 875 1141 Levibus
899 1081 1243 1141 admodum
1286 1081 1668 1160 argumentis
1701 1100 1739 1143 a
1777 1083 2094 1143 nonnullis
2127 1076 2446 1160 inteqritas
2483 1080 2627 1143 libri
2657 1082 2864 1157 impu-

331 1180 588 1253 gnatur3
616 1194 819 1254 neque
866 1178 1034 1238 enim
1067 1178 1376 1255 genuinus
1407 1177 1542 1237 eius
1570 1179 1792 1239 titulus
1820 1178 2184 1256 deperditus
2220 1182 2344 1253 est,
2375 1197 2492 1240 nec
2529 1182 2678 1255 apta
2721 1178 2864 1237 eius

332 1272 608 1333 clausula
638 1273 1046 1347 desideratur,
1081 1291 1195 1335 nec
1222 1292 1259 1335 a
1284 1274 1646 1334 Christianis
1678 1275 1803 1335 ulla
1835 1276 1894 1335 ei
1925 1276 2158 1336 inserta
2189 1280 2286 1335 est
2313 1271 2740 1353 interpolatio.

398 1395 740 1467 Houbz'qant
786 1397 1087 1469 genuinum
1127 1396 1351 1451 titulum
1390 1397 1612 1468 periisse
1658 1405 1872 1464 censet,
1909 1398 2037 1469 quia
2083 1397 2237 1469 operi
2284 1396 2604 1468 prophetico
2651 1411 2865 1451 nomen

334 1483 571 1540 auctoris
600 1484 831 1554 praefigi
858 1483 1125 1540 debuerit.
1158 1488 1231 1539 At
1259 1483 1395 1539 liber
1420 1484 1734 1554 Sapientiae
1751 1526 1764 1553 ,
1795 1484 1899 1540 etsi
1921 1491 2009 1554 2‚1
2043 1500 2162 1557 sqq.
2195 1500 2226 1541 a
2255 1483 2512 1541 Patribus
2537 1484 2691 1539 velut
2721 1484 2866 1538 vati-

334 1572 541 1628 cinium
570 1572 891 1642 explicetur,
924 1573 1145 1643 proprio
1174 1587 1338 1627 sensu
1368 1571 1718 1643 propheticus
1741 1588 1852 1627 non
1883 1581 1986 1642 est,
2017 1572 2158 1629 sicut
2187 1571 2522 1645 propheticis
2545 1587 2658 1627 non
2686 1570 2864 1627 adnu-

334 1669 620 1717 merantur
647 1658 773 1715 libri
809 1659 1075 1725 historici,
1108 1660 1164 1714 in
1192 1659 1391 1731 quibus
1416 1659 1671 1715 vaticinia
1701 1660 1984 1717 interdum
2010 1660 2344 1717 referuntur.
2374 1661 2632 1717 Ceterum
2665 1667 2866 1715 auctor

335 1765 400 1805 ex
439 1747 789 1803 salomonicis
824 1747 975 1802 libris
1012 1747 1274 1819 pleraque
1311 1744 1558 1803 hausisse
1613 1755 1764 1803 recte
1803 1748 2006 1805 dicitur
2043 1748 2232 1821 (insi-a
2271 1754 2326 1811 4)
2367 1764 2433 1804 ac
2471 1747 2634 1820 proin
2673 1747 2860 1803 titulo.

336 1852 503 1907 quem
530 1832 887 1890 alexandrina
912 1832 1080 1889 editio
1109 1835 1555 1907 antiquioresque
1578 1836 1858 1891 versiones
1879 1836 2117 1893 retinent
2139 1836 2476 1908 (Sapientia
2497 1835 2870 1897 Salomonis).

336 1924 605 1994 originem
634 1922 870 1977 vaticinii
898 1920 1281 1979 manifestavit.

404 2011 719 2067 Clausulam
756 2010 896 2065 libro
933 2008 1123 2065 deesse
1168 2011 1404 2065 coniecit
1440 2016 1512 2066 A.
1563 2012 1812 2075 calmet,
1851 2012 1944 2083 qui
1975 2021 2088 2067 tres
2119 2011 2316 2068 modos
2349 2012 2623 2085 proponit,
2659 2010 2864 2083 quibus

336 2116 474 2171 opus
505 2107 633 2169 apte
666 2098 951 2154 terminari
986 2113 1143 2168 posse
1175 2106 1359 2169 putat;
1397 2107 1658 2169 quartum
1691 2099 1918 2155 modum
1954 2100 2047 2157 alii
2083 2086 2426 2173 proponu'r’m
2467 2099 2562 2155 sed
2603 2100 2862 2171 quintum

337 2186 501 2259 elegit
528 2187 642 2257 ipse
669 2194 861 2241 auctor
890 2185 1083 2243 ultimo
1114 2202 1273 2243 versu
1307 2200 1583 2241 summam
1609 2188 1766 2258 quasi
1794 2202 2105 2259 proponens
2139 2187 2311 2243 totius
2349 2186 2612 2243 historiae
2642 2186 2861 2241 israeli-

336 2276 507 2343 ticae,
538 2275 741 2345 quippe
776 2290 916 2345 quae
945 2272 1153 2345 integra
1182 2274 1255 2328 sit
1283 2273 1690 2331 commendatio
1715 2276 2034 2347 sapientiae.

409 2360 867 2432 interpolationes
897 2361 1225 2417 christianae
1257 2362 1611 2417 inveniuntur
1642 2364 1698 2417 in
1729 2368 1886 2431 2,24;
1931 2370 2085 2432 3,13;
2126 2370 2240 2429 4,1.
2275 2369 2337 2429 ⁷3
2378 2368 2529 2432 14,⁷;
2557 2370 2614 2417 at
2645 2362 2860 2417 doctri-

338 2466 441 2507 nae
478 2450 587 2505 illis
628 2448 689 2503 in
728 2448 864 2504 locis
906 2450 1219 2520 propositae
1252 2450 1441 2528 procul
1483 2449 1652 2505 dubio
1693 2466 1725 2505 a
1765 2450 2088 2506 Christianis
2125 2450 2514 2513 admittuntur,
2559 2466 2592 2505 a
2637 2449 2861 2505 iudaieo

337 2548 525 2595 autem
550 2536 815 2608 scriptore
844 2536 1113 2607 inspirato
1140 2536 1288 2592 tradi
1318 2545 1634 2608 potuerunt.
1665 2537 1884 2594 Diaboli
1919 2537 2189 2595 invidiam
2223 2546 2462 2593 mortem
2497 2538 2556 2593 in
2583 2535 2860 2593 mundum

338 2627 604 2683 invexisse
634 2629 829 2693 (224),
860 2625 972 2681 iam
1000 2632 1219 2680 constat
1244 2640 1310 2680 ex
1342 2627 1479 2681 Gen.
1526 2630 1610 2693 3.;
1643 2625 1883 2695 castitas,
1913 2624 1984 2681 de
2025 2642 2134 2697 qua
2174 2626 2426 2697 proxime
2450 2632 2624 2697 agunt
2649 2631 2782 2694 3,13
2808 2634 2867 2679 ει

340 2720 449 2784 4,1,
474 2714 641 2769 etiam
670 2712 886 2770 Iudaeis
915 2721 1036 2767 erat
1064 2710 1431 2776 observanda;
1463 2712 1686 2781 iustum,
1718 2713 1932 2767 etiamsi
1955 2722 2132 2768 morte
2159 2721 2512 2785 praematura
2533 2712 2856 2784 abripiatur,

339 2802 586 2874 requiem
609 2816 727 2857 esse
754 2800 1109 2856 inventurum
1138 2802 1293 2868 (4,7),
1323 2800 1572 2872 profecto
1601 2799 1790 2855 Iudaei
1818 2816 1927 2855 non
1949 2808 2181 2873 negant3
2215 2808 2270 2857 et
2295 2816 2396 2855 cur
2424 2799 2662 2856 Iudaeus
2685 2799 2859 2857 bene-

340 2892 546 2947 dictam
576 2904 773 2945 vocare
808 2904 921 2944 non
948 2888 1127 2960 potuit
1170 2902 1384 2955 arcam,
1418 2904 1530 2959 qua
1565 2888 1740 2943 iustus
1774 2891 1928 2943 Deus
1964 2889 2116 2963 pium
2160 2890 2278 2943 Noe
2326 2887 2701 2961 familiamque
2747 2888 2862 2943 eius

340 2979 573 3035 servavit
602 2979 811 3045 (14,7)?

416 3132 475 3189 3.
503 3162 577 3173 --
610 3128 895 3187 Graecum
928 3142 1063 3185 esse
1090 3124 1538 3203 primigenium
1567 3125 1711 3185 libri
1741 3126 2094 3203 Sapientiae
2119 3130 2393 3199 textum,
2415 3131 2586 3186 recte
2615 3127 2744 3186 iam
2773 3144 2858 3185 as-

341 3226 535 3287 seruit
561 3224 625 3284 S.
658 3220 1059 3302 Hieronymus
1088 3225 1150 3283 et
1173 3224 1391 3281 tenent
1416 3226 1660 3281 tantum
1689 3238 1816 3281 non
1841 3238 2058 3282 omnes
2086 3222 2482 3300 interpreteS.

415 3366 441 3397 α
472 3344 657 3412 Liber,
686 3344 779 3416 qui
804 3342 1083 3413 Sapientia
1110 3341 1417 3398 Salomonis
1440 3342 1776 3407 inscribitur,
1807 3341 1956 3414 apud
1981 3341 2265 3399 Hebraeos
2292 3358 2568 3414 nusquam
2591 3352 2701 3409 est,
2732 3343 2857 3414 quin

342 3442 397 3489 et
422 3434 538 3505 ipse
564 3432 737 3503 stylus
759 3446 1013 3501 graecam
1040 3431 1416 3501 eloquentiam
1443 3428 1660 3485 redolet
1689 3451 1740 3485 ».
1769 3430 1978 3500 Quibus
2003 3429 2182 3486 verbis
2200 3432 2257 3486 S.
2288 3430 2659 3503 Hieronymus
2685 3430 2854 3499 (ΡΙ-01.

340 3522 397 3581 in
419 3521 479 3576 ll.
505 3520 737 3592 Salom.)
760 3518 872 3573 duo
890 3534 1117 3591 graecae
1137 3518 1361 3589 originis
1384 3526 1705 3589 argumenta
1733 3516 1928 3573 innuit.
1955 3518 2174 3574 Etenim
2199 3517 2337 3573 liber
2357 3526 2564 3588 noster,
2593 3518 2642 3574 si
2669 3533 2856 3574 secun·

340 3608 476 3665 dum
502 3622 809 3679 paucorum
832 3606 1159 3662 sententiam
1190 3604 1441 3661 hebraice
1469 3622 1502 3661 a
1530 3606 1826 3663 Salomone
1850 3606 1968 3675 ipso
1993 3614 2138 3661 esset
2164 3606 2532 3677 conscriptuS,
2562 3606 2621 3661 in
2647 3620 2860 3661 canone

342 3694 817 3769 palaestinensium
853 3693 1181 3751 ludaeorum
1214 3709 1327 3749 non
1353 3691 1598 3761 deesset3
1631 3693 1849 3765 gravius
1885 3702 2068 3748 autem
2097 3694 2334 3749 alterum
2365 3701 2449 3749 est
2473 3702 2856 3767 argumentum

343 3801 409 3840 ex
446 3783 625 3855 operis
652 3783 837 3853 lingua
866 3782 1119 3853 styloque
1146 3782 1481 3836 desumtum.
1510 3781 2011 3852 Frequentissimae
2049 3782 2196 3837 enim
2232 3782 2493 3855 leguntur
2529 3796 2856 3851 paronoma-

341 3872 475 3939 siae,
495 3870 891 3940 homoeoptota
914 3870 1164 3941 aliaeque
1190 3867 1485 3924 verborum
1513 3866 1742 3940 figurae,
1771 3884 1912 3941 quae
1937 3867 2293 3924 nec‘fortuito
2321 3870 2522 3925 exoriri
2548 3884 2652 3924 nec
2675 3868 2748 3925 ab
2773 3868 2858 3923 in·-

342 3967 613 4030 terprete,
645 3958 749 4013 nisi
784 3965 997 4013 textum
1026 3956 1315 4013 arbitrario
1340 3954 1505 4011 modo
1534 3954 1770 4012 reddere
1797 3956 1990 4025 voluit,
2021 3955 2267 4012 studiose
2299 3956 2466 4011 inseri
2495 3956 2852 4027 potuerunt²;

342 4048 519 4102 multa
544 4062 764 4118 quoque
804 4044 1154 4100 inveniuntur
1180 4043 1445 4100 vocabula
1474 4042 1804 4114 composita,
1834 4059 1973 4116 quae
2013 4042 2268 4099 hebraice
2299 4044 2387 4099 vix
2426 4042 2586 4100 reddi
2611 4050 2856 4115 possunt,

344 4134 558 4205 aliaque
598 4150 738 4205 quae
766 4132 1104 4188 Graecorum
1134 4131 1413 4187 doctrinas
1450 4132 1698 4203 cognitas
1740 4130 2117 4201 supponunt⁸3
2149 4132 2264 4204 ipsa
2310 4130 2538 4187 demum
2576 4141 2856 4187 construc-

408 4338 474 4398 (2)
503 4340 663 4399 Supra
684 4350 733 4386 n.
766 4342 808 4386 1.
830 4336 999 4399 aliqua
1017 4335 1243 4399 exempla
1266 4350 1329 4385 cx
1346 4330 1504 4384 altera
1529 4338 1672 4398 parte
1690 4333 2051 4396 desumsimus;
2075 4334 2422 4397 frequentiora
2443 4339 2566 4385 sunt
2587 4334 2642 4384 in
2663 4334 2852 4398 priore:

354 4420 425 4475 1,1
456 4416 742 4477 ἀγαπήσατε
776 4443 839 4452 -
865 4417 1126 4478 φρονήσατε
1161 4441 1224 4451 -
1256 4415 1303 4465 ἂν
1332 4416 1588 4474 ἀγαθότητι
1623 4416 1704 4463 καὶ
1745 4416 1793 4464 ἐν
1825 4414 2057 4470 ἁπλότητι
2093 4441 2154 4450 -
2180 4416 2434 4475 ζητήσατε,
2471 4421 2547 4471 1,2
2571 4414 2855 4479 πειράζονσιν

349 4522 411 4532 -
435 4496 735 4553 ἀπιστοῦσιν,
770 4500 845 4554 1,4
872 4496 943 4543 ὅτι
972 4494 1050 4551 οὓς
1077 4521 1139 4531 -
1165 4497 1245 4544 καὶ
1274 4498 1409 4559 θροῦς
1439 4498 1533 4543 etc.
1566 4497 1660 4542 etc.

412 4572 479 4638 (3)
509 4573 593 4625 cfr
621 4588 672 4623 n.
704 4580 740 4624 1.
772 4572 959 4637 quibus
986 4573 1112 4623 adde
1144 4578 1220 4632 m
1245 4572 1559 4636 κακότεχνος,
1595 4578 1673 4631 1‚6
1701 4574 2044 4638 φιλάνθρωπος,
2077 4580 2156 4632 2‚2
2195 4574 2543 4639 αὐτοσχεδίως,
2575 4578 2689 4631 2,10
2720 4572 2850 4621 πολυ-
