3050 5184
519 329 718 372 cason
757 329 898 376 novt
939 331 1104 375 resr.
1151 303 1430 376 exsusrs
1472 331 1633 375 saec,
1679 318 1740 375 2.
1788 333 1865 376 m·
1906 319 1964 377 3.
2012 331 2290 376 martura.
2604 317 2677 374 41

177 473 438 514 numerum
469 475 654 531 neque
685 461 829 516 iuter
857 462 1136 534 apostolos
1161 462 1220 518 in
1251 461 1418 518 finem
1456 471 1773 534 temporum
1803 483 1827 514 ι
1862 462 2043 518 locum
2077 463 2283 520 habere
2322 464 2513 533 possit.
2546 461 2682 530 Qui-

178 545 258 598 bus
285 545 460 602 verbis
492 546 671 604 elucet
703 551 896 621 ingens
931 547 1258 617 discrimen,
1290 550 1439 622 quod
1478 552 1709 608 eeclesia
1742 566 1973 607 romana
2006 552 2201 608 statuit
2232 551 2377 606 inter
2405 549 2575 608 libros
2598 565 2682 606 sa-

175 649 299 700 eros,
327 635 418 705 qui
449 635 668 706 publice
705 635 960 693 fidelibus
1001 637 1344 710 legebantur,
1371 639 1633 710 interque
1672 637 1845 696 libros
1863 679 1877 707 ,
1910 639 2005 711 qui
2034 639 2285 711 quamvis
2320 640 2430 695 sint
2470 637 2601 694 boni
2629 645 2683 692 et

175 721 308 776 utiles
325 729 516 778 tamen
542 723 615 780 ob
641 740 797 781 mere
819 724 1124 782 humanam
1151 742 1311 782 suam
1333 727 1601 800 originem
1632 727 1877 799 privatae
1894 727 1999 784 soli
2021 727 2247 784 lectioni
2270 727 2532 782 inservire
2560 739 2681 798 pos-

173 817 292 864 sunt.
333 815 408 866 At
453 812 620 869 simul
661 829 730 870 ex
769 813 976 876 iisdem,
1011 813 1191 871 verbis
1217 822 1394 886 patet,
1428 831 1693 872 romanae
1720 815 1985 872 ecclesiae
2029 830 2353 886 persuasum
2395 813 2590 881 fuisse,
2622 829 2683 870 se

175 899 434 970 inteqrum
487 902 713 956 Veteris
759 903 908 958 Test.
959 918 1230 960 canonem
1275 902 1557 974 possidere
1602 907 1654 970 (α
1698 904 1843 960 inter
1889 904 2285 974 prophetarum
2330 902 2683 974 completum

175 1001 432 1044 numerum
461 993 544 1056 ι),
574 997 633 1044 at
659 989 894 1046 eandem
921 989 1313 1048 certitudinem
1346 1005 1472 1048 eam
1497 990 1749 1047 nondum
1778 991 2037 1048 habuisse
2060 990 2131 1047 de
2154 992 2305 1046 Novi
2330 993 2477 1046 Test.
2510 989 2681 1046 colle-

173 1073 348 1138 ctione,
375 1077 586 1148 quippe
615 1093 758 1149 quae
785 1079 1059 1150 completa
1086 1095 1206 1136 esse
1231 1095 1346 1136 non
1374 1089 1673 1146 asseratur,
1703 1087 1761 1134 et
1782 1079 1843 1135 in
1866 1096 1975 1152 qua
2001 1079 2141 1136 liber
2172 1077 2379 1146 adfuit,
2404 1076 2681 1149 Apocaly-

175 1162 439 1233 psisPetri‚
487 1183 514 1216 ι
557 1180 727 1236 quam
772 1165 1000 1238 quidam
1044 1182 1112 1222 ex
1156 1167 1360 1222 nostris
1405 1167 1512 1245 legi
1554 1165 1612 1222 in
1657 1168 1883 1224 ecclesia
1928 1168 2129 1222 nolunt
2152 1187 2201 1222 ³».
2233 1168 2409 1222 Porro
2449 1173 2683 1236 quatuor

176 1249 341 1306 classes
383 1251 664 1308 librorum
703 1253 762 1309 in
805 1252 1114 1326 fragmento
1152 1253 1565 1328 distinguuntur
1607 1259 1691 1322 a.)
1734 1270 1927 1311 eorum
1946 1295 1959 1321 ,
2005 1254 2099 1326 qui
2124 1254 2194 1311 ab
2240 1253 2497 1310 omnibus
2542 1251 2685 1308 sacri

181 1335 312 1392 babiti
349 1337 609 1410 publicae
634 1341 866 1396 lectioni
893 1342 1108 1400 cunctis
1143 1341 1578 1414 approbantibus
1618 1343 2013 1410 inservierunt,
2048 1341 2123 1413 b.)
2164 1357 2388 1409 eorum,
2436 1340 2531 1412 qui
2556 1340 2685 1394 licet

179 1423 356 1481 interim
383 1425 460 1484 ad
503 1429 783 1500 publicam
817 1429 1110 1486 lectionem
1153 1429 1377 1488 admissi
1403 1431 1655 1486 omnium
1700 1430 1961 1502 suffragia
2004 1445 2117 1484 non
2161 1431 2403 1485 tulerant
2447 1426 2683 1498 ideoque

179 1511 336 1571 dubiae
367 1525 536 1572 erant
572 1517 944 1585 auctoritatis,
969 1519 1036 1590 c.)
1069 1533 1262 1574 eorum
1278 1561 1291 1586 ,
1321 1517 1414 1589 qui
1453 1519 1709 1589 quamvis
1738 1517 1927 1586 utiles,
1952 1533 2123 1589 quum
2162 1517 2229 1574 ab
2262 1516 2542 1588 Apostolis
2570 1529 2683 1570 non

177 1611 322 1658 essent
347 1603 567 1670 traditi,
593 1621 626 1660 a
655 1605 874 1677 publica
897 1606 1133 1663 lectione
1161 1605 1615 1668 excludebantur,
1642 1605 1723 1678 d.)
1754 1620 1967 1674 eorum,
2000 1621 2032 1662 a
2057 1621 2297 1677 quorum
2324 1605 2437 1662 sive
2466 1603 2681 1674 publica

179 1689 266 1744 sive
289 1691 502 1759 privata
542 1693 782 1748 lectione
819 1709 1044 1765 prorsus
1072 1703 1194 1754 erat
1219 1693 1637 1762 abstinendum,
1664 1694 1791 1766 quia
1820 1693 2129 1751 haereticae
2155 1701 2317 1749 erant
2342 1691 2587 1762 originis.
2618 1691 2681 1746 ln

181 1779 324 1844 prima
371 1789 568 1836 autem
607 1782 780 1838 classe
820 1783 1032 1839 cunctis
1066 1781 1366 1840 fatentibus
1408 1791 1767 1838 recensentur
1806 1790 1993 1838 nostra
2028 1788 2285 1855 quatuor
2323 1777 2679 1851 Evanqelia,

175 1869 322 1922 Actus
365 1873 600 1940 Aposl„
649 1885 844 1926 omnes
890 1871 1178 1942 epistolae
1223 1869 1410 1926 Pauli
1461 1873 1711 1942 (excepta
1754 1869 1850 1926 illa
1894 1871 1979 1926 ad
2018 1870 2243 1940 Hebr.),
2292 1866 2683 1939 Apocalypsis

175 1954 218 2007 S.
238 1957 492 2012 loannis.
523 1958 610 2012 Ex
637 1957 922 2014 catholicis
963 1958 1204 2028 epistolis
1245 1966 1458 2015 certum
1489 1967 1601 2027 est,
1634 1959 1907 2013 recenseri
1935 1959 2227 2029 epistolam
2264 1947 2471 2012 Iudae
2491 1962 2548 2010 et
2581 1944 2683 2009 sal-

175 2047 264 2095 tem
285 2043 438 2100 duas
469 2047 740 2112 Ioannis,·
768 2045 1104 2116 probabilius
1132 2049 1318 2102 autem
1346 2052 1466 2102 tres
1492 2046 1741 2102 Ioannis
1788 2045 2163 2112 nominantur,
2194 2044 2453 2116 quoniam
2484 2043 2681 2114 prima,

177 2143 289 2197 quae
307 2147 414 2186 una
443 2147 578 2188 cum
601 2133 900 2205 Evangelio
928 2140 1411 2202 commemoratur,
1445 2133 1707 2204 distingui
1740 2133 1967 2188 omnino
1996 2132 2213 2189 videtur
2238 2147 2269 2188 a
2297 2131 2511 2187 duabus
2540 2130 2679 2197 aliis,

175 2230 290 2284 quae
313 2228 500 2290 postea
532 2240 560 2271 α
589 2219 674 2276 uti
715 2221 989 2291 Sapientia
1016 2221 1326 2278 Salomonis
1355 2221 1424 2278 ab
1455 2221 1571 2277 eius
1616 2221 1807 2277 amicis
1853 2222 1909 2278 in
1936 2221 2054 2276 eius
2102 2220 2369 2276 honorem
2400 2239 2422 2270 ι
2453 2233 2682 2288 compo·-

177 2303 288 2359 sitae
319 2305 636 2364 dicuntur².
681 2311 876 2380 ltaque
917 2317 1137 2380 praeter
1175 2325 1262 2382 ep.
1309 2309 1379 2366 ad
1425 2309 1599 2366 Hebr.
1644 2309 1794 2366 solae
1831 2309 2344 2381 praetermittuntur
2386 2306 2590 2362 iacobi
2630 2313 2695 2370 et,

177 2391 306 2448 duae
325 2397 490 2452 Petri
519 2396 808 2465 epistolae,
835 2396 892 2452 id
923 2397 1072 2469 quod
1103 2413 1168 2452 eo
1190 2398 1366 2470 magis
1387 2405 1470 2452 est
1497 2397 1723 2464 mirum,
1756 2397 2021 2468 quoniam
2042 2395 2267 2452 aliunde
2296 2403 2543 2460 constat,
2570 2393 2682 2450 sal-

177 2487 266 2534 tem
289 2483 528 2554 priorem
559 2485 713 2539 Petri
736 2492 792 2540 et
818 2483 1004 2540 Iacobi
1028 2484 1286 2554 epistolas
1315 2499 1380 2540 ea
1404 2493 1583 2540 aetate
1614 2484 1667 2540 in
1698 2484 1929 2540 ecclesia
1954 2499 2185 2539 romana
2217 2481 2383 2538 fuisse
2414 2489 2680 2552 receptas

178 2565 227 2620 ld
255 2571 388 2626 enim
421 2573 739 2628 luculenter
767 2579 1004 2629 testatur
1039 2577 1301 2628 Hermae
1327 2576 1567 2638 Pastor,
1599 2572 1693 2645 qui
1720 2572 1793 2628 ad
1830 2571 1950 2627 illas
1969 2614 1984 2639 ,
2018 2571 2099 2626 uti
2127 2569 2198 2626 ad
2227 2572 2521 2642 plerosque
2550 2569 2687 2624 alios

179 2655 290 2711 Noti
314 2660 457 2714 Test.
490 2659 668 2715 libros
693 2659 992 2716 clarissime
1019 2668 1075 2715 et
1101 2659 1420 2732 frequenter
1445 2649 1663 2716 alludit.
1694 2662 2044 2731 Quapropter
2069 2657 2509 2714 muratorianum
2539 2659 2684 2728 frag·

179 2753 392 2802 mentum
419 2764 486 2802 ex
511 2750 762 2816 Pastore,
791 2749 887 2819 qui
915 2749 1058 2804 circa
1088 2747 1240 2804 idem
1260 2757 1478 2820 tempus
1503 2749 1566 2804 in
1596 2749 1753 2805 Italia
1774 2748 2041 2819 scriptum
2068 2754 2171 2816 est,
2202 2746 2543 2816 complentes
2568 2745 2685 2800 iure

178 2828 407 2903 dicemuS,
451 2851 720 2892 romanae
762 2835 1019 2892 ecclesiae
1065 2845 1300 2892 exeunte
1327 2853 1471 2892 saec.
1516 2843 1573 2893 2.
1618 2835 1757 2892 duos
1800 2843 2016 2890 tantum
2058 2833 2227 2890 libros
2276 2831 2364 2903 (ad
2402 2832 2597 2900 Hebr.,
2628 2837 2679 2886 2.

179 2918 310 2987 Petri)
356 2921 616 2989 defuisse,
667 2922 763 2979 sed
810 2940 930 2979 eam
977 2939 1153 2980 unum
1198 2924 1607 2996 apocryphum,
1651 2922 2023 2996 Apocalypsin
2067 2921 2251 2990 Petri,
2298 2921 2495 2976 saltem
2538 2920 2688 2977 velut

179 3003 394 3074 dubium,
425 3011 496 3066 ad
525 3011 818 3066 lectionem
847 3010 1121 3083 publicam
1147 3012 1449 3069 admisisse.

245 3178 293 3233 5.
321 3211 396 3220 -—
425 3181 704 3238 Exeunte
738 3195 898 3238 saec.
935 3183 991 3238 2.
1037 3185 1101 3246 et
1144 3180 1398 3240 ineunte
1425 3197 1590 3240 saec.
1636 3182 1694 3240 3.
1730 3180 1901 3241 idem
1930 3179 2061 3238 fere
2088 3194 2320 3249 canon,
2352 3177 2464 3254 qui
2488 3193 2664 3236 roma

183 3286 299 3340 nae,
323 3275 508 3334 etiam
536 3274 802 3352 reliquis
821 3275 945 3335 fuit
969 3275 1250 3336 ecclesiis
1275 3276 1792 3337 occidentalibus,
1820 3277 2169 3336 ArchNAn
2190 3273 2358 3334 enim
2390 3273 2685 3333 ecclesiae

185 3367 320 3428 solas
366 3371 642 3442 defuisse
699 3373 1000 3448 epistolas
1055 3374 1138 3432 ad
1191 3371 1414 3443 Hebr„
1461 3372 1693 3446 iacobi,
1744 3376 1780 3432 2
1840 3375 2041 3444 Petri,
2088 3387 2165 3431 ex
2214 3369 2573 3430 Tertulliani
2625 3377 2689 3430 et

185 3463 236 3522 S.
270 3463 555 3546 Cypriani
597 3469 978 3528 testimoniis
1020 3469 1376 3546 colligitur3
1411 3469 1520 3528 sed
1558 3469 1976 3530 Tertullianus
2006 3468 2196 3527 simul
2230 3471 2515 3538 testatur,
2551 3467 2685 3543 epi-

193 3561 386 3624 stolam
407 3565 486 3626 ad
515 3565 705 3624 Hebr.
741 3582 778 3626 a
800 3583 926 3624 non
956 3567 1172 3642 paucis
1203 3565 1488 3626 ecclesiis
1517 3583 1592 3626 eo
1622 3571 1905 3643 tempore
1936 3581 2073 3625 esse
2102 3569 2445 3641 receptam.
2480 3565 2679 3622 GALu·

193 3673 356 3720 mssa
380 3665 590 3722 autem
621 3661 960 3740 ecelesiae,
991 3662 1166 3723 cuius
1195 3662 1420 3723 unicus
1456 3663 1634 3722 testis
1664 3669 1761 3722 est
1785 3664 1851 3722 S.
1887 3662 2205 3733 Irenaeus,
2247 3665 2519 3738 quatuor
2540 3659 2685 3718 libri

191 3751 276 3812 {ad
304 3757 509 3832 Hebr.,
529 3758 766 3830 iacobi,
789 3761 826 3818 2
847 3757 1048 3831 Petri,
1074 3759 1285 3840 Iudae)
1311 3760 1587 3820 defuisse
1614 3758 1931 3829 videntur,
1960 3765 2148 3836 atque
2184 3758 2249 3816 in
2285 3758 2421 3817 eius
2453 3773 2687 3816 canone

194 3851 353 3913 etiam
381 3855 582 3917 adfuit
607 3855 770 3916 liber
799 3871 928 3915 non
959 3855 1332 3934 inspiratus»,
1366 3873 1452 3916 sc.
1485 3856 1704 3916 Pastor
1732 3859 2015 3916 Hermae.

249 3965 324 4020 Ad
347 3966 584 4040 integrae
627 3968 888 4024 ecclesiae
935 3968 1286 4024 occidentalis
1328 3985 1598 4025 canonem
1630 3967 2071 4041 cognoscendum
2120 3968 2341 4040 egregio
2371 3965 2689 4022 adiumento

197 4050 326 4108 nobis
365 4053 504 4112 soret
531 4056 755 4128 antiqua
794 4059 986 4113 versio
1035 4055 1264 4124 latina,
1305 4072 1447 4128 quae
1481 4073 1624 4113 saec.
1671 4062 1728 4112 2.
1771 4063 1960 4112 exorta
1994 4065 2107 4122 est;
2142 4054 2241 4112 sed
2275 4055 2547 4110 incertum
2586 4061 2686 4118 est,

199 4150 306 4194 num
345 4141 410 4198 ab
449 4144 604 4200 initio
647 4160 838 4201 omnes
881 4146 1052 4201 libros
1108 4144 1466 4214 continuerit3
1517 4145 1705 4216 itaque
1753 4144 1901 4200 solos
1950 4143 2245 4214 scriptores
2296 4139 2693 4196 ecclesiasticos

201 4221 318 4282 illius
344 4233 531 4288 aetatis
562 4233 713 4288 velut
737 4241 904 4288 testes
931 4240 1112 4290 certos
1136 4232 1303 4288 citare
1333 4247 1643 4304 possumus,
1670 4233 1794 4287 lam
1820 4246 1951 4286 vero
1990 4230 2395 4286 Tertullianus
2421 4243 2690 4298 nusquam

253 4419 307 4482 (²)
331 4424 598 4476 Secundae
631 4422 780 4474 classi
803 4424 1110 4475 adscribitur
1141 4423 1249 4474 sola
1283 4423 1608 4487 Apocalypsis
1638 4423 1802 4482 Petri,
1833 4424 2027 4474 tertiae
2064 4421 2205 4472 solus
2231 4422 2415 4470 Pastor
2450 4423 2689 4480 Hermae;

208 4503 396 4557 stortae
419 4507 616 4567 praeter
644 4503 772 4553 duas
802 4505 1109 4568 apocryphas
1140 4503 1288 4554 Pauli
1315 4503 1559 4566 epistolas
1598 4504 1655 4552 ad
1686 4502 2013 4552 Laodicenses
2045 4504 2099 4552 et
2134 4499 2505 4550 Alexandrinos
2535 4498 2693 4563 aliqui

207 4569 298 4696 51ῗί
315 4575 664 4703 aher-eticorum
691 4583 984 4642 Marcionis,
1013 4583 1248 4634 Basilidis
1279 4586 1376 4633 etc.
1405 4581 1495 4632 cfr
1525 4585 1909 4646 Fraqmentum
1938 4583 2378 4632 muratorianam
2410 4580 2463 4629 in
2494 4581 2691 4642 Appen·

271 4663 294 4698 Θ
361 4693 371 4705 .
