3050 5184
692 373 769 418 nn
809 373 1039 418 nuAnus
1080 371 1369 417 nrisrous
1408 373 1466 416 n.
1512 371 1694 416 verm
1739 372 2049 416 Apos’rou.
2518 355 2634 414 595

176 505 399 561 Cuinam
422 503 592 562 aetati
618 504 845 576 epistola
874 502 1013 560 haec
1040 505 1113 558 sit
1138 501 1523 573 adscribenda,
1549 503 1927 560 rationalistae
1953 503 2158 560 iterum
2182 504 2464 572 ignorant;
2495 500 2634 556 alius

114 607 229 648 eam
257 591 503 648 attribuit
534 591 903 664 persecutioni
941 591 1271 658 Domitiani,
1313 591 1453 648 alius
1487 591 1674 660 initio,
1706 591 1847 648 alius
1879 591 1979 646 fini
2023 591 2180 663 regni
2215 589 2466 656 Traiani,
2495 589 2635 644 alius

115 680 337 751 tempori
362 681 627 736 Antonini
650 679 731 735 Pii
754 688 861 735 etc.
886 683 1052 736 Petro
1080 687 1265 736 autem
1296 695 1423 736 eam
1447 677 1874 736 abiudicandam
1903 694 2022 736 esse
2043 679 2370 750 praeprimis
2387 682 2630 738 censent,

116 769 233 838 quia
256 768 465 824 laciniis
490 767 723 839 paulinis
747 776 990 836 constet,
1012 767 1185 822 immo
1205 767 1324 822 eius
1352 774 1546 822 auctor
1573 766 1788 838 aliquas
1813 767 2070 838 epistolas
2098 765 2200 821 suh
2226 765 2452 820 nomine
2478 761 2634 820 Pauli

118 863 225 924 post
261 853 377 910 eius
416 863 656 909 mortem
696 853 961 910 confictas
1004 851 1337 910 adhibuerit.
1378 855 1437 909 S.
1466 854 1697 910 Petrum
1725 868 1916 909 revera
1957 853 2252 908 nonnullas
2295 851 2521 923 phrases
2545 849 2632 904 vel

116 942 481 1012 expressiones
508 941 773 1012 epistolae
797 939 869 996 ad
896 939 1101 1011 pres,
1132 939 1476 1006 adhibuisse,
1506 939 1707 1013 quibus
1743 957 1873 996 suas
1897 939 2052 996 ideas
2076 939 2326 1007 vestiret,
2357 955 2470 994 non
2505 946 2634 992 tan-

118 1038 221 1084 tum
247 1044 360 1085 non
382 1043 652 1100 negamus
678 1028 772 1085 sed
803 1028 1125 1096 asserimus;
1153 1028 1427 1100 integram
1460 1036 1649 1084 autem
1677 1027 1966 1100 epistolam
1993 1027 2208 1084 laciniis
2233 1026 2469 1098 paulinis
2497 1039 2635 1080 con-

116 1126 246 1172 stare
266 1125 433 1188 atque
457 1115 717 1188 epistolas
741 1123 867 1188 post
890 1115 1047 1172 Pauli
1069 1124 1307 1171 mortem
1341 1113 1606 1170 confictas
1632 1115 1702 1172 ab
1725 1124 1954 1172 auctore
1983 1114 2246 1187 epistolae
2269 1121 2495 1170 nostrae
2517 1125 2635 1166 esse

116 1203 382 1260 adhibitas
422 1219 717 1276 negamus3
746 1219 901 1260 mera
948 1203 1097 1258 enim
1141 1203 1277 1258 haec
1319 1209 1446 1258 suut
1492 1212 1805 1260 commenta
1847 1203 2242 1258 rationalistica
2258 1243 2274 1269 ‚
2306 1216 2446 1272 quae
2483 1198 2634 1254 omni

116 1291 463 1348 fimdamento
487 1298 696 1347 carent.
722 1293 1017 1346 Praeterea
1039 1298 1287 1358 monent,
1318 1291 1483 1346 Petro
1511 1310 1540 1344 α
1573 1291 1838 1362 Apostolo
1867 1289 2300 1346 circumcisionis
2327 1309 2353 1340 2>
2383 1285 2634 1343 ethnico-

116 1379 417 1436 ehristianis
460 1380 623 1436 Asiae
667 1378 914 1434 ecclesiis
952 1377 1193 1435 scribere
1235 1393 1350 1434 non
1395 1377 1614 1434 licuisse
1628 1421 1644 1448 ,
1689 1379 1748 1434 in
1800 1378 2030 1450 epistola
2075 1376 2446 1432 hierarchiam
2489 1372 2636 1429 Petri

115 1475 277 1522 aetate
299 1467 667 1524 recentiorem
692 1466 956 1538 supponi,
984 1465 1197 1522 nullam
1225 1473 1410 1538 aptam
1434 1469 1602 1523 Petro
1630 1465 1796 1522 ruisse
1819 1464 2093 1523 scribendi
2121 1464 2470 1520 occasionem
2491 1469 2631 1527 etc.;

114 1571 241 1626 quae
270 1556 455 1610 omnia
483 1553 819 1611 refutatione
844 1570 957 1610 non
984 1552 1253 1626 indigent.

182 1717 238 1774 6.
270 1748 351 1758 -
376 1715 476 1776 VI.
506 1715 599 1773 Dr:
637 1715 675 1772 2
704 1715 899 1773 Pm-xu
934 1729 1249 1772 ems-rome
1275 1729 1592 1774 ocusronn
1629 1729 1706 1773 m*
1736 1729 1900 1773 mun.
1936 1711 2149 1773 Paullo
2182 1716 2328 1771 ante
2364 1713 2632 1769 mortem

116 1827 281 1870 suam
300 1812 367 1872 S.
393 1811 615 1870 Petrus
646 1808 875 1869 iisdem
895 1809 1181 1869 ecclesiis
1201 1809 1407 1880 Asiae,
1434 1825 1628 1885 quum
1650 1809 1774 1869 illis
1795 1826 1908 1887 per
1927 1807 2298 1880 haereticoS,
2324 1821 2486 1883 quos
2507 1803 2636 1862 iam

114 1907 491 1968 SS.1acobus
516 1909 579 1966 et
602 1905 781 1965 Iudas
801 1905 1339 1984 impugnaverant,
1362 1921 1667 1982 magnum
1695 1905 2054 1983 periculum
2075 1903 2408 1964 imminere
2439 1899 2633 1960 resci—

116 2005 320 2076 visset,
356 2002 621 2064 alteram
648 2001 983 2079 epistolam
1004 2001 1279 2078 scripsit,
1312 2017 1391 2062 ne
1422 2000 1642 2060 fideles
1673 2001 2120 2078 insipientium
2149 2016 2258 2060 ore
2282 1996 2558 2059 traducti
2600 2011 2639 2054 a

116 2100 355 2177 propria
384 2097 677 2158 firmitate
708 2097 1096 2168 exciderent,
1122 2097 1231 2158 sed
1252 2096 1463 2175 potius
1484 2100 1839 2157 crescerent
1862 2096 1930 2156 in
1951 2095 2156 2174 gratia
2183 2099 2248 2156 et
2275 2093 2634 2171 cognitione

120 2196 359 2256 Domini
392 2195 464 2253 N.
500 2193 561 2273 (2
590 2195 755 2254 Petr.
796 2191 1114 2272 3,1·1.18).

172 2319 419 2373 Exeunte
455 2330 509 2370 a.
548 2321 637 2370 66.
684 2316 767 2371 ve}
805 2315 1031 2371 ineunte
1067 2320 1155 2370 67.
1188 2317 1400 2371 Romae
1438 2315 1676 2371 asiaticis
1718 2316 1964 2372 ecclesiis
1993 2315 2137 2372 hanc
2182 2313 2474 2386 epistolam
2517 2324 2639 2366 esse

114 2405 397 2476 scriptam,
427 2403 779 2458 consentiunt
806 2418 1028 2471 omneS,
1062 2403 1156 2472 qui
1183 2402 1299 2458 eius
1328 2401 1676 2458 authentiam
1703 2401 2004 2459 admittunt
2044 2403 2145 2473 (cfr
2177 2408 2302 2470 1,14
2330 2417 2448 2473 sq.;
2489 2401 2636 2466 3,1);

118 2507 242 2562 quae
270 2505 409 2547 vero
438 2489 715 2546 scribendi
742 2490 957 2546 occasio
986 2488 1155 2545 fuerit
1181 2489 1479 2560 Apostolo‚
1506 2489 1671 2546 docet
1698 2499 2088 2562 argumentum
2119 2490 2188 2546 ab
2219 2507 2284 2546 eo
2318 2498 2636 2546 tractatum.

118 2579 205 2634 Vix
233 2578 483 2635 dubitari
510 2585 719 2648 potest,
746 2578 880 2649 quin
904 2576 1073 2632 iidem
1102 2575 1365 2632 haeretici
1388 2593 1419 2632 a
1444 2577 1542 2634 SS.
1575 2576 1806 2646 Iacobo,
1839 2577 2007 2645 Iuda,
2033 2581 2197 2633 Petro
2220 2578 2636 2649 impugnentur,

117 2674 167 2720 at
186 2683 297 2722 non
326 2663 567 2720 eandem
596 2665 889 2720 haereseos
914 2665 1187 2720 rationem
1213 2678 1347 2736 prae
1376 2665 1549 2720 oculis
1579 2663 1892 2721 habuerunt
1920 2675 2034 2721 tres
2055 2665 2332 2736 Apostoli.
2363 2666 2429 2719 ln
2454 2663 2640 2720 lacobi

116 2754 331 2824 epistola
364 2751 633 2807 habemus
664 2751 1040 2807 antinomismi
1071 2751 1254 2820 initia,
1281 2751 1505 2824 quando
1533 2751 1690 2808 Pauli
1714 2752 2026 2808 doctrinam
2051 2751 2123 2808 de⁴
2152 2752 2456 2808 cessatione
2481 2751 2642 2823 Legis

118 2843 246 2897 maie
273 2842 712 2910 interpretantes
736 2839 982 2911 perversi
1007 2839 1265 2894 homines
1289 2838 1575 2895 sententiis
1599 2840 1835 2911 paulinis
1862 2839 1937 2896 ad
1965 2839 2362 2910 pervertendos
2387 2839 2643 2894 homines

114 2928 251 2985 abuti
285 2925 518 3000 quidem
554 2934 877 2998 coeperant,
912 2935 965 2982 at
1000 2934 1177 2982 totam
1213 2942 1369 2982 suam
1398 2928 1812 2999 perversitatem
1838 2926 2090 2984 nondum
2118 2925 2632 2983 manifestaveram.

120 3015 417 3079 Haeretici,
450 3029 589 3086 quos
618 3011 785 3070 ludas
812 3014 1128 3085 impugnat,
1157 3013 1479 3071 theoreticis
1507 3015 1616 3070 illis
1644 3012 2071 3072 deductionibus
2097 3031 2212 3070 non
2241 3014 2490 3070 contenti
2519 3029 2643 3085 pra-

117 3119 228 3158 vam
244 3102 562 3160 doctrinam
582 3101 638 3156 in
658 3100 869 3172 praxim
888 3101 999 3156 iam
1020 3099 1380 3169 deduxerant,
1404 3111 1572 3173 atque
1592 3101 1860 3171 exemplis
1881 3117 1996 3158 non
2021 3101 2223 3171 minus,
2247 3118 2414 3174 quam
2441 3101 2640 3170 verbiS,

115 3189 293 3247 fideles
315 3188 661 3259 seducebant
686 3190 851 3245 simul
874 3188 1044 3244 etiam
1071 3188 1273 3245 Christi
1300 3187 1646 3246 divinitatem
1671 3197 1937 3262 negantes
1963 3190 2116 3262 (lud.
2146 3196 2210 3258 4;
2240 3196 2273 3246 2
2299 3194 2457 3246 Petr.
2488 3195 2643 3260 1,16;

116 3279 240 3349 2,1).
276 3279 367 3334 Ut
404 3276 577 3344 divini
614 3291 744 3332 vero
781 3275 970 3332 iudicii
1004 3277 1199 3345 miniS,
1230 3292 1368 3348 quas
1396 3279 1451 3334 S.
1486 3275 1652 3332 Iudas
1685 3277 1766 3333 cis
1802 3286 2197 3348 proposuerat,
2230 3277 2496 3350 neophyti
2532 3293 2646 3334 non

114 3373 470 3432 terrerentur,
502 3363 670 3420 iidem
704 3363 965 3420 haeretici
1002 3363 1234 3419 ulterius
1270 3365 1539 3436 progressi
1578 3363 1885 3420 secundum
1917 3364 2120 3421 Christi
2147 3363 2450 3421 adventum
2479 3373 2536 3422 et
2557 3364 2646 3422 fu-

114 3463 289 3514 turum
326 3451 596 3508 iudicium
632 3450 871 3507 ludibrio
900 3449 1214 3508 habuerunt
1252 3456 1305 3518 (2
1333 3456 1488 3508 Pecr.
1521 3459 1612 3522 3,3
1641 3454 1786 3524 sqq.)
1821 3450 2059 3524 ideoque
2099 3453 2204 3508 hac
2231 3453 2380 3508 Petri
2417 3454 2648 3526 epistola

116 3540 406 3612 perstringi
434 3539 846 3595 merebantur&
880 3539 1172 3608 Quomodo
1207 3541 1265 3595 S.
1306 3541 1504 3596 Petrus
1545 3536 1898 3595 asiaticarum
1937 3541 2295 3596 ecclesiarum
2339 3542 2648 3613 periculum

116 3627 422 3694 resciverit,
462 3627 810 3697 ignoramus3
851 3642 955 3698 pro
995 3625 1253 3698 pastorali
1291 3636 1475 3683 autem
1514 3643 1614 3682 sua
1651 3627 2020 3683 sollicitudine
2063 3628 2256 3684 fideles
2285 3638 2483 3685 contra
2511 3628 2647 3685 illud

118 3714 465 3783 praemunire
486 3713 686 3783 voluit3
710 3730 877 3787 quam
896 3713 969 3771 ob
986 3729 1231 3782 causam,
1254 3721 1551 3786 antequam
1571 3731 1602 3770 e
1624 3714 1737 3771 vita
1757 3714 2134 3787 egrederetur,
2157 3717 2316 3771 cuius
2338 3717 2648 3788 proximum

116 3802 273 3866 finem
300 3801 575 3860 Dominus
602 3801 651 3856 ei
679 3801 1050 3871 revelaverat,
1077 3809 1329 3858 nostram
1355 3801 1648 3874 epistolam
1677 3803 1830 3859 velut
1852 3807 2247 3859 testamentum
2271 3802 2380 3859 iilis
2403 3803 2646 3875 reliquit,
2707 3851 2713 3858 .

116 3899 171 3944 ut
200 3911 223 3942 ι
256 3889 628 3962 praescientes
652 3905 771 3946 sese
800 3889 1144 3946 custodirent
1174 3908 1227 3946 ι.

172 4055 237 4116 (2)
265 4057 347 4109 Ex
372 4061 402 4110 2
431 4058 577 4105 Petr.
605 4059 680 4112 2,1
714 4054 761 4118 (α
786 4059 949 4105 erunt
975 4055 1205 4118 magistri
1236 4055 1505 4106 mendaces
1534 4071 1560 4102 n
1595 4058 1713 4120 etc.)
1741 4061 1795 4109 et
1822 4063 1905 4116 3‚3
1935 4059 1981 4122 (α
2010 4059 2225 4110 venient
2254 4061 2314 4110 in
2343 4060 2651 4110 novissimis

116 4133 299 4184 diebus
322 4133 559 4190 illusores
588 4135 635 4196 ι»)
656 4148 759 4184 non
781 4135 929 4198 pauci
956 4135 1258 4194 interpretes
1284 4133 1627 4194 concludunt,
1653 4152 1682 4186 a
1701 4139 1858 4186 Petro
1879 4151 1982 4187 non
2010 4138 2228 4188 describi
2251 4139 2390 4204 illius
2413 4139 2654 4202 temporis

118 4211 416 4280 haereticos,
448 4212 539 4263 sed
564 4213 818 4276 praedici
848 4212 1081 4276 futuros·
1113 4215 1177 4262 At
1200 4213 1264 4263 de
1298 4213 1505 4274 iisdem,
1537 4229 1668 4278 quos
1696 4223 1771 4271 2,1
1807 4216 2014 4266 futuros
2045 4217 2274 4278 dixerat,
2301 4222 2564 4286 tamquam
2591 4217 2655 4269 de

117 4292 452 4351 praesentibus
480 4293 534 4342 in
556 4297 669 4350 2‚10
696 4305 803 4355 sqq.
832 4291 1078 4355 loquitur.
1106 4292 1291 4342 Eadem
1312 4293 1511 4343 ratione
1541 4297 1592 4345 S.
1619 4293 1831 4354 Paulus,
1858 4299 2132 4361 postquam
2158 4303 2186 4347 2
2226 4299 2357 4348 Tim.
2380 4303 2457 4357 3‚1
2486 4297 2617 4348 dixit
2641 4316 2652 4346 ε

124 4385 149 4416 (ι
174 4373 231 4420 in
255 4373 549 4432 novissimis
587 4371 772 4421 diebus
800 4372 1083 4422 instabunt
1118 4388 1141 4418 υ
1172 4375 1401 4436 tempora
1428 4373 1734 4437 periculosa,
1765 4379 1928 4426 erunt
1957 4376 2190 4426 homines
2229 4391 2280 4426 se
2314 4377 2450 4440 ipsos
2481 4390 2651 4427 aman·

125 4452 193 4499 tes
220 4454 340 4510 etc„
371 4449 678 4514 discipulum
714 4454 888 4500 mouet
923 4453 1035 4510 «et
1070 4449 1167 4502 hos
1204 4451 1446 4515 devitazn
1482 4469 1507 4499 α
1540 4466 1604 4502 ex
1631 4452 1713 4503 his
1741 4453 1878 4504 enim
1915 4461 2044 4507 sunt
2084 4476 2108 4501 ι»
2136 4461 2231 4507 etc.
2263 4459 2338 4506 De
2367 4461 2657 4520 praesente
2693 4441 2700 4446 ⁵

123 4527 269 4590 igitur
288 4529 517 4593 periculo
536 4529 767 4594 loquitur
793 4530 947 4580 etiam
966 4531 1016 4580 S.
1042 4531 1253 4590 Petrus,
1280 4535 1333 4580 et
1354 4528 1532 4581 futura
1555 4531 1718 4582 forma
1746 4531 1976 4584 adhibita
2001 4539 2106 4594 est,
2135 4539 2195 4585 ut
2223 4538 2436 4600 tempori
2459 4537 2659 4587 Veteris

120 4607 421 4658 Testamenti
446 4608 719 4672 praeterito
740 4610 1023 4660 novissimi
1046 4607 1183 4668 dies,
1204 4610 1243 4661 i.
1274 4623 1320 4660 c.
1352 4613 1577 4675 tempora
1606 4611 1732 4662 Novi
1756 4612 2008 4673 Foederis‚
2041 4613 2094 4662 in
2123 4628 2299 4665 eorum
2325 4615 2470 4666 initio
2492 4621 2543 4667 et
2565 4616 2655 4668 de-

122 4699 270 4736 cursu
300 4691 634 4754 opponantur.
