3050 5184
384 322 502 381 370
540 340 618 384 DE
645 340 781 384 vm.
810 339 1064 384 TESTAM.
1091 339 1278 382 unlus
1311 339 1720 385 Pnopnss‘rlcls.
1752 357 1829 372 --
1859 341 1987 385 CAP.
2016 341 2059 386 1.
2090 341 2167 384 ΒΕ
2196 342 2524 386 Pnornssrls
2546 342 2863 386 cmvnnss.

389 471 564 528 varias
599 474 890 528 conciones
917 471 1176 531 collectas
1207 471 1561 543 singulasque
1598 471 1863 528 librorum
1898 481 2083 544 partes
2120 473 2367 528 internus
2405 470 2913 544 deprehenderetur

389 575 588 628 nexus,
619 561 663 616 si
703 569 800 616 aut
835 561 1007 616 solius
1035 560 1300 631 temporis
1326 560 1468 617 ratio
1507 561 1564 616 in
1592 560 1940 617 sermonibus
1981 559 2381 631 coniungendis
2424 570 2569 617 esset
2604 560 2795 617 habita
2822 569 2913 615 aut

387 646 676 704 arbitrario
707 648 948 720 quodam
975 648 1172 716 modo,
1203 658 1366 719 prout
1390 649 1452 704 in
1477 663 1675 704 manus
1698 657 1987 718 venerunt,
2011 650 2214 721 singuli
2239 658 2423 704 essent
2449 651 2680 720 recepti.

467 801 525 858 3.
553 831 633 842 --
662 799 976 860 Obscuros
1007 815 1144 859 esse
1187 799 1380 859 libros
1411 800 1813 879 propheticos
1842 800 2068 860 saltem
2108 799 2237 860 illis
2278 800 2345 860 in
2375 799 2727 878 pericopiS,
2762 815 2919 876 quae

389 895 684 958 vaticinia
715 897 969 974 proprie
1003 896 1172 956 dicta
1201 896 1556 968 continent,
1589 914 1807 958 omnes
1850 895 2147 958 fatentur.
2190 898 2355 968 Quae
2394 896 2746 958 obscuritas
2794 912 2917 954 non

389 997 516 1052 tam
537 1009 614 1054 ex
633 994 798 1071 stylo
830 994 1128 1066 exoritur,
1153 993 1261 1070 qui
1287 993 1601 1054 oratorius
1623 993 1879 1072 quidem
1906 998 1969 1054 et
1993 1011 2177 1072 saepe
2200 993 2485 1074 poeticus
2510 993 2622 1053 sed
2644 991 2921 1071 plerum·

390 1105 513 1166 que
538 1090 760 1168 planus
792 1095 908 1162 est,
933 1107 1120 1167 quam
1151 1107 1226 1150 ex
1251 1090 1697 1151 vaticiniorum
1722 1095 1949 1151 natura
1974 1094 2472 1168 argumentoque
2502 1094 2567 1150 et
2594 1107 2672 1150 ex
2698 1088 2919 1156 modo,

393 1202 516 1262 quo
543 1185 888 1264 prophetae
919 1187 1042 1266 ipsi
1068 1205 1104 1247 a
1133 1189 1438 1248 Deo-sunt
1467 1186 1788 1248 illustrati.

461 1299 886 1356 Concionatores
913 1300 1170 1356 divinitus
1194 1299 1446 1372 inspirati
1475 1309 1635 1356 erant
1672 1299 1974 1373 prophetae
2010 1300 2247 1372 ideoque
2273 1315 2375 1372 pro
2401 1315 2635 1356 munere
2662 1313 2767 1354 suo
2796 1312 2925 1352 ora-

394 1387 594 1444 torium
623 1386 838 1445 dicendi
874 1403 1045 1461 genus
1078 1387 1438 1453 adhibebant,
1469 1388 1549 1444 ita
1576 1397 1766 1444 tamen
1780 1431 1793 1457 ,
1823 1396 1887 1444 ut
1922 1387 1995 1444 ad
2026 1391 2301 1460 poeticum
2330 1387 2482 1445 haud
2508 1402 2635 1444 raro
2672 1387 2932 1459 proxime

397 1474 746 1546 accederent,
781 1477 954 1533 immo
988 1476 1257 1533 nonnulla
1295 1475 1546 1532 vaticinia
1586 1486 1769 1532 essent
1794 1477 1939 1532 iusta
1977 1479 2239 1533 carmina.
2270 1479 2531 1532 Attamen
2568 1491 2683 1530 non
2708 1484 2831 1530 tam
2860 1490 2928 1527 ex

393 1563 586 1620 altiore
613 1564 722 1622 hoc
761 1563 978 1620 dicendi
1007 1581 1206 1637 genere
1235 1579 1402 1634 quam
1439 1563 1563 1620 aliis
1590 1579 1655 1620 ex
1693 1564 1869 1620 causis
1898 1566 2146 1621 exoritur
2172 1565 2553 1621 vaticiniorum
2590 1562 2929 1618 obscuritas»

394 1653 608 1708 Prima
635 1653 783 1708 enim
806 1651 1153 1708 obscuritatis
1179 1668 1346 1707 causa
1374 1653 1434 1707 in
1459 1652 1577 1724 ipsa
1602 1652 1988 1708 vaticiniorum
2015 1661 2213 1708 natura
2242 1654 2347 1708 sita
2376 1660 2479 1707 est.
2504 1651 2650 1708 Nam
2678 1649 2933 1721 prophe-

395 1748 532 1809 tiae,
565 1755 736 1811 quum
765 1755 854 1795 res
895 1738 1108 1796 futuras
1133 1739 1422 1796 dumtaxat
1455 1741 1635 1796 adum
1644 1740 1808 1795 brem
1850 1755 1953 1796 nec
1980 1741 2103 1810 plus
2138 1739 2349 1810 dicant,
2388 1754 2555 1812 quam
2596 1737 2931 1809 requiritur,

397 1837 459 1882 ut
485 1843 576 1884 res
601 1827 767 1884 fuisse
801 1827 1108 1899 praedictas
1145 1837 1268 1900 post
1295 1843 1488 1884 earum
1521 1836 1781 1884 eventum
1808 1837 2096 1899 appareat,
2128 1843 2195 1886 ex
2220 1827 2541 1896 impletione
2568 1827 2749 1883 lucem
2778 1829 2936 1882 acci-

401 1917 583 1986 piunt,
615 1925 780 1988 atque
823 1915 1090 1972 obscurae
1133 1925 1389 1982 manent,
1421 1915 1687 1989 quamdiu
1726 1926 1822 1972 aut
1856 1916 2105 1973 nondum
2141 1926 2269 1972 sunt
2303 1916 2567 1987 impletae
2602 1921 2698 1970 aut
2734 1927 2941 1969 eamm

396 2003 648 2074 impletio
677 2018 790 2059 non
821 2005 985 2074 plane
1016 2003 1275 2060 innotuit.
1317 2005 1487 2076 Atqui
1518 2021 1583 2059 ex
1622 2005 1693 2060 V.
1726 2006 1791 2059 T.
1824 2005 2091 2060 vaticiniis
2118 2004 2252 2070 alia,
2284 2019 2425 2075 quae
2451 2001 2521 2058 de
2551 2015 2855 2073 progressu
2884 2008 2943 2055 et

403 2091 606 2148 ultimis
625 2091 967 2161 temporibus
990 2093 1148 2162 regni
1173 2092 1480 2148 messianici
1503 2100 1695 2164 agunt,
1720 2092 1950 2158 impleta
1969 2090 2221 2147 nondum
2246 2098 2393 2158 sunt,
2418 2089 2524 2145 alia
2552 2095 2763 2158 autem,
2789 2103 2947 2160 quae

401 2181 470 2235 de
499 2179 732 2236 ethnicis
761 2179 975 2251 populis
1003 2188 1098 2235 aut
1125 2181 1292 2236 etiam
1319 2178 1545 2251 deipsis
1573 2179 1791 2236 Iudaeis
1819 2187 2018 2252 agunt,
2051 2180 2273 2251 impleta
2304 2177 2527 2248 quidem
2548 2185 2704 2246 sunt,
2730 2174 2837 2231 sed
2868 2176 2945 2231 ob

401 2267 754 2339 antiquorum
778 2276 1265 2323 monumentorum
1292 2266 1571 2324 defectum
1594 2283 1721 2323 cum
1744 2267 2061 2338 impletione
2090 2267 2395 2338 comparari
2422 2271 2727 2337 nequeunt.
2758 2266 2951 2318 Porro

403 2355 606 2412 altera
627 2354 975 2412 obscuritatis
998 2371 1164 2412 causa
1186 2357 1292 2411 sita
1315 2365 1398 2411 est
1422 2356 1478 2411 in
1502 2356 1832 2428 argumenti,
1862 2354 1931 2411 de
1960 2370 2070 2428 quo
2094 2356 2269 2410 multa
2293 2361 2485 2428 agunt,
2511 2349 2839 2417 altimdineg
2872 2351 2947 2407 de

403 2442 674 2514 mysteriis
709 2443 859 2499 enim
900 2445 1220 2514 loquuntur,
1253 2459 1396 2515 quae
1429 2443 1733 2499 intellectui
1770 2451 1961 2500 nostro
2002 2450 2131 2498 sunt
2166 2443 2447 2514 impervia.
2480 2441 2685 2496 Tertia
2702 2437 2945 2494 demum

405 2545 568 2587 causa
595 2545 660 2586 ex
684 2530 854 2586 modo
883 2532 1148 2596 exoritur,
1179 2547 1290 2604 quo
1315 2531 1621 2604 prophetae
1644 2547 1677 2586 a
1704 2535 1823 2588 Deo
1846 2530 2237 2588 edocebantur.
2268 2531 2331 2586 ln
2358 2530 2585 2585 visione
2610 2543 2670 2584 se
2690 2525 2944 2598 prophe-

404 2620 474 2674 tis
501 2619 876 2692 appariturum
904 2628 1002 2675 aut
1025 2635 1122 2691 per
1149 2620 1442 2674 somnium
1465 2634 1526 2674 se
1554 2620 1665 2674 illis
1686 2620 2005 2676 locuturum
2029 2633 2176 2686 esse,
2200 2619 2530 2690 promiserat
2556 2617 2706 2671 Deus
2730 2617 2943 2681 (Num.

411 2712 531 2773 12,ss
559 2712 696 2778 sq.);
728 2707 1080 2764 revelationis
1105 2715 1288 2764 autem
1319 2723 1416 2776 per
1445 2709 1721 2762 somnium
1756 2707 1861 2779 ipsi
1898 2707 2199 2778 prophetae
2234 2706 2413 2762 factae
2438 2703 2728 2760 dumtaxat
2762 2717 2949 2758 unum

408 2804 586 2853 exstat
619 2795 932 2866 exemplum
969 2796 1026 2851 in
1064 2795 1398 2868 propheticis
1435 2795 1589 2851 libris
1614 2800 1784 2862 (Dan.
1810 2802 1897 2862 ⁷,1
1932 2799 2098 2866 sqq.),
2129 2801 2194 2849 ut
2214 2792 2526 2849 ordinarius
2550 2790 2949 2847 illustrationis

406 2883 605 2940 modus
631 2884 784 2940 visio
811 2881 976 2940 fuisse
1005 2881 1272 2950 videatur,
1301 2883 1358 2938 id
1389 2882 1539 2955 quod
1566 2884 1733 2939 etiam
1769 2883 1993 2938 nomina
2022 2883 2177 2938 Roeh
2202 2891 2260 2938 et
2286 2881 2515 2938 Chozeh
2542 2878 2815 2951 (videns),
2850 2879 2946 2933 in-

406 2973 730 3043 scriptiones
757 2971 1026 3028 librorum
1059 2973 1246 3041 (Visio
1285 2987 1467 3044 quam
1503 2970 1697 3040 vidie,·
1730 2970 1971 3025 Verbum
2008 2967 2168 3041 quod
2192 2967 2372 3037 vidity
2400 2971 2563 3024 Onus
2594 2965 2757 3038 quod
2782 2965 2945 3020 vidit

407 3067 558 3129 etc.)‚
586 3061 933 3131 disertaeque
961 3061 1292 3116 assertiones
1320 3059 1719 3130 prophetarum
1748 3059 1845 3130 (Is.
1875 3065 1995 3126 6,1;
2024 3063 2150 3127 21,3
2180 3061 2308 3122 etc.)
2332 3055 2682 3113 confirmant.
2708 3053 2945 3124 Triplex

409 3158 594 3206 autem
622 3148 846 3204 visionis
871 3148 1077 3220 speeies
1105 3149 1268 3218 vulgo
1296 3146 1669 3218 distinguitur,
1702 3155 1971 3218 quatenus
1992 3154 2088 3201 aut
2114 3144 2383 3201 sensibus
2408 3143 2671 3199 aceruis
2696 3155 2791 3196 τω
2816 3157 2950 3212 pro-

413 3237 716 3308 ponebatur
745 3241 910 3302 (Dan.
941 3241 1099 3306 5‚25;
1128 3241 1255 3298 8,15
1285 3249 1369 3306 sq.
1401 3244 1507 3290 etc.
1536 3235 1619 3291 cfr
1648 3237 1789 3292 Gen.
1824 3237 1946 3302 18,ss
1974 3251 2129 3306 sqq.;
2160 3233 2348 3290 Exod.
2382 3236 2473 3296 &2
2500 3246 2626 3302 sqq.
2656 3232 2815 3296 etc.)‚
2850 3239 2952 3286 aut

413 3327 652 3380 internis
695 3323 963 3380 sensibus
1010 3323 1218 3380 formae
1265 3322 1539 3394 quaedam
1586 3323 1943 3394 imaginariae
1994 3319 2451 3393 imprimebantur
2491 3318 2587 3388 (Is.
2636 3321 2727 3385 6,1
2782 3333 2947 3388 sqq.:

419 3414 610 3469 Ezeeh.
659 3419 747 3474 1,3
789 3428 944 3484 sqq.;
985 3419 1116 3467 Am.
1159 3418 1252 3479 7,7
1289 3427 1412 3483 sqq.
1456 3410 1605 3482 etc.)‚
1653 3424 1762 3481 quo
1807 3411 1975 3466 etiam
2016 3409 2295 3480 pertinent
2330 3405 2665 3477 symbolicae
2704 3405 2955 3460 visiones

413 3502 629 3568 (Ezech.
663 3507 756 3562 2,9
791 3517 937 3573 sqq.;
970 3505 1092 3569 37,1
1125 3515 1280 3572 sqq.;
1317 3505 1549 3554 40.-46.
1584 3499 1734 3568 etc.)‚
1766 3507 1861 3553 aut
1894 3499 2079 3552 menti
2114 3499 2237 3569 ipsi
2274 3496 2479 3567 species
2506 3491 2892 3563 intelligibiles
2919 3508 2949 3546 a

415 3595 533 3646 Deo
570 3587 902 3646 indebantur
934 3589 1351 3660 intellectusque
1395 3587 1605 3643 lumine
1638 3584 2040 3658 supranaturali
2074 3585 2150 3639 ita
2188 3582 2588 3645 illustrabatur,
2628 3589 2691 3637 ut
2724 3579 2953 3636 divinae

420 3676 790 3749 providentiae
811 3678 1070 3749 mysteria
1099 3690 1433 3748 normasque
1447 3717 1461 3744 ‚
1494 3671 1803 3731 secundum
1827 3687 1964 3746 quas
1992 3672 2175 3729 omnia
2194 3669 2267 3727 ad
2295 3669 2465 3726 finem
2494 3683 2658 3725 suum
2678 3665 2959 3723 divinitus

416 3765 744 3836 diriguntur,
775 3777 1104 3836 cognoscere
1134 3768 1318 3831 posset
1333 3759 1376 3814 ⁴.
1401 3756 1607 3812 lisdem
1627 3755 1909 3812 vocabulis
1930 3754 2235 3826 prophetae
2252 3753 2354 3810 bas
2386 3751 2595 3824 species
2618 3749 2956 3816 designant.

417 3861 477 3906 ut
501 3867 662 3922 saepe
685 3849 909 3907 difficile
931 3849 1000 3906 sit
1027 3849 1211 3917 dictu,
1240 3845 1312 3902 ad
1339 3859 1642 3917 quamnam
1678 3842 1865 3914 aliqua
1896 3843 2031 3898 visio
2072 3843 2367 3912 pertineat.
2404 3842 2486 3896 Ex
2524 3839 2635 3895 hoc
2662 3845 2861 3892 autem
2890 3833 2961 3889 il·

417 3941 753 3994 lustrationis
771 3938 1122 4010 propheticae
1139 3933 1309 3990 modo
1328 3930 1645 4002 dependent
1663 3931 1881 4010 aliquae
1906 3930 2271 4001 proprietates
2293 3928 2547 3985 dictionis
2568 3923 2961 3998 propheticae.

495 4087 552 4144 4.
581 4119 660 4128 —
687 4085 1033 4161 Tamquam
1065 4082 1282 4142 fideles
1308 4084 1498 4140 testes
1531 4078 1875 4158 prophetae
1894 4076 2004 4137 illa
2030 4076 2409 4148 retulerunt,
2439 4090 2597 4153 quae
2626 4072 2957 4140 viderant,

419 4199 617 4259 eoque
647 4180 865 4252 mod0,
901 4197 1025 4257 quo
1061 4179 1168 4238 illa
1191 4164 1517 4250 viderant,
1540 4193 1735 4254 eaque
1768 4175 1926 4248 sola,
1962 4191 2119 4252 quae
2156 4171 2459 4232 viderant.

498 4278 655 4339 Hinc
686 4278 1030 4355 explicatur
1067 4273 1156 4353 a.)
1192 4292 1307 4334 cur
1343 4291 1444 4334 res
1478 4272 1719 4334 futuras
1758 4271 1935 4332 velut
1973 4272 2333 4349 praesentes
2370 4272 2480 4328 aut
2520 4267 2717 4327 etiam
2760 4283 2951 4344 prae-

421 4375 633 4435 teritas
667 4391 850 4452 saepe
881 4372 1344 4453 proposuerint.

494 4509 519 4540 α
551 4490 672 4544 Mos
709 4487 797 4544 hic
833 4495 917 4543 est
955 4487 1352 4558 prophetarum
1388 4484 1665 4551 omnium,
1694 4483 1875 4553 inquit
1898 4485 1955 4540 S.
1998 4481 2447 4552 chrysostomus
2477 4477 2555 4550 (in
2594 4475 2744 4534 Gen.
2781 4479 2957 4534 Hom.

479 4665 547 4729 (4)
578 4662 665 4712 cfr
689 4669 738 4714 S.
777 4662 954 4714 ΤΙιοηι.
989 4663 1194 4714 Summa
1223 4658 1378 4710 theol.
1406 4660 1468 4710 11.
1501 4666 1547 4709 2.
1572 4671 1660 4723 qu.
1698 4660 1800 4709 173.
1828 4671 1873 4708 a.
1905 4664 1951 4708 2.
1986 4658 2199 4720 eiusque
2227 4657 2525 4719 interpretes
2548 4652 2585 4704 i.
2620 4653 2673 4704 h.
2702 4651 2745 4702 l.
