3050 5184
726 329 801 374 nr.
842 330 1073 374 nunus
1112 331 1401 376 sris-rous
1442 334 1521 378 An
1563 331 1934 377 contx‘rnios.
2474 314 2588 374 549

140 457 197 514 Ξ.
225 490 305 498 -
328 459 401 518 11.
432 459 689 522 occssm
716 478 793 522 Er
818 479 977 524 rima
1000 479 1235 524 rmoms
1264 481 1610 525 nrisroLAs.
1637 465 1910 526 Florenti
1941 463 2240 525 ecclesiae
2267 465 2410 540 post
2432 463 2590 541 Apo-

68 551 203 610 stoli
235 552 593 616 discessum
614 558 813 618 multa
846 561 1183 638 graviaque
1213 561 1489 638 pericula
1516 562 1954 621 imminebant.
1991 563 2207 638 Neque
2249 560 2420 620 enim
2454 563 2590 618 tan-

68 653 193 706 tum
226 648 565 712 schismata
591 659 803 714 exorta
844 659 991 716 sunt
1028 657 1363 736 neophytis
1392 657 1534 717 aliis
1565 659 1723 717 alios
1763 658 2052 718 doctores
2091 655 2592 734 praeferentibus

68 747 125 802 et
152 746 503 807 secundum
524 766 634 808 eos
656 767 795 810 sese
826 750 1377 814 denominantibus
1397 802 1411 828 ,
1440 753 1553 813 sed
1577 753 1642 812 in
1666 753 2188 814 libidinosissima
2215 752 2470 812 civitate
2490 749 2593 809 de-

68 843 281 914 gentes
319 840 651 904 Christiani
692 847 886 906 etiam
916 847 991 907 ab
1022 849 1419 910 ethnicorum
1460 845 1634 909 vitiis
1662 867 1789 910 non
1830 850 2264 910 abstinuerunt
2304 865 2422 907 nec
2455 845 2594 906 aliis

68 937 363 998 abusibus
404 939 645 1000 aditum
682 944 1177 1019 praecluserunt.
1218 945 1383 1016 Quae
1424 963 1621 1022 quum
1649 946 1990 1023 Apostolus
2024 945 2378 1005 rescivisset
2406 946 2593 1018 atque

71 1050 101 1090 a
127 1033 471 1094 Corinthiis
502 1037 655 1114 ipsis
679 1056 794 1115 per
824 1055 1041 1100 eorum
1072 1042 1309 1119 legatos
1336 1040 1413 1102 de
1436 1041 1700 1102 diversis
1721 1039 2042 1102 doctrinae
2071 1041 2387 1119 capitibus
2410 1039 2598 1098 inter-

70 1134 317 1206 rogatus
348 1135 540 1202 esset,
566 1133 726 1194 hanc
756 1135 1086 1213 epistolam
1110 1138 1393 1216 scripsit,
1417 1143 1487 1198 ut
1505 1137 1842 1216 neophytis
1874 1138 2016 1208 illa,
2039 1155 2202 1215 quae
2231 1132 2600 1212 corrigenda

74 1229 273 1296 erant,
307 1227 615 1289 indicaret
646 1236 710 1291 et
734 1231 812 1291 ad
845 1234 1129 1310 quaesita
1152 1235 1584 1313 responderet.

132 1341 261 1394 Non
289 1337 387 1396 diu
408 1349 703 1414 postquam
729 1345 935 1400 Paulus
956 1347 1283 1403 Corinthum
1311 1348 1557 1418 reliquit,
1589 1361 1656 1402 eo
1684 1345 2030 1403 advenerunt
2057 1347 2148 1402 alii
2178 1343 2434 1401 doctores
2456 1342 2598 1399 chri·

74 1427 259 1492 stiani3
286 1427 435 1484 inter
462 1446 603 1500 quos
626 1432 839 1501 primus
863 1433 1233 1489 nominandus
1252 1443 1335 1489 est
1358 1435 1584 1506 ApollO,
1607 1435 1704 1506 qui
1729 1434 1934 1505 Ephesi
1959 1434 2088 1502 iam,
2120 1448 2295 1505 quum
2317 1431 2608 1488 dumtaxat

74 1515 339 1585 baptisma
370 1517 595 1572 Ioannis
622 1529 1011 1590 cognosceret,
1038 1536 1105 1576 ea
1128 1537 1273 1592 quae
1296 1532 1427 1577 sunt
1454 1525 1580 1578 Iesu
1609 1521 1902 1592 diligenter
1931 1520 2223 1586 docuerat,
2253 1516 2456 1574 deinde
2477 1529 2606 1570 vero

74 1603 135 1656 ab
158 1602 365 1674 Aquila
393 1613 451 1660 et
478 1606 724 1662 Priscilla
750 1609 1061 1665 accuratius
1090 1607 1237 1664 viam
1262 1610 1487 1665 Domini
1510 1609 1742 1666 edoctus
1763 1609 1820 1664 in
1847 1608 2114 1664 Achaiam
2140 1607 2420 1679 profectus
2447 1611 2530 1658 est
2552 1612 2608 1656 et

73 1690 319 1746 Corinthi
356 1707 559 1765 magno
596 1709 725 1750 cum
766 1693 947 1750 fructu
978 1695 1312 1765 praedicavit
1342 1697 1487 1764 (Ace.
1533 1703 1896 1764 18,24-19,l;
1932 1701 1955 1752 1
1994 1697 2124 1752 Cor.
2158 1695 2292 1764 3,6).
2325 1693 2425 1748 Vir
2461 1689 2608 1746 enim

74 1787 187 1832 erat
228 1779 499 1850 eloquens
539 1791 597 1836 et
636 1796 809 1852 quum
842 1783 1103 1840 altiorem
1138 1783 1379 1840 docendi
1409 1783 1640 1841 modum
1676 1793 1894 1841 teneret
1931 1783 2344 1854 nonnullasque
2384 1778 2610 1835 altiores

74 1865 353 1922 doctrinas
388 1883 419 1922 a
444 1869 621 1924 Paulo
652 1869 905 1926 nondum
937 1869 1173 1927 traditas
1210 1869 1465 1938 doceret,
1502 1871 1782 1944 aliquibus
1817 1872 2116 1928 Corinthiis
2153 1870 2354 1926 melius
2383 1864 2607 1938 placuit,

76 1969 239 2023 quam
290 1955 499 2012 Paulus
556 1957 692 2027 ipse.
744 1957 1023 2027 Quamdiu
1070 1958 1324 2015 Corinthi
1361 1959 1656 2026 manserit,
1710 1961 2064 2030 ignoramus;
2109 1967 2412 2028 antequam
2461 1953 2611 2024 prior

77 2041 301 2111 epistola
362 2042 567 2114 scripta
613 2053 725 2113 est,
772 2045 1050 2116 Ephesum
1098 2047 1212 2102 iam
1250 2045 1347 2102 diu
1402 2061 1656 2102 reversus
1701 2055 1821 2102 erat
1868 2051 1916 2112 (1
1967 2049 2098 2102 Cor.
2155 2045 2352 2109 1642).
2397 2039 2610 2097 Eodem

80 2127 185 2184 iere
216 2139 471 2200 tempore
500 2128 841 2188 iudaizantes
874 2148 1095 2205 quoque
1123 2133 1457 2191 Corinthum
1484 2133 1702 2190 venisse
1737 2133 2015 2200 videntur,
2053 2134 2146 2204 qui
2181 2131 2332 2187 Petri
2368 2127 2610 2185 auctori-

82 2225 243 2272 tatem
293 2217 639 2274 celebrantes
680 2221 915 2278 Paulum
960 2221 1271 2292 deprimere
1318 2221 1672 2278 studuerunt.
1728 2223 1872 2277 Hinc
1911 2221 2117 2277 factum
2156 2227 2268 2286 est,
2307 2227 2370 2273 ut
2403 2219 2464 2272 in
2497 2224 2612 2270 tres

84 2305 341 2360 factiones
370 2307 527 2378 quasi
557 2307 824 2381 neophyti
852 2308 1254 2376 scinderentur,
1290 2325 1463 2380 quum
1490 2310 1586 2365 alii
1621 2325 1680 2364 se
1706 2310 1901 2374 Paulo,
1935 2309 2028 2365 alii
2059 2307 2282 2378 Apoll0,
2315 2306 2408 2362 alii
2443 2307 2608 2360 Petro

82 2407 132 2446 se
152 2391 461 2449 adhaerere
489 2393 734 2450 dicerent
758 2401 806 2461 (1
836 2399 970 2452 Cor.
1004 2403 1159 2464 1‚12;
1190 2396 1275 2452 cfr
1303 2398 1361 2453 S.
1395 2398 1578 2453 Clem.
1613 2402 1775 2452 Rom.
1807 2399 1917 2467 47).
1945 2399 2174 2452 Praeter
2200 2393 2350 2466 quod
2375 2392 2612 2464 partium

82 2479 317 2536 studium
350 2480 461 2536 alia
496 2483 627 2538 vitia
664 2483 863 2555 aliique
902 2484 1107 2540 abusus
1144 2485 1503 2556 irrepserant.
1539 2489 1590 2541 A
1624 2483 1852 2542 libidine
1880 2483 2178 2554 Apostolus
2209 2483 2320 2538 iam
2358 2481 2468 2536 alia
2494 2477 2610 2547 epi-

80 2568 211 2622 stola
236 2611 250 2634 ,
293 2583 437 2639 quae
479 2567 645 2625 hodie
690 2569 977 2640 deperdita
1016 2581 1129 2642 est,
1160 2572 1480 2628 Corinthios
1522 2571 1897 2628 absterruerat
1931 2575 1978 2638 (1
2029 2573 2164 2628 Cor.
2213 2571 2324 2637 5,9)
2366 2565 2466 2623 sed
2496 2581 2608 2620 non

84 2655 235 2724 pleno
261 2670 391 2710 cum
410 2671 697 2727 successu;
718 2659 842 2714 lites
864 2673 992 2716 suas
1015 2659 1084 2714 ad
1109 2659 1360 2716 ethnicos
1378 2660 1736 2732 magistratus
1753 2658 2104 2725 deferebant3
2136 2659 2194 2712 in
2216 2657 2348 2726 ipsis
2365 2653 2615 2710 coetibus

87 2744 248 2799 sacris
278 2743 613 2816 negligentia
642 2753 699 2800 et
731 2745 949 2802 licentia
978 2747 1349 2802 invaluerant.
1386 2749 1608 2803 Interea
1637 2746 1918 2817 Ephesum
1947 2753 2170 2800 venerat
2197 2743 2382 2815 ibique
2411 2741 2481 2796 de
2508 2739 2616 2794 hoc

85 2847 263 2886 renim
296 2839 449 2886 statu
483 2832 687 2888 certior
728 2832 905 2889 sactus
938 2835 1320 2902 Timotheum,
1358 2851 1526 2906 quem
1569 2850 1698 2890 cum
1737 2836 1932 2890 Erasto
1968 2832 2028 2888 in
2057 2830 2440 2888 Macedoniam
2469 2825 2619 2882 misit

89 2922 223 2982 JAct.
266 2923 471 2986 19,22),
503 2921 671 2974 etiam
696 2921 1025 2977 Corinthum
1052 2922 1131 2978 ire
1158 2923 1345 2992 iussit,
1376 2931 1440 2978 ut
1470 2921 1784 2995 neophytos
1805 2922 1862 2976 in
1891 2929 2101 2976 rectam
2130 2919 2274 2974 viam
2303 2915 2612 2973 reduceret.

86 3011 395 3079 Antequam
434 3007 759 3064 Timotheus
797 3009 1127 3066 Corinthum
1174 3019 1529 3080 pervenerat,
1581 3009 1752 3081 legati
1791 3008 2056 3064 corinthii
2097 3005 2276 3062 Paulo
2325 3004 2616 3076 epistolam

86 3095 415 3163 attulerunt,
453 3109 561 3166 qua
598 3095 718 3151 eius
754 3097 1027 3152 sententia
1054 3094 1125 3152 de
1154 3096 1319 3154 variis
1342 3097 1511 3154 rebus
1540 3095 1959 3169 exquirebatur3
1993 3095 2061 3152 ab
2092 3093 2155 3150 iis
2183 3101 2394 3150 statum
2430 3104 2620 3147 rerum

86 3183 391 3238 accuratius
414 3181 646 3238 edoctus
672 3183 859 3240 statim
882 3184 1029 3240 hanc
1055 3185 1345 3256 epistolam
1368 3186 1613 3256 scripsit,
1647 3199 1788 3256 quae
1815 3183 1982 3240 hodie
2013 3189 2036 3238 1
2071 3184 2200 3238 Cor.
2233 3181 2576 3236 nominatur.

156 3337 214 3394 3.
244 3368 324 3376 —
354 3333 455 3392 111.
491 3335 919 3395 &eunitarum
960 3352 1035 3394 m·
1077 3351 1307 3396 nivxsto
1346 3351 1582 3396 rmoaxs
1624 3350 1966 3394 EPISTOLAE.
2012 3331 2370 3394 Secundum
2408 3328 2618 3408 dupli-

86 3447 216 3490 cem
247 3431 439 3490 finem
487 3431 647 3491 duae
681 3435 889 3508 partes
937 3431 1241 3509 epistolae
1280 3435 1423 3508 apte
1469 3431 1968 3509 distinguuntur,
2005 3429 2070 3488 in
2117 3445 2380 3505 quarum
2417 3425 2622 3504 priore

90 3525 452 3604 (ΜΟ-630)
482 3527 823 3606 Apostolus
852 3527 1207 3588 Corinthios
1236 3527 1318 3588 ob
1348 3528 1622 3604 partium
1653 3523 1966 3597 studium,
2001 3525 2082 3586 ob
2107 3528 2469 3602 peccatores
2495 3538 2621 3582 non

92 3623 343 3696 vitatos,
380 3624 465 3683 ob
492 3624 637 3684 lites
679 3641 889 3684 coram
918 3623 1187 3684 ethnicis
1216 3627 1413 3694 actaS,
1442 3623 1523 3682 ob
1568 3621 1900 3682 libidinem
1931 3637 2143 3682 severe
2183 3619 2619 3698 reprehendit,

94 3719 151 3777 in
176 3719 369 3780 altera
398 3717 769 3798 (7‚1-15,58)
795 3737 1013 3782 eorum
1037 3719 1238 3779 literis
1268 3717 1655 3797 respondens
1679 3718 1816 3779 fuse
1843 3717 1922 3778 de
1951 3717 2254 3778 doctrinis
2285 3717 2624 3792 interroga-

92 3816 167 3874 tis
195 3816 475 3876 disserit.
510 3817 733 3876 Multas
756 3815 1283 3894 gravissimasque
1314 3815 1714 3892 quaestiones
1753 3813 1908 3874 haec
1949 3813 2218 3892 epistola
2255 3815 2476 3871 tractat
2505 3827 2624 3870 nec

95 3917 181 3970 est
207 3913 435 3984 altera,
468 3929 629 3990 quae
674 3912 855 3990 plura
891 3916 1003 3972 aut
1036 3912 1423 3974 accuratiora
1461 3911 1539 3971 de
1581 3911 1707 3970 vita
1747 3911 2096 3988 primorum
2137 3907 2624 3969 Christianorum

94 4009 305 4069 tradat.

162 4115 493 4170 Exonnum
524 4115 733 4182 (1,1-9)
768 4121 1029 4168 consueta
1054 4120 1271 4168 constat
1298 4111 1686 4182 inscriptione¹
1719 4120 1776 4166 et
1803 4109 2109 4184 gratiarum
2141 4109 2377 4166 actione.

164 4203 223 4256 ln
260 4215 487 4258 narona
526 4217 721 4258 marn
762 4203 1098 4270 (1,10-6‚20)
1142 4200 1439 4269 Apostolos
1471 4199 1786 4256 Corinthios
1819 4199 1890 4254 ob
1922 4197 2104 4254 varios
2137 4197 2342 4253 abusus
2370 4196 2632 4267 variaque

100 4287 218 4342 vitia
244 4288 620 4361 reprehendit.

163 4431 223 4492 (ι)
258 4433 387 4480 Num
432 4428 730 4488 sosthene-3,
770 4441 921 4494 quem
962 4427 1058 4478 sibi
1094 4427 1148 4477 in
1188 4427 1513 4491 inscriptione
1551 4426 1781 4488 adiungit
1809 4424 2106 4488 Apostolus,
2135 4423 2268 4474 idem
2299 4423 2384 4474 ille
2420 4421 2516 4482 sit,
2543 4422 2633 4486 qui

102 4511 367 4570 Act.18‚17
397 4509 823 4572 archisynagogus
851 4511 903 4558 et
925 4511 1217 4571 persecutor
1244 4507 1391 4556 Pauli
1418 4505 1623 4561 dicitur,
1655 4519 1721 4554 an
1745 4504 1890 4564 alter,
1922 4517 2080 4568 quem
2107 4503 2354 4553 Eusebius
2385 4502 2465 4564 (ll.
2493 4503 2554 4552 E.
2592 4503 2632 4550 l.

108 4587 179 4648 12)
208 4589 334 4640 inter
358 4589 683 4654 septuaginta
710 4587 988 4650 discipulos
1015 4589 1301 4644 enumerat,
1332 4599 1436 4634 non
1472 4587 1689 4634 constat.
1721 4586 1898 4634 Patres
1935 4582 2165 4646 plerique
2191 4582 2412 4646 priorem
2441 4579 2636 4631 intelli·-

102 4671 245 4730 gunt,
271 4681 423 4733 quem
450 4665 801 4734 persecutione
823 4665 912 4715 illa
940 4669 1224 4730 permotum
1253 4666 1491 4723 censent,
1516 4665 1578 4712 ut
1603 4661 1752 4713 fidem
1781 4661 2046 4726 reciperet.
