3050 5184
353 332 467 389 174
549 344 824 389 HISTORIA
869 342 1219 389 exEGEsEOS.
1253 355 1332 369 -···
1371 341 1502 385 CAP.
1550 339 1606 383 V.
1652 340 2136 385 INTERPRETATIO
2180 337 2706 385 PROTESTAN‘rwn.

339 476 574 533 traditas
611 477 686 531 ita
724 474 991 532 oblivioni
1037 473 1410 539 tradiderant,
1455 480 1516 527 ut
1564 470 1825 543 figmenta
1870 473 2296 544 qualiacumque
2331 471 2439 527 sibi
2478 468 2703 527 obtrudi
2728 468 2890 523 sine-

341 564 495 619 rent?
511 563 711 620 Procul
747 562 918 619 dubio
955 561 1134 635 mythi
1172 568 1230 617 et
1265 558 1483 618 fabulae
1510 559 1580 615 de
1613 559 1821 616 Christi
1853 560 1965 616 vita
1994 561 2187 631 primis
2222 560 2336 615 illis
2366 556 2711 629 temporibus
2746 572 2889 613 nar-

342 651 632 720 rabantur,
668 648 726 707 id
753 651 904 707 enim
929 649 1314 706 demonstrant
1345 648 1664 721 apocrypha
1702 648 2017 721 evangelia3
2042 648 2289 705 Ecclesia
2324 654 2513 703 autem
2540 660 2701 703 veras
2734 645 2891 701 inter

341 748 397 795 et
443 739 718 796 fabulosas
763 738 1110 795 narrationes
1165 737 1373 808 optime
1425 735 1701 805 distinxit3
1754 734 1815 791 id
1861 736 2011 793 enim
2059 736 2263 809 probat
2309 733 2761 811 apocryphorum
2800 748 2891 789 re-

345 826 615 897 probatio.
644 858 710 869 --
738 830 813 883 At
841 826 1054 882 Veteris
1088 840 1310 898 quoque
1335 826 1485 881 Test.
1520 824 1869 883 narrationes
1896 840 2067 895 quam
2103 824 2409 896 plurimum
2440 822 2735 890 differunt,
2768 821 2891 877 sive

343 922 626 981 auctoreS,
653 914 767 971 sive
807 913 1012 985 forma,
1055 914 1170 969 sive
1214 920 1607 985 argumentum
1653 911 2103 979 considerantum
2144 914 2365 985 Moyses
2393 919 2557 983 poeta
2591 924 2707 966 non
2752 907 2886 973 fuit,

342 1002 440 1057 sed
479 1002 987 1075 historiographuS,
1036 1001 1131 1073 qui
1163 1002 1222 1057 in
1264 1006 1503 1073 quatuor
1544 1000 1757 1057 ultimis
1794 999 1950 1055 libris
1996 1016 2061 1056 ea
2094 1009 2315 1067 narrat,
2358 1014 2500 1071 quae
2548 999 2667 1070 ipse
2713 999 2892 1069 gessit

345 1097 442 1144 aut
469 1088 670 1161 quibus
705 1090 860 1145 testis
888 1088 1166 1157 interfuit,
1193 1088 1252 1144 in
1279 1089 1483 1145 Genesi
1523 1088 1815 1145 historiam
1846 1088 2017 1147 trium
2058 1088 2501 1159 patriarcharum
2541 1087 2720 1160 gentis
2750 1101 2893 1142 suae

347 1175 518 1232 fusius
546 1178 800 1247 exponit,
833 1192 1072 1251 quorum
1109 1177 1376 1232 memoria
1401 1176 1531 1231 satis
1549 1191 1742 1233 recens
1772 1174 1893 1233 fuit.
1926 1176 2105 1233 Unica
2129 1174 2429 1232 difficultas
2452 1175 2521 1231 de
2550 1174 2746 1245 primis
2766 1174 2894 1230 Ge-

345 1279 540 1320 neseos
574 1264 847 1335 capitibus
880 1265 1096 1321 moveri
1137 1272 1345 1337 potest;
1383 1280 1622 1336 quorum
1666 1262 1981 1323 absolutam
2024 1264 2313 1321 veritatem
2360 1262 2732 1319 demonstrari
2768 1278 2894 1318 non

347 1367 507 1421 posse
543 1351 782 1409 fatemur
815 1353 923 1409 nisi
959 1351 1334 1409 demonstrata
1371 1353 1577 1425 Moysis
1614 1350 2007 1423 inspiratione;
2036 1350 2137 1413 sed
2174 1351 2312 1409 haec
2349 1352 2597 1423 exceptio
2624 1367 2741 1407 non
2770 1351 2895 1407 im-

345 1438 524 1511 pedit,
573 1440 870 1513 quominus
923 1456 990 1497 ex
1045 1441 1274 1513 reliquis
1324 1441 1509 1512 operis
1548 1439 1798 1511 partibus
1845 1440 2095 1513 legitima
2146 1448 2474 1516 argumenta
2518 1438 2891 1496 deducamus·

346 1530 527 1599 Atque
571 1527 710 1585 illud
755 1545 977 1601 quoque
1017 1527 1314 1598 addamuS,
1353 1528 1543 1583 omnia
1583 1528 1678 1583 illa
1714 1525 1925 1597 studia,
1969 1527 2173 1599 quibus
2210 1527 2376 1587 hodie
2422 1528 2647 1600 antiqua
2694 1531 2895 1601 Aegy-

347 1615 616 1686 ptiorum,
664 1617 1045 1689 Assyriorum,
1091 1616 1517 1689 Babyloniorum
1560 1624 1692 1685 etc.‚
1727 1624 2087 1673 monumenta
2127 1617 2463 1687 perlustrata
2492 1623 2647 1684 sunt,
2673 1616 2897 1672 confir-

347 1703 584 1759 mandae
629 1706 944 1761 auctoritati
991 1705 1286 1760 historicae
1330 1705 1545 1759 Veteris
1590 1706 1739 1759 Test.
1794 1703 2105 1760 inservisse.
2144 1734 2215 1745 -—
2262 1704 2345 1777 d.)
2393 1704 2579 1775 Quum
2622 1703 2893 1778 analogia

347 1790 436 1865 illa
453 1834 466 1861 ,
508 1793 839 1864 praesertim
875 1794 920 1849 si
955 1791 1026 1849 de
1060 1794 1218 1849 Novo
1254 1794 1406 1849 Test.
1447 1807 1631 1847 sermo
1667 1801 1779 1861 est,
1818 1807 1932 1849 non
1967 1792 2074 1848 nisi
2110 1792 2351 1849 absurde
2386 1800 2684 1860 asseratur,
2724 1792 2891 1849 affir-

347 1886 572 1935 marunt
598 1880 1002 1952 rationalistae,
1032 1880 1373 1937 Christianos
1405 1896 1472 1935 ex
1502 1882 1704 1935 Vetere
1739 1881 1889 1936 Test.
1919 1879 2121 1937 ideam'
2144 1880 2533 1939 messianicam
2560 1880 2896 1940 assumsisse

346 1982 649 2041 omnesque
688 1968 814 2025 illos
841 1968 1218 2034 charactereS,
1255 1984 1392 2040 quos
1430 1966 1625 2023 Iudaei
1657 1968 1755 2024 illo
1790 1976 2040 2040 tempore
2079 1969 2313 2025 Messiae
2348 1984 2450 2025 suo
2482 1968 2890 2038 attribuerunt,

350 2056 476 2110 Iesu
497 2056 789 2113 Nazareno
814 2056 1096 2113 affluxisse
1123 2065 1180 2113 et
1206 2056 1314 2112 hac
1333 2057 1549 2113 ratione
1572 2056 1793 2126 mythos
1816 2055 2155 2118 efformasse.
2187 2061 2263 2112 At
2290 2058 2397 2113 hoc
2421 2066 2695 2115 assertum
2722 2073 2896 2130 repu-

347 2152 479 2214 gnat
507 2144 800 2214 historiae,
828 2160 972 2217 quae
1010 2144 1203 2213 docet,
1233 2143 1469 2201 Iudaeos
1497 2144 1732 2201 Messiae
1774 2143 1959 2201 ideam
1994 2160 2223 2217 prorsus
2262 2144 2543 2201 diversam
2567 2144 2676 2201 sibi
2712 2145 2895 2203 effor-

347 2247 528 2287 masse
551 2230 758 2300 abina,
789 2248 958 2305 quam
985 2232 1246 2289 exhibent
1273 2231 1568 2305 Evangelia
1610 2240 1775 2303 atque
1821 2232 1971 2304 ipsos
2011 2233 2307 2302 Apostolos
2348 2249 2521 2305 usque
2559 2231 2631 2289 ad
2677 2234 2893 2293 Christi

349 2320 811 2376 resurrectionem
841 2320 1026 2376 bacin
1052 2337 1113 2376 re
1140 2335 1269 2377 cum
1295 2320 1418 2375 aliis
1449 2318 1668 2375 ludaeis
1698 2336 1932 2377 errasse.
1956 2332 1959 2337 ·

423 2474 482 2531 6.
515 2504 595 2513 ——
625 2472 703 2532 Ut
730 2472 1134 2545 ultimorum,
1169 2472 1279 2549 qui
1310 2472 1742 2543 remanebant,
1779 2472 1933 2531 Novi
1966 2470 2351 2531 Testamenti
2394 2472 2704 2532 librorum
2736 2490 2893 2533 auc—

347 2568 668 2629 toritatem
707 2568 1090 2641 destrueret,
1128 2567 1756 2646 Neo-Tubinqensium
1788 2566 1998 2628 schola
2040 2584 2232 2628 novas
2274 2568 2546 2649 origines
2576 2570 2891 2631 ecclesiae

346 2664 690 2725 catholicae
729 2665 1133 2742 excogitavit,
1169 2682 1332 2742 quae
1371 2682 1533 2725 saec.
1568 2666 1626 2723 2.
1662 2682 1737 2725 ex
1774 2665 2073 2739 PetriniS,
2104 2665 2149 2723 i.
2184 2681 2242 2725 e.
2274 2663 2645 2726 Christianis
2684 2664 2895 2727 iudai-

347 2761 660 2833 mutibus,
695 2766 760 2823 et
787 2762 1098 2835 PauliniS,
1132 2762 1176 2823 i.
1211 2779 1265 2823 e.
1299 2760 1666 2823 Christianis
1696 2761 2184 2833 universalistiS,
2220 2761 2559 2837 coaluerit3
2588 2762 2655 2823 in
2684 2765 2897 2825 omni·

345 2859 465 2918 bus
487 2859 656 2918 enim
678 2859 836 2921 Novi
849 2860 1015 2919 Test.
1031 2858 1212 2919 libris
1231 2858 1703 2937 oppositionem
1725 2858 1997 2919 duarum
2018 2858 2271 2919 illarum
2288 2857 2565 2935 partium
2583 2875 2896 2937 apparere

345 2959 532 3032 atque
562 2956 872 3017 maiorem
900 2972 1122 3017 eorum
1150 2971 1492 3016 numerum
1523 2955 1957 3033 conscriptum
1986 2972 2121 3015 esse
2138 3001 2153 3029 ,
2179 2958 2251 3015 ut
2279 2954 2558 3032 partium
2589 2956 2901 3017 unionem

348 3055 785 3129 praepararent
811 3054 1418 3131 oppositionemque
1447 3054 1735 3129 tegerent
1764 3051 2195 3129 delerentque.

413 3171 876 3245 Nectubingensis
917 3172 1140 3229 scholae
1184 3172 1445 3228 fundator
1479 3180 1563 3227 est
1602 3173 1772 3228 Ferd.
1824 3172 2042 3227 Christ.
2091 3177 2258 3227 Bam·
2289 3174 2352 3243 (†
2387 3178 2598 3242 1860.),
2630 3174 2900 3233 Straussii

343 3260 626 3331 magister,
655 3260 750 3332 qui
775 3257 972 3316 eodem
1000 3276 1170 3329 anno,
1203 3277 1312 3332 quo
1342 3261 1565 3317 Strauss
1594 3276 1752 3315 suam
1788 3280 1812 3309 α
1841 3259 2031 3325 Vitam
2055 3262 2178 3315 lesu
2212 3281 2235 3313 »
2267 3258 2471 3330 edidit,
2497 3261 2659 3317 Pauli
2681 3260 2899 3333 episto-

343 3348 426 3403 las
448 3345 520 3403 ad
541 3347 686 3403 Tim.
713 3356 770 3403 et
791 3348 900 3403 Tit.
929 3348 1155 3404 exeunti
1177 3364 1321 3404 saec.
1351 3354 1405 3404 2.
1438 3346 1758 3403 adscribere
1781 3362 1895 3402 non
1935 3345 2237 3419 dubitavit,
2267 3348 2397 3420 quia
2423 3356 2719 3421 systemata
2750 3366 2897 3421 gno-

341 3434 494 3502 stica,
520 3435 844 3506 praesertim
863 3436 1188 3505 MarcioniS,
1218 3436 1279 3491 in
1307 3436 1385 3491 eis
1408 3435 1611 3506 respici
1640 3435 1884 3506 putavit3
1916 3451 2050 3492 mox
2078 3443 2265 3492 autem
2300 3436 2531 3492 ulterius
2564 3451 2900 3509 progressus

341 3530 583 3594 quatuor
605 3532 824 3579 tantum
851 3524 1112 3595 epistolas
1134 3524 1395 3580 Paulinas
1429 3526 1641 3592 (Rom.,
1674 3530 1722 3579 1.
1750 3529 1784 3577 2
1817 3524 1967 3592 Cor.,
2000 3523 2145 3595 Gal.)
2170 3523 2437 3597 genuinas
2464 3539 2583 3579 esse
2616 3523 2815 3579 statuit
2842 3534 2901 3579 et

343 3614 585 3665 Actuum
613 3626 836 3683 quoque
864 3611 1213 3667 authentiam
1233 3612 1472 3683 negavit.
1500 3610 1821 3667 Secundum
1838 3612 1985 3666 Baur
2011 3610 2484 3679 Christianismus,
2508 3626 2677 3683 quem
2695 3613 2900 3669 Petrus

343 3706 400 3753 et
426 3698 628 3771 reliqui
655 3700 908 3770 Apostoli
941 3698 1365 3773 profitebantur,
1401 3714 1514 3754 non
1553 3707 1674 3755 erat
1708 3699 1817 3755 nisi
1854 3696 2109 3756 doctrina
2146 3698 2422 3771 quaedam
2443 3698 2689 3768 iudaice,
2720 3714 2900 3770 quare

343 3786 514 3841 etiam
552 3786 700 3843 inter
737 3786 990 3844 ethnicos
1025 3804 1141 3843 non
1178 3796 1264 3843 est
1303 3794 1669 3858 propagatus3
1703 3802 1833 3842 vera
1875 3794 2065 3842 autem
2107 3789 2232 3843 lesu
2274 3785 2556 3855 doctrina,
2605 3802 2747 3858 quae
2785 3789 2895 3843 toti

346 3874 538 3945 generi
576 3874 824 3931 humano
853 3873 1130 3931 destinata
1159 3884 1307 3938 erat,
1338 3874 1592 3946 neglecta
1636 3874 1870 3943 iacebat,
1915 3873 2094 3931 donec
2137 3874 2343 3931 Paulus
2371 3890 2496 3930 eam
2523 3873 2814 3947 detegeret
2840 3884 2895 3931 et

345 3976 648 4033 propagare
672 3963 960 4034 coepisset.
989 3964 1136 4019 Hinc
1159 3962 1217 4017 in
1241 3962 1520 4033 primitiva
1546 3962 1779 4019 ecclesia
1804 3970 1997 4019 exorta
2021 3972 2105 4019 est
2130 3978 2332 4035 magna
2360 3962 2430 4018 lis
2456 3963 2602 4018 inter
2625 3962 2767 4032 illoS‚
2798 3964 2895 4035 qui

349 4064 476 4103 cum
503 4052 668 4106 Petro
690 4049 1068 4120 iudaizabant,
1097 4060 1152 4106 et
1174 4050 1320 4105 inter
1342 4050 1484 4118 illos,
1513 4050 1611 4121 qui
1638 4065 1766 4106 cum
1792 4050 1967 4106 Paulo
1992 4050 2316 4123 religionem
2341 4050 2409 4107 ab
2435 4050 2589 4106 omni
2618 4048 2895 4107 fermento

351 4134 566 4193 ludaico
597 4146 889 4211 purgatam
934 4139 1081 4194 inter
1122 4137 1374 4193 ethnicos
1413 4154 1721 4211 propagare
1770 4137 2047 4195 volebant.
2091 4138 2193 4195 Cui
2236 4138 2323 4195 liti
2368 4138 2641 4211 originem
2687 4136 2895 4195 debent

351 4226 511 4293 primi
542 4224 664 4281 libri
692 4226 834 4281 Novi
860 4228 1009 4282 Test.
1028 4268 1044 4296 ,
1071 4242 1148 4281 sc.
1178 4226 1537 4298 Apocalypsis
1574 4242 1605 4281 a
1632 4225 2040 4282 judaizantibus
2078 4226 2384 4298 composita
2414 4234 2472 4283 et
2500 4234 2742 4299 quatuor
2768 4226 2895 4283 illae

349 4313 505 4367 Pauli
539 4314 802 4385 epistolae
830 4323 1023 4370 contra
1049 4312 1390 4369 iudaizantes
1429 4315 1750 4386 pugnantis3
1787 4323 2025 4386 utraque
2064 4314 2229 4371 factio
2268 4330 2431 4370 suum
2463 4330 2685 4386 quoque
2722 4313 2892 4371 habet

351 4400 708 4471 Evangelium
724 4444 737 4465 ,
764 4416 831 4457 ex
854 4402 1167 4457 iudaizante
1197 4409 1385 4472 postea
1409 4408 1663 4457 exortum
1689 4410 1773 4457 est
1800 4401 2043 4474 primum
2064 4412 2319 4458 nostrum
2348 4400 2711 4475 Evangelium
2740 4411 2798 4457 et
2826 4418 2889 4459 ex

349 4486 572 4553 paulino
605 4489 828 4544 tertium
867 4498 1142 4544 nostrum.
1177 4490 1395 4544 Etenim
1427 4498 1553 4559 post
1593 4490 1992 4560 Apostolorum
2029 4490 2281 4546 omnium
2317 4498 2557 4545 mortem
2589 4488 2733 4545 duae
2774 4488 2889 4547 fac·

347 4570 524 4625 tiones
551 4586 746 4642 pacem
781 4576 920 4631 inire
958 4576 1202 4632 volentes
1243 4592 1372 4632 suas
1416 4575 1725 4646 doctrinas,
1760 4576 1961 4650 quibus
2001 4577 2499 4651 distinguebantur,
2540 4578 2801 4651 mitigare
2836 4590 2887 4635 et

348 4654 532 4711 delere
549 4658 879 4718 studuerunt
895 4679 1134 4736 eumque
1153 4666 1210 4720 in
1230 4664 1396 4721 linem
1417 4665 1565 4721 circa
1586 4664 1835 4721 medium
1856 4680 1998 4723 saec.
2020 4673 2073 4722 2.
2095 4666 2294 4738 reliqui
2312 4666 2436 4722 libri
2452 4666 2743 4737 paullatim
2762 4676 2889 4724 sunt
