3050 5184
907 320 982 365 nr:
1023 321 1184 365 unm
1227 322 1476 366 lumcmr
1517 320 1951 366 merentum.
2578 300 2696 361 235

167 452 302 507 libro
321 468 580 524 quaerere
607 468 724 509 non
751 452 906 522 licet,
929 454 1182 525 quamvis
1199 470 1396 510 omnes
1423 454 1541 509 eius
1567 450 1785 509 numeri
1816 452 2029 509 veritati
2057 459 2386 508 consonent.
2408 478 2477 491 -
2497 448 2699 504 Levior

167 554 230 594 ac
257 540 340 595 vix
367 540 532 613 digna
559 540 896 597 refutatione
925 542 1100 598 altera
1129 552 1211 598 est
1240 542 1496 599 obiectio.
1530 541 1805 598 irridetur
1832 549 2025 597 auctor
2052 548 2243 597 noster
2270 548 2499 611 propter
2520 537 2695 593 artifi-

169 629 370 683 ciosum
405 644 639 698 nexum,
681 646 791 701 quo
826 628 1030 686 iterum
1060 632 1372 702 iterumque
1411 628 1608 687 eadem
1648 629 1787 687 serie
1824 628 2216 698 idololatriam,
2256 627 2692 700 oppressionem,

171 716 586 787 poenitentiam,
615 717 1000 773 liberationem
1033 718 1398 775 coniunxerit.
1427 722 1639 774 Auctor
1670 717 1878 775 scilicet
1913 732 2144 773 erronee
2176 716 2529 787 supposuisse
2566 712 2695 768 dici·

171 812 274 873 tur,
304 804 588 861 hostilibus
625 806 1036 863 incursionibus
1071 822 1288 885 semper
1325 808 1603 879 integrum
1638 807 1905 878 populum
1942 820 2062 861 csse
2104 804 2401 871 afflictum,
2444 801 2697 874 quamvis

173 908 274 947 una
313 900 526 949 tantum
569 893 815 951 alterave
851 895 1030 950 tribus
1059 910 1318 967 oppressa
1349 904 1520 963 esset3
1552 910 1731 967 neque
1769 895 1919 951 enim
1960 895 2053 950 illa
2098 901 2277 949 aetate
2334 891 2477 947 filios
2525 892 2696 946 Israel

174 995 326 1035 unam
346 980 746 1053 rempublicam
771 984 1142 1048 constituisse,
1166 998 1347 1053 neque
1367 998 1564 1039 eorum
1583 998 1672 1038 res
1695 990 1813 1037 tota
1834 982 1927 1037 illa
1948 990 2129 1037 aetate
2148 981 2207 1036 in
2226 981 2471 1051 peiorem
2490 988 2695 1035 statum

173 1082 375 1139 semper
400 1085 518 1125 esse
543 1077 814 1141 mutatas,
841 1070 938 1127 sed
965 1072 1025 1127 in
1051 1071 1371 1141 meliorem,
1404 1070 1583 1127 donec
1625 1070 1853 1126 tandem
1900 1084 2129 1139 capaces
2176 1068 2404 1132 fierent,
2434 1068 2530 1139 qui
2566 1082 2697 1138 rege

175 1156 334 1211 electo
373 1158 430 1212 in
474 1158 708 1230 perfecti
751 1160 907 1232 regni
955 1158 1192 1215 formam
1235 1175 1354 1215 sese
1396 1160 1817 1215 constituerent.
1848 1158 2181 1229 Blasphema
2228 1156 2509 1225 irrisione,
2558 1170 2699 1229 quae

177 1244 506 1311 praeiudiciis
536 1246 940 1303 rationalisticis
969 1246 1223 1316 debetur,
1255 1248 1456 1303 omissa
1485 1262 1755 1319 negamus
1782 1262 2001 1303 errores
2022 1247 2239 1304 auctori
2267 1245 2534 1303 obiectos.
2566 1245 2697 1301 Nul-

177 1330 260 1385 libi
300 1333 444 1388 enim
489 1336 712 1407 asserit,
743 1335 1020 1409 integrum
1059 1352 1278 1407 semper
1305 1337 1576 1408 populum
1602 1336 1673 1391 ab
1702 1335 1955 1391 hostibus
1999 1350 2118 1391 csse
2162 1350 2515 1407 oppressum;
2548 1341 2697 1389 recte

177 1428 346 1475 autem
371 1422 660 1493 supponit,
685 1424 856 1481 etiam
884 1423 1138 1480 ludicum
1165 1434 1414 1496 tempore
1450 1423 1594 1480 filios
1632 1424 1806 1481 Israel
1847 1438 2015 1480 unam
2053 1423 2455 1495 rempublicam
2491 1422 2696 1477 consti-

179 1508 356 1573 tuisse,
387 1518 661 1582 quatenus
688 1511 982 1568 duodecim
1015 1513 1192 1569 tribus
1222 1512 1394 1569 lsrael
1422 1511 1618 1569 iisdem
1654 1511 1867 1584 legibus
1894 1512 2145 1567 civilibus
2177 1520 2233 1567 et
2260 1510 2530 1583 religiosis
2556 1509 2695 1566 divi-

179 1595 312 1651 nitus
329 1596 472 1654 datis
490 1599 826 1671 regebantur
853 1608 908 1656 et
933 1600 1285 1668 uniebantur,
1307 1602 1410 1656 etsi
1429 1616 1544 1657 non
1568 1608 1683 1655 tam
1713 1608 1897 1655 arctus
1924 1609 2069 1657 essct
2091 1616 2281 1656 earum
2308 1616 2499 1664 nexus,
2530 1614 2696 1670 quam

182 1700 356 1756 regum
384 1694 584 1743 aetate.
619 1689 812 1759 Neque
854 1688 1008 1743 ullibi
1055 1690 1251 1745 asserit
1294 1697 1504 1753 auctor,
1541 1688 1783 1760 peiorem
1828 1704 2047 1760 semper
2093 1688 2301 1744 factum
2350 1703 2469 1744 esse
2510 1705 2698 1745 rerum

177 1781 386 1843 statum,
411 1774 512 1831 sed
532 1774 764 1833 eandem
783 1792 1002 1847 semper
1021 1777 1346 1833 remansisse
1366 1776 1529 1831 docet
1548 1776 1736 1849 populi
1764 1776 2173 1833 inclinationem
2201 1774 2273 1833 ad
2303 1776 2693 1848 idololatriam,

179 1866 232 1913 ut
257 1876 356 1917 nec
381 1863 587 1919 severis
613 1863 827 1920 iudiciis
849 1880 952 1921 nec
981 1864 1264 1920 beneficiis
1291 1866 1394 1920 Dei
1423 1880 1520 1936 per
1546 1866 1777 1937 longum
1797 1873 2021 1937 tempus
2042 1866 2098 1921 in
2122 1866 2285 1938 Legis
2313 1864 2697 1923 observatione

179 1950 386 2006 retineri
413 1953 680 2022 potuerit,
713 1952 860 2008 unde
897 1951 1124 2009 tandem
1159 1951 1368 2009 sactum
1396 1962 1506 2022 est,
1536 1960 1597 2008 ut
1625 1952 1721 2008 lilii
1750 1955 1921 2010 Israel
1945 1954 2147 2009 clarius
2179 1965 2607 2027 cognoscerent,
2638 1972 2698 2011 se

177 2044 388 2094 stream
417 2038 685 2111 gubernio
709 2039 984 2113 indigere,
1012 2057 1124 2113 quo
1150 2040 1208 2095 in
1234 2050 1384 2097 recta
1418 2041 1504 2096 via
1536 2040 1970 2097 continerentur.
2000 2043 2194 2113 ltaque
2222 2028 2545 2115 progressus
2572 2044 2696 2117 qui-

177 2122 294 2181 dam
319 2127 372 2181 in
401 2126 547 2183 libro
573 2137 766 2183 nostro
795 2144 988 2185 revera
1009 2128 1463 2198 deprehenditur,
1495 2129 1727 2185 minime
1750 2127 1979 2201 quidem
1999 2146 2032 2185 a
2054 2130 2303 2185 tribuum
2334 2130 2601 2188 divisione
2626 2131 2695 2188 ad

177 2214 318 2285 regni
353 2215 654 2281 unitatem,
695 2217 791 2273 sed
829 2216 901 2272 ab
937 2216 1344 2288 imperfectiore
1385 2217 1699 2288 cognitione
1732 2218 1925 2289 populi
1968 2217 2041 2274 ad
2077 2217 2491 2289 perfectiorem,
2527 2234 2699 2291 quum

177 2315 296 2357 suae
333 2302 669 2359 infirmitatis
707 2306 960 2365 conscius
995 2320 1184 2377 regem
1219 2305 1557 2376 postularet,
1583 2321 1616 2360 a
1639 2321 1751 2377 quo
1779 2306 1933 2363 iuxta
1971 2308 2177 2379 Legem
2204 2306 2307 2363 Dei
2342 2306 2697 2364 iudicaretur.

245 2458 302 2515 3.
329 2489 406 2499 -
428 2455 601 2515 Libri
629 2454 920 2515 Indicum
945 2454 1212 2515 divinam
1235 2459 1663 2516 auctoritatem
1693 2472 1944 2533 semper
1971 2458 2224 2533 agnovit
2242 2458 2503 2537 antiqua
2523 2476 2703 2536 syna-

177 2570 319 2631 goga
340 2557 402 2613 et
429 2552 736 2613 Ecclesia.
769 2552 832 2613 S.
865 2552 1092 2611 Paulus
1117 2569 1192 2611 ex
1220 2552 1327 2612 illo
1360 2553 1648 2630 exempla
1678 2570 1787 2612 sua
1815 2551 2043 2612 eodem
2072 2552 2286 2626 mod0,
2311 2571 2436 2631 quo
2464 2572 2539 2615 ex
2560 2556 2701 2615 aliis

177 2648 360 2723 libris,
401 2649 716 2709 desumsit
760 2648 920 2727 (Act.
975 2648 1185 2723 13,20;
1237 2647 1424 2709 Hebr.
1476 2648 1703 2729 11‚32);
1755 2648 2049 2709 Siracides
2106 2650 2348 2709 Iudices
2405 2652 2697 2723 celebrat,

178 2762 427 2821 quorum
455 2745 764 2806 memoria
792 2746 1004 2806 sutura
1035 2746 1114 2805 sit
1141 2746 1206 2806 in
1234 2746 1672 2806 benedictione
1690 2792 1704 2817 ,
1729 2744 1808 2805 ad
1838 2749 2123 2805 nostrum
2151 2746 2388 2807 librum
2416 2748 2702 2809 alludens

181 2840 374 2917 (Eccli.
408 2842 592 2915 46‚13
619 2842 810 2919 sqq.),
845 2840 1046 2901 Isaias
1077 2841 1560 2903 Madianitarum
1594 2842 2069 2920 oppressionem
2099 2846 2162 2903 et
2190 2842 2433 2903 cladem
2464 2844 2529 2903 in
2561 2860 2701 2904 me-

177 2940 425 2999 moriam
453 2941 710 2999 revocat
740 2938 844 3016 (Is.
874 2941 979 3011 9,4
1005 2938 1226 3011 ;10,26
1251 2938 1341 2999 cfr
1361 2938 1561 2998 ludio.
1596 2940 1629 2997 7
1637 2941 1757 3012 ,22
1784 2938 1907 3018 25),
1934 2941 2291 3001 Psalmiscae
2310 2957 2436 2999 non
2456 2944 2701 3000 tantum

177 3052 488 3097 summum
517 3036 652 3096 eius
685 3039 1125 3114 argumentum
1147 3036 1361 3113 paucis
1391 3035 1961 3113 comprehendunt,
1992 3036 2101 3096 sed
2122 3036 2427 3097 nonnulla
2451 3054 2702 3115 quoque

176 3132 322 3193 facta
367 3132 706 3210 singularia
750 3135 1247 3193 commemorant
1287 3132 1550 3208 eiusque
1589 3132 1800 3193 verbis
1838 3136 2101 3193 utuntur
2136 3132 2265 3213 (Ps.
2306 3135 2495 3205 8210
2524 3150 2661 3212 sqq.
2683 3154 2713 3211 ς,

176 3230 383 3301 105,34
407 3246 585 3306 sqq.;
614 3228 779 3301 97,8.
808 3229 868 3287 9.
894 3228 984 3289 cfr
1011 3228 1202 3289 ludio.
1235 3230 1363 3308 5‚4.
1388 3232 1425 3289 5
1447 3227 1593 3308 etc).

237 3344 422 3414 Neque
449 3341 726 3398 divinitati
753 3340 878 3397 libri
901 3341 1111 3413 obstat,
1136 3340 1286 3414 quod
1313 3342 1579 3397 nonnulla
1604 3350 1821 3411 narret,
1845 3357 1988 3413 quae
2014 3341 2231 3415 legibus
2259 3344 2565 3400 moralibus
2590 3360 2704 3401 non

176 3438 465 3486 consonant
494 3434 643 3497 (3‚18
671 3446 818 3501 sqq.;
843 3436 972 3496 4,ss
1002 3434 1179 3502 sqq.),
1207 3430 1278 3485 de
1307 3428 1580 3487 eiusmodi
1609 3430 1756 3485 enim
1788 3426 1946 3486 factis
1974 3430 2149 3500 valet,
2184 3430 2332 3502 quod
2364 3432 2423 3487 S.
2456 3432 2704 3487 Thomas

176 3516 236 3573 de
261 3517 446 3573 Iudith
481 3516 646 3573 docet
671 3534 686 3573 ε
723 3538 748 3567 α
781 3516 1008 3589 quidam
1035 3516 1498 3573 commendantur
1521 3517 1579 3571 in
1606 3518 1969 3589 S.·Scriptura
1997 3534 2111 3573 non
2146 3529 2373 3589 propter
2404 3518 2703 3590 perfectam

175 3606 439 3676 virtutem,
453 3604 552 3661 sed
571 3613 798 3677 propter
813 3604 1112 3677 quamdam
1133 3607 1348 3661 virtutis
1365 3604 1633 3673 indolem,
1652 3604 1856 3661 scilicet
1872 3606 1997 3676 quia
2018 3606 2320 3677 apparebat
2336 3606 2393 3662 in
2412 3608 2489 3663 eis
2509 3608 2706 3679 aliquis

179 3692 452 3750 laudabilis
480 3692 741 3761 affectus,
774 3707 842 3748 ex
882 3710 990 3765 quo
1021 3693 1390 3750 movebantur
1424 3692 1495 3749 ad
1529 3690 1800 3765 quaedam
1839 3692 2083 3749 indebita
2112 3692 2365 3749 facienda
2392 3716 2416 3745 υ
2458 3696 2703 3761 (Summa

177 3780 247 3837 th.
277 3783 350 3837 11.
383 3786 435 3837 2.
469 3797 564 3853 qu.
606 3786 706 3838 110
735 3796 786 3837 a.
827 3786 882 3837 3.
915 3780 985 3837 ad
1017 3787 1091 3850 3).
1119 3782 1300 3838 Multo
1337 3782 1519 3837 minus
1558 3790 1750 3837 contra
1789 3780 1913 3837 libri
1952 3780 2295 3837 divinitatem
2328 3792 2577 3855 pugnant
2616 3798 2703 3851 ea,

177 3883 300 3939 quae
335 3868 406 3925 de
431 3872 700 3925 samsone
726 3878 935 3925 narrat.
978 3870 1083 3925 Illa
1115 3869 1290 3941 enim,
1323 3885 1465 3942 quae
1501 3868 1883 3941 peccaminosa
1918 3870 2057 3941 egit,
2089 3878 2283 3925 auctor
2319 3870 2558 3926 fideliter
2588 3869 2705 3942 qui-

179 3957 288 4012 dem
324 3954 521 4024 refert,
557 3956 656 4013 sed
684 3973 797 4012 non
833 3958 1132 4029 approbat3
1165 3974 1308 4030 quae
1337 3974 1467 4013 vero
1508 3960 1661 4013 Deus
1697 3957 1953 4013 Samsoni
1984 3956 2278 4028 praestitit,
2312 3973 2376 4012 ea
2415 3960 2469 4012 in
2512 3957 2702 4028 populi

179 4040 390 4107 gratiam
418 4038 600 4107 dedit,
638 4054 752 4093 non
789 4053 919 4093 vero
953 4037 1024 4093 ob
1058 4040 1340 4093 Samsonis
1378 4040 1596 4094 merita.
1635 4040 1893 4096 Ceterum
1932 4041 2163 4111 epistola
2203 4040 2273 4096 ad
2316 4040 2484 4095 Hebr.
2508 4083 2521 4105 ,
2565 4054 2707 4111 quae

179 4126 478 4182 Samsonem
507 4126 653 4182 inter
691 4123 820 4181 fidei
851 4134 1018 4181 testes
1055 4133 1373 4195 enumerat,
1412 4142 1540 4181 eum
1574 4148 1599 4177 α
1640 4143 1699 4182 se
1734 4127 1913 4199 ipsum
1948 4144 2075 4183 cum
2107 4127 2357 4183 hostibus
2394 4127 2555 4182 ruina
2598 4126 2704 4182 do-

179 4226 286 4269 mus
318 4214 650 4286 oppressisse
689 4212 880 4283 docet,
911 4213 1040 4285 quia
1070 4213 1323 4283 Spiritus
1361 4213 1611 4270 latenter
1645 4214 1752 4270 Ιιοσ
1774 4216 2061 4285 iusserat,
2092 4217 2185 4287 qui
2216 4231 2313 4285 per
2341 4214 2501 4269 illum
2531 4216 2705 4271 mira-

181 4302 282 4357 cula
317 4302 521 4359 iecerat
557 4322 584 4353 n
630 4305 705 4369 (S.
747 4300 940 4373 Any).
984 4301 1214 4373 Iephtae
1257 4300 1482 4357 demum
1521 4311 1714 4358 votum
1754 4302 1967 4358 nullam
2004 4311 2157 4358 creat
2201 4300 2588 4358 difficultatem
2618 4304 2698 4371 ei,

181 4390 262 4461 qui
293 4406 415 4447 cum
451 4391 644 4447 multis
679 4398 734 4445 et
772 4390 1007 4462 egregiis
1043 4388 1438 4461 interpretibus
1482 4388 1797 4460 admiserit,
1840 4407 1967 4447 eum
2011 4390 2187 4445 filiam
2230 4406 2390 4445 suam
2431 4400 2698 4463 perpetua

182 4477 466 4552 virginitate
491 4480 614 4534 Deo
645 4475 932 4533 obtulisse.
