3050 5184
488 252 565 296 ne
604 251 904 298 manorum
946 254 1173 300 esame
1214 253 1598 310 ascensuro,
1644 254 1981 310 ammons,
2028 255 2197 299 rma.
2491 240 2604 300 271

200 449 235 538 ξ
260 458 354 519 33.
388 492 468 504 —
498 457 596 522 De
611 456 998 546 praecipuis
1028 458 1520 524 commentariis
1551 458 1893 525 catholicis
1917 458 1992 524 in
2017 457 2216 525 libros
2241 458 2518 524 Esdrae.

186 653 316 708 inter
361 656 615 726 antiquos
662 659 899 716 Panas
952 673 1118 714 nemo
1169 658 1379 715 Esdrae
1434 659 1605 716 libros
1651 659 2062 715 commentariis
2114 659 2398 728 instruxit3
2461 659 2612 715 solus

135 742 187 794 V.
213 741 361 796 Beda
386 741 561 799 edidit
591 764 619 796 κ
644 745 701 800 in
722 745 883 801 Esdr.
912 755 969 802 et
989 745 1222 802 Nehem.
1246 747 1634 819 alleqorioam
1658 748 2056 818 expositionem
2077 767 2128 815 n,
2156 763 2324 821 quam
2343 747 2614 818 excerpsit

132 829 262 883 Wal.
308 829 539 887 Strabo.
582 863 651 874 -
698 835 911 890 Manu
954 847 1150 892 Anus
1198 851 1417 908 quoque
1458 843 1676 908 praeter
1714 835 1970 892 Postillas
2009 837 2306 908 Huqonis,
2348 837 2609 906 Lyram,

130 915 473 974 carthusiani
502 919 645 976 nihil
670 921 828 978 nohis
852 920 923 977 de
950 921 1007 979 ll.
1037 922 1249 979 Esdrae
1282 923 1605 979 transmisit.
1641 953 1714 966 --
1741 925 2167 982 Renum-rous
2200 937 2614 981 ursanus-ms

130 1005 361 1076 praecipui
398 1016 530 1063 sunt
562 1009 623 1064 C.
663 1009 963 1067 Smenos
1005 1011 1061 1066 S.
1107 1011 1155 1066 1.
1196 1012 1431 1078 (Comm.
1478 1012 1538 1067 in
1579 1011 1636 1067 ll.
1675 1010 1858 1081 Ruth,
1899 1009 2138 1081 Esdrae,
2169 1011 2470 1068 Nehemiac
2503 1021 2610 1067 etc.

132 1089 341 1163 Lugduni
376 1101 589 1164 1628.);
620 1101 695 1151 Α.
736 1098 1066 1154 Crommt'us
1096 1100 1155 1155 S.
1191 1100 1237 1154 Ι.
1274 1101 1361 1166 (ln
1390 1099 1556 1156 Iob...
1591 1098 1844 1168 Esdram,
1880 1098 2111 1154 Nehem.
2149 1099 2376 1155 Lovanii
2412 1105 2612 1166 1632.),

130 1178 227 1234 Nic.
258 1183 630 1240 Lombardus
652 1186 709 1242 S.
742 1187 788 1241 1.
815 1187 903 1254 (ln
922 1185 1155 1242 Nebem.
1176 1195 1233 1242 et
1252 1185 1413 1242 Esdr.
1436 1185 1810 1243 commentar.
1829 1187 2000 1253 liter.,
2025 1202 2188 1255 mor„
2212 1188 2375 1259 alleg.
2397 1187 2618 1242 Parisiis

130 1271 295 1334 16430,
322 1275 493 1344 Leop.
528 1272 969 1346 Mausolaberqer
992 1275 1050 1330 S.
1077 1277 1125 1330 1.
1153 1273 1255 1347 (cfr
1282 1273 1311 1348 ξ
1338 1275 1455 1346 29),
1476 1283 1583 1331 etc.
1627 1305 1698 1316 -·-
1723 1273 2110 1330 Recentissimi
2137 1284 2264 1330 sunt
2292 1280 2361 1331 B.
2387 1274 2619 1332 Neteler

129 1355 223 1452 ([ξίε
248 1359 344 1502 ΒΞ.
382 1359 617 1428 Esdras,
647 1359 943 1418 Ncbemias
971 1377 1030 1418 u.
1058 1361 1277 1419 Esther.
1305 1361 1559 1418 Miinster
1599 1363 1776 1434 1877.)
1811 1371 1869 1420 et
1897 1362 2066 1420 Claa'r
2094 1361 2317 1430 (Esdras
2347 1372 2405 1418 et
2428 1363 2616 1419 Nehe-

128 1457 248 1498 mias.
316 1448 424 1518 aris
451 1453 655 1516 1882.).

1097 1733 1395 1802 CAPUT
1436 1735 1636 1801 VIIL
1731 1691 1757 1788 s

1012 1957 1106 2008 DE
1144 1957 1367 2008 LIBRO
1406 1957 1695 2008 TOBIAE.

394 2193 431 2276 ξ
462 2196 569 2258 3t.
606 2229 691 2239 ——
734 2193 827 2257 De
861 2190 1021 2257 libri
1058 2191 1296 2257 Tobiae
1328 2191 1642 2272 textibus,
1675 2203 2109 2282 arqumenw,
2145 2193 2307 2281 fine.

187 2393 233 2449 l.
258 2425 335 2436 —
360 2393 553 2453 Liber
574 2393 827 2466 Tobiae,
852 2394 1031 2454 cuius
1050 2398 1258 2455 textus
1280 2394 1693 2473 primigenius
1714 2395 2042 2457 hebraicus
2075 2394 2332 2464 interiit,
2358 2398 2626 2472 quatuor

128 2489 449 2567 praecipuis
484 2489 989 2562 recensionibuS,
1021 2475 1141 2551 una
1171 2491 1364 2551 latina
1396 2489 1667 2572 (Vulq.),
1710 2491 1911 2551 tribus
1942 2493 2212 2569 graeciS,
2253 2508 2409 2569 quae
2450 2491 2625 2570 siglis

127 2581 209 2641 Gr.
234 2587 335 2664 A„
362 2587 469 2662 R„
504 2587 573 2646 C.
605 2585 919 2664 designari
956 2587 1197 2658 solent,
1230 2604 1570 2666 earumque
1610 2588 2005 2648 versionibus
2037 2592 2256 2648 exstat.
2286 2587 2472 2658 Quae,
2505 2588 2625 2648 etsi

126 2677 263 2740 inter
300 2700 365 2742 se
408 2683 739 2756 differant,
780 2699 999 2747 omnes
1040 2687 1249 2744 tamen
1301 2684 1522 2746 eadem
1565 2684 1728 2744 faeta
1766 2682 1992 2744 eodem
2027 2683 2246 2744 ordine
2284 2684 2626 2745 referentes

124 2779 299 2850 quoad
335 2780 750 2840 substantiam
790 2783 1162 2851 consonant,
1197 2780 1285 2840 ita
1313 2785 1380 2840 ut
1410 2797 1631 2840 omnes
1659 2784 1932 2856 quatuor
1953 2797 2068 2857 pro
2096 2779 2472 2840 authenticis
2503 2781 2630 2840 sint

126 2873 519 2936 admittendae
538 2925 551 2948 ‚
584 2879 805 2952 utpote
834 2876 1022 2954 longo
1048 2876 1453 2936 ecclesiarum
1484 2875 1928 2936 catholicarum
1957 2893 2072 2936 usu
2107 2877 2502 2953 approbatae.

180 2978 419 3034 latinum
448 2980 721 3051 vulgatae
745 2987 967 3035 nostrae
991 2988 1207 3036 textum
1233 2981 1289 3035 S.
1322 2980 1716 3051 Hieronymus,
1747 2987 2042 3050 antequam
2072 2981 2290 3051 linguae
2315 2978 2628 3036 chaldaicae

126 3062 219 3132 ipse
242 3065 547 3135 studuerat,
578 3083 609 3122 a
640 3067 869 3124 rabbino
896 3067 1185 3124 hebraicae
1211 3076 1268 3122 et
1294 3066 1616 3123 chaldaicae
1637 3067 1950 3138 linguarum
1976 3066 2305 3136 peritissimo
2329 3066 2546 3123 adiutus
2565 3084 2628 3123 ex

124 3149 379 3211 chaldaico
406 3153 653 3229 quodam
676 3155 979 3226 exemplari
1003 3155 1309 3211 adornavit.
1339 3156 1628 3227 Integrum
1648 3153 1871 3226 quidem
1899 3154 2244 3210 chaldaicum
2263 3163 2495 3225 textum,
2522 3173 2631 3228 quo

128 3253 233 3295 usus
257 3251 337 3298 est
362 3245 421 3301 S.
452 3245 687 3311 Ductor,
716 3259 832 3298 non
854 3243 1093 3315 amplius
1117 3241 1463 3314 possidemus
1492 3245 1534 3312 ¹,
1568 3242 1670 3299 sed
1695 3243 1847 3298 nulla
1879 3250 1962 3298 est
1988 3241 2278 3298 dubitandi
2303 3243 2468 3308 ratio,
2500 3244 2632 3316 quin

126 3326 417 3402 primigenio
447 3331 752 3402 exemplari
776 3331 909 3387 satis
929 3338 1185 3387 accurate
1206 3329 1571 3403 responderit.
1599 3333 1773 3387 Porro
1793 3331 1849 3386 S.
1873 3331 2270 3404 Hieronymum
2289 3331 2347 3386 in
2365 3347 2430 3387 eo
2459 3340 2634 3387 trans-

128 3412 325 3473 ferendo
352 3417 622 3487 eandem,
652 3435 820 3491 quam
848 3417 906 3474 in
932 3419 1157 3490 reliquis
1186 3418 1364 3486 libris,
1389 3418 1714 3474 fidelitatem
1744 3417 2086 3486 exhibuisse,
2117 3418 2235 3474 iure
2271 3418 2536 3488 creditur,
2565 3420 2634 3475 li-

126 3511 197 3556 eet
218 3503 349 3562 forte
376 3507 558 3579 magis
592 3527 619 3557 α
646 3521 870 3562 sensum
900 3523 929 3561 e
958 3522 1154 3574 sensu,
1186 3521 1355 3577 quam
1378 3522 1408 3561 e
1438 3505 1606 3562 verbo
1624 3505 1854 3561 verbum
1877 3527 1901 3556 n
1932 3505 2270 3561 transferens
2298 3521 2329 3560 a
2358 3508 2634 3564 nonnullis

128 3593 629 3662 amplificationibus
672 3610 788 3649 non
832 3593 1182 3664 abstinuerit3
1236 3609 1429 3650 revera
1476 3593 1547 3649 ab
1594 3593 1850 3649 omnibus
1877 3594 1999 3650 aliis
2029 3592 2361 3650 editionibus
2387 3595 2637 3651 exsulant

133 3679 281 3752 ηις.
310 3687 577 3752 2‚12-1e;
611 3687 869 3752 3‚19-2⁴;
900 3687 1149 3750 c‚1c-1s.
1181 3688 1271 3738 20.
1297 3688 1397 3751 21;
1428 3689 1542 3751 s‚4.
1568 3687 1633 3751 ες
1663 3687 1792 3750 9‚12
1818 3681 1907 3751 b.;
1943 3687 2087 3753 11,9.
2119 3682 2314 3754 ltaque
2342 3680 2412 3738 de
2438 3683 2638 3755 Vulga-

130 3771 203 3820 tae
224 3777 439 3826 nostrae
467 3769 735 3826 fidelitate
755 3769 995 3841 prudens
1014 3786 1127 3825 non
1147 3768 1382 3838 dubitat,
1414 3769 1582 3842 idque
1609 3785 1674 3826 eo
1704 3770 1906 3840 minus,
1931 3786 2040 3842 quo
2059 3771 2265 3826 certius
2283 3777 2384 3837 est,
2406 3771 2464 3826 S.
2489 3772 2638 3827 Doc-

132 3859 285 3911 torem
309 3873 419 3914 una
448 3873 580 3914 cum
606 3865 760 3913 textu
798 3856 1086 3914 chaldaico
1128 3859 1293 3913 etiam
1338 3856 1622 3929 antiquam
1663 3855 1861 3913 {talam
1898 3873 2114 3929 semper
2154 3873 2288 3929 prae
2331 3857 2501 3912 oculis
2539 3857 2638 3914 ha·

183 4021 239 4084 (1)
264 4025 560 4076 chaldaica
588 4025 706 4075 libri
738 4023 925 4075 Tobiae
956 4026 1123 4076 versio
1148 4023 1391 4074 oblivioni
1422 4023 1572 4088 plane
1593 4027 1704 4076 erat
1725 4025 1868 4086 data,
1896 4024 2102 4089 quando
2124 4027 2240 4075 ante
2265 4037 2448 4088 paucos
2475 4036 2636 4072 annos

132 4097 223 4152 eius
240 4105 462 4156 recensio
484 4104 737 4169 quaedam
761 4104 814 4154 in
836 4103 1099 4154 chaldaico
1127 4103 1351 4167 quodam
1378 4105 1628 4154 Geneeeos
1650 4103 2016 4156 commentario
2043 4102 2310 4168 (Midrasch
2343 4102 2636 4152 Bereschith

134 4177 297 4246 Rabba}
316 4183 517 4234 detecta
539 4188 643 4244 est3
664 4189 719 4234 at
742 4197 845 4234 non
866 4184 1059 4248 integra
1084 4182 1149 4233 ad
1165 4197 1260 4234 nos
1284 4182 1530 4246 pervenit.
1547 4183 1752 4232 Etenim
1765 4183 2114 4232 commentarii
2133 4186 2314 4232 auctor
2332 4181 2434 4231 duo
2459 4180 2638 4231 ultima

134 4259 297 4322 capita,
324 4263 513 4327 quibus
540 4261 606 4312 ad
633 4263 782 4313 tinem
811 4277 957 4313 suum
994 4277 1091 4312 non
1124 4261 1367 4326 indiguit,
1391 4261 1564 4311 omisit
1591 4265 1643 4311 et
1668 4261 1722 4310 in
1757 4262 2048 4311 narratione
2080 4261 2188 4324 ipsa
2222 4259 2466 4310 nonnulla
2498 4275 2638 4310 com-

134 4338 350 4396 pendioso
382 4342 534 4393 modo
570 4341 797 4393 reddidit
824 4342 935 4406 (cfr
966 4341 1059 4392 Ad.
1090 4341 1377 4392 Ncubauer
1405 4339 1509 4391 The
1535 4339 1671 4390 book
1703 4339 1762 4389 of
1782 4339 1946 4390 Tobit.
1985 4343 2022 4390 Α
2057 4337 2263 4391 chaldee
2287 4342 2413 4390 text.
2447 4339 2639 4390 Oxford

138 4417 293 4479 1878.).
316 4421 621 4472 chaldaicus
640 4425 813 4472 textus
828 4459 840 4480 ‚
863 4421 981 4471 lieet
1004 4434 1033 4469 a
1064 4421 1208 4482 Vulq.
1232 4418 1429 4482 longius
1444 4433 1600 4483 quam
1620 4433 1651 4469 a
1669 4423 1758 4471 Gr.
1782 4422 1844 4469 B.
1869 4417 2097 4476 recedat,
2119 4418 2172 4467 in
2195 4433 2254 4470 eo
2277 4422 2444 4468 tamen
2463 4422 2640 4470 contra

134 4493 333 4560 reliquas
354 4501 617 4551 versiones
640 4514 757 4551 cum
786 4499 874 4550 illa
904 4499 1181 4558 consentit,
1212 4499 1349 4563 quod
1378 4499 1554 4549 statim
1577 4513 1608 4548 a
1630 4498 1882 4563 principio
1899 4498 1962 4549 de
1979 4497 2138 4548 Tobia
2155 4499 2355 4550 tertiam
2375 4512 2640 4564 personam

138 4572 376 4639 adhibeam
402 4579 457 4629 in
486 4579 697 4645 reliquis
728 4593 885 4645 usque
908 4579 971 4630 ad
996 4583 1075 4640 3,6
1098 4579 1281 4630 Tobias
1302 4579 1466 4642 prima
1490 4591 1705 4642 persona
1732 4591 1812 4628 res
1840 4591 1958 4629 suas
1987 4582 2174 4630 narrat.
