3050 5184
377 261 494 320 250
565 278 637 322 DE
679 279 815 324 vm·-
863 281 1115 324 TESTAM.
1163 280 1349 325 Limus
1391 280 1743 324 uls'romcls.
1791 298 1869 306 —
1908 281 2039 324 CAP.
2086 283 2167 324 tv.
2216 281 2291 324 DE
2330 280 2418 323 Lx..
2465 267 2524 324 3.
2572 267 2627 322 4.
2664 277 2882 322 nmen.

378 415 645 474 moratur,
673 411 766 480 qui
794 405 946 464 cultu
974 410 1158 466 divino
1181 419 1343 465 aucto
1367 411 1671 476 (Salomon)
1701 412 1786 465 vel
1814 411 2067 466 restituto
2094 410 2409 480 (EzechiaS‚
2440 409 2630 476 losias)
2656 417 2753 464 aut
2780 407 2887 463 ido-

378 492 593 550 lolatria
639 496 951 552 introducta
995 504 1050 552 et
1094 506 1346 567 promota
1389 497 1803 564 (leroboam1.‚
1849 497 2071 565 Achab,
2104 499 2319 566 loram,
2350 513 2509 568 reges
2540 495 2729 562 lsrael)
2767 510 2891 564 prae

380 582 574 636 celeris
593 583 968 652 eminuerunt3
992 584 1298 640 accuratius
1321 600 1539 656 quoque
1557 593 1748 640 narrat
1762 627 1777 652 ,
1798 583 1928 655 quid
1950 586 2094 640 Elias
2108 627 2122 652 ‚
2146 585 2359 641 Eliseus
2374 585 2577 656 aliique
2596 583 2891 655 prophetae.

381 669 620 738 egerint,
652 685 712 724 ut
742 687 900 738 reges
937 680 992 727 et
1029 672 1290 742 populum
1325 670 1399 726 ad
1449 673 1648 742 Legem
1687 670 2015 727 reducerent
2043 672 2126 726 vel
2155 672 2213 727 in
2250 687 2317 728 ea
2344 672 2665 727 retinerent.
2690 668 2891 738 Quodsi

379 769 445 808 ex
469 754 575 811 hae
596 759 923 813 narrationis
949 757 1132 814 indole
1159 759 1278 813 iure
1305 758 1414 813 iam
1443 759 1776 829 colligimuS‚
1811 767 2093 830 auctorem
2121 758 2431 814 describere
2468 760 2730 820 voluisse,
2760 773 2893 828 quo-

382 841 548 897 modo
567 845 732 898 etiam
755 854 880 915 post
896 845 1265 902 introductam
1290 846 1496 918 regiam
1515 845 1843 912 dignitatem
1861 847 2193 917 prosperitas
2212 846 2453 902 liliorum
2484 846 2655 902 lsrael
2686 860 2895 900 eorum-

383 945 489 1001 que
517 931 846 1002 reipublicae
873 933 943 990 ab
971 932 1354 990 observatione
1389 934 1548 1005 Legis
1584 932 1909 1003 dependerit
1936 943 1992 989 et
2018 934 2244 990 ubinam
2276 949 2611 1004 poenarum,
2642 947 2781 1004 quas
2808 931 2895 986 filii

384 1019 554 1074 lsrael
581 1019 875 1076 destructis
902 1021 1085 1092 regnis
1111 1022 1168 1076 in
1203 1021 1577 1091 captivitatem
1617 1019 1841 1076 abducti
1874 1021 2127 1084 luerunt,
2161 1036 2289 1076 vera
2320 1029 2379 1076 et
2408 1021 2603 1076 ultima
2640 1035 2807 1076 eausa
2834 1019 2897 1072 sit

383 1105 719 1176 quaerenda,
735 1108 1012 1164 conclusio
1033 1106 1167 1164 haec
1187 1117 1340 1164 extra
1353 1123 1575 1164 omnem
1594 1107 1990 1163 dubitationem
2007 1109 2230 1176 ponitur
2248 1108 2411 1178 longa
2430 1107 2524 1162 illa
2542 1105 2895 1180 digressione,

385 1207 493 1263 qua
531 1195 906 1250 narrationem
952 1195 1209 1251 interitus
1249 1195 1404 1262 regni
1458 1196 1630 1250 lsrael
1669 1195 1925 1250 terminat
1980 1195 2465 1266 narrationemque
2517 1195 2700 1250 ultimi
2756 1193 2900 1248 exitii

383 1281 540 1352 regni
568 1281 702 1337 Iuda
721 1291 1021 1353 ,praeparat
1048 1284 1164 1348 (IV.
1197 1282 1432 1352 17,6-22)
1459 1301 1474 1336 z
1503 1283 1709 1337 iustam
1733 1283 1881 1337 enim
1914 1283 2053 1339 iram
2084 1282 2186 1338 Dei
2212 1283 2449 1353 peccatis
2477 1281 2901 1352 idololatriaqur

385 1368 757 1424 israelitarum
786 1379 1138 1439 provocatam
1167 1368 1368 1424 diserte
1393 1369 1559 1424 docet
1586 1385 1704 1425 esse
1733 1384 1961 1424 eausam
1987 1370 2242 1425 interitus
2260 1369 2553 1424 amborum
2580 1384 2897 1440 regnorum.

454 1457 643 1526 Neque
678 1466 866 1512 tamen
903 1457 1141 1512 divinam
1179 1457 1448 1512 iustitiam
1484 1458 1543 1513 in
1570 1472 1867 1528 regnorum
1895 1457 2059 1512 exitio
2093 1459 2169 1512 ita
2199 1456 2579 1512 demonstrare
2610 1456 2817 1522 voluit,
2846 1466 2902 1508 ut

385 1545 646 1614 populum
670 1545 787 1600 sine
809 1559 906 1615 spe
932 1545 1183 1599 relictum
1208 1543 1577 1613 desperationi
1605 1543 1891 1612 obiiceret3
1918 1543 2016 1599 sed
2040 1543 2443 1600 misericordiae
2472 1543 2687 1600 divinae
2717 1558 2901 1598 recor-

385 1630 606 1686 datione
625 1631 838 1686 animos
859 1633 1018 1686 simul
1046 1632 1216 1686 voluit
1238 1633 1449 1702 erigere
1469 1630 1856 1703 efficaciusque
1876 1630 1949 1686 ad
1968 1631 2127 1703 Legis
2147 1631 2551 1687 observantiam
2580 1631 2865 1686 exhortari
2886 1649 2897 1682 ε

387 1719 512 1774 hinc
541 1718 799 1789 frequens
837 1719 930 1774 illa
975 1721 1241 1774 memoria
1289 1718 1716 1789 promissionum
1744 1718 1934 1774 domui
1976 1718 2258 1774 davidicae
2286 1720 2603 1790 populoque
2646 1718 2902 1774 datarum

387 1807 512 1877 (ΠΙ.
537 1811 648 1872 2,4.
681 1811 780 1872 24;
809 1811 927 1874 3‚6;
959 1811 1116 1874 6‚12;
1157 1812 1282 1874 8‚25
1323 1821 1431 1877 sq.;
1471 1811 1564 1874 9,5
1601 1810 1731 1872 etc.)
1768 1805 2302 1877 beneficiorumque.
2334 1822 2479 1877 quae
2514 1807 2757 1877 peccatis
2796 1821 2902 1860 non

386 1892 730 1948 obstantibus
762 1894 914 1948 Deus
942 1894 1143 1963 populo
1172 1893 1360 1965 largiri
1391 1908 1502 1949 non
1532 1894 1789 1958 cessavit,
1818 1895 2229 1965 quamprimum
2259 1895 2477 1965 signum
2504 1893 2739 1964 aliquod
2774 1909 2903 1947 con-

387 1979 650 2036 versionis
673 1980 732 2034 in
759 1979 978 2052 regibus
1005 1979 1393 2050 deprehendit3
1425 1980 1555 2036 hine
1584 1996 1805 2052 quoque
1826 1981 1885 2036 in
1910 1981 2020 2036 tine
2048 1981 2405 2048 narrationis,
2435 1979 2657 2051 quando
2686 1979 2827 2035 urbe
2854 1987 2905 2034 et

386 2069 592 2139 templo
630 2066 921 2123 destructis
957 2068 1270 2139 populoque
1297 2083 1364 2122 ex
1404 2067 1743 2124 haereditate
1771 2069 2040 2137 promissa
2076 2068 2252 2123 eiecto
2290 2069 2471 2123 omnis
2506 2082 2629 2137 spes
2667 2067 2903 2124 abscissa

387 2171 504 2211 esse
541 2154 849 2221 videbatur,
876 2155 1165 2210 lechonias
1191 2171 1222 2210 e
1249 2171 1472 2210 carcere
1499 2155 1733 2210 eductus
1754 2164 1812 2210 et
1836 2156 1895 2210 in
1920 2154 2187 2211 thronum
2216 2156 2460 2211 elevatus
2484 2153 2820 2216 ostenditur,
2852 2161 2907 2206 ut

387 2242 632 2298 nondum
669 2243 856 2298 omnia
892 2257 1011 2298 esse
1045 2241 1330 2313 deperdita
1358 2252 1641 2314 appareat.
1672 2273 1743 2282 —
1769 2245 1897 2299 Non
1930 2243 2211 2298 immerito
2244 2242 2411 2314 igitur
2438 2239 2609 2297 libros
2638 2240 2748 2296 hos
2776 2240 2904 2295 diei-

387 2345 510 2385 mus
528 2338 856 2400 perpetuum
873 2345 994 2385 esse
1013 2329 1472 2386 commentarium
1503 2330 1769 2400 praeclari
1798 2330 2065 2396 vaticinii,
2092 2345 2203 2400 quo
2222 2332 2373 2386 Deus
2402 2328 2599 2384 Davidi
2622 2337 2904 2384 aeternum

385 2418 648 2473 thronum
676 2417 926 2487 promisit
953 2415 1304 2489 futuramque
1331 2427 1539 2472 sortem
1569 2416 1768 2472 domus
1794 2417 1911 2472 eius
1948 2416 2299 2472 adumbravit
2324 2421 2376 2482 (2
2406 2421 2539 2486 Περ.
2566 2420 2843 2481 74246).

867 2629 910 2717 ξ
941 2635 1050 2719 23.
1085 2665 1172 2677 —-
1203 2631 1296 2692 De
1325 2627 1649 2693 librorum
1678 2635 1742 2694 3.
1774 2635 1836 2694 b.
1872 2632 2124 2716 Reqzcm
2154 2627 2433 2715 oriffl'ne.

468 2852 522 2908 1.
555 2883 634 2893 —-
662 2849 830 2909 Libri
859 2851 916 2908 3.
950 2853 1005 2908 4.
1038 2851 1276 2925 Regum
1308 2864 1504 2908 unum
1534 2852 1597 2907 et
1624 2848 2008 2924 completum
2042 2848 2431 2906 constituunt
2454 2865 2635 2925 opus,

453 2963 644 3016 Unum
672 2961 815 3015 enim
845 2961 902 3014 in
932 2961 1010 3014 eis
1033 2960 1246 3014 obtinet
1274 2958 1568 3013 consilium
1592 2959 1917 3030 omniaque,
1943 2973 2085 3030 quae
2110 2958 2168 3012 in
2194 2957 2271 3013 eis
2294 2969 2611 3026 narrantur,
2644 2960 2721 3016 ad
2748 2974 2911 3016 unum
3013 2985 3014 3012 ;

387 3049 554 3104 finem
587 3047 853 3114 tendunt3
887 3063 1061 3101 unum
1100 3062 1320 3117 quoque
1355 3054 1440 3101 est
1467 3060 1661 3100 eorum
1697 3053 2085 3118 argumentum
2120 3046 2496 3118 accuratisque
2524 3046 2794 3104 limitibus
2819 3049 2911 3101 cir·

387 3135 714 3206 cumscripta
756 3131 1044 3204 perioduS,
1071 3133 1227 3188 cuius
1265 3132 1551 3188 historiam
1588 3131 1845 3202 tradunt3
1884 3148 2013 3188 nam
2038 3147 2071 3189 a
2106 3152 2133 3183 α
2158 3132 2358 3188 domus
2386 3132 2488 3189 Dei
2515 3154 2540 3184 a
2568 3142 2626 3189 et
2654 3155 2681 3184 α
2710 3135 2911 3190 domus

389 3222 666 3278 davidieae
700 3241 726 3272 n
762 3220 1140 3278 aedificatione
1182 3221 1364 3276 exorsi
1405 3221 1781 3276 narrationem
1823 3236 1998 3291 usque
2044 3218 2113 3276 ad
2138 3239 2165 3270 α
2186 3219 2387 3284 domus
2429 3221 2532 3276 Dei
2560 3241 2584 3272 ι
2630 3231 2690 3276 et
2712 3220 2911 3278 externi
3013 3211 3014 3214 ’

387 3308 694 3380 splendoris
743 3329 768 3358 «
817 3307 1016 3364 domus
1050 3307 1332 3364 davidicae
1361 3327 1387 3358 n
1422 3307 1707 3364 interitum
1748 3306 2084 3377 perducunt;
2130 3323 2273 3362 unus
2319 3321 2485 3378 porro
2532 3307 2796 3381 idemque
2840 3317 2913 3364 est
3013 3323 3014 3326 ¹

387 3395 647 3452 narrandi
675 3394 904 3462 moduS,
935 3396 1200 3466 quoniam
1241 3383 1545 3450 secundum
1583 3393 1731 3450 idem
1758 3394 1983 3450 schema
2017 3395 2231 3466 singula
2275 3411 2443 3467 regna
2474 3395 2550 3450 ita
2587 3404 2911 3452 tractantur.
3013 3385 3014 3462 Ῠ

387 3493 453 3540 ut
491 3483 690 3548 iisdem
733 3482 846 3537 fere
892 3482 1070 3538 verbis
1117 3481 1547 3553 uniuscuiusque
1586 3481 1833 3548 initium,
1865 3481 2102 3548 duratio,
2152 3482 2278 3538 finis
2320 3481 2712 3539 describantur
2760 3493 2915 3556 atque
3013 3529 3014 3536 ,

387 3569 650 3626 iudicium
673 3559 741 3625 de
766 3569 990 3642 singulis
1019 3569 1240 3641 regibus
1261 3584 1564 3640 eorumque
1585 3567 1658 3624 ad
1683 3569 1889 3641 Legem
1919 3567 2242 3625 habitudine
2273 3568 2678 3638 feratur13una
2698 3569 2915 3626 demum
3013 3573 3014 3646 g

389 3666 473 3714 est
499 3673 692 3714 eorum
719 3659 934 3730 lingua;
968 3657 1116 3712 leves
1148 3664 1365 3722 autem,
1399 3671 1540 3727 quae
1576 3656 1635 3711 in
1661 3655 1945 3712 nonnullis
1970 3655 2243 3726 pericopis
2271 3655 2789 3728 deprehenduntur,
2816 3657 2913 3712 dif-
3013 3659 3014 3732 J

391 3745 651 3802 ferentiae
682 3760 749 3802 ex
788 3744 1016 3800 diversis
1043 3743 1286 3800 auctoris
1325 3741 1568 3798 fontibus
1600 3758 1665 3798 eo
1696 3743 1871 3815 magis
1899 3752 2029 3798 sunt
2056 3741 2418 3810 derivandae,
2451 3744 2715 3816 quoniam
2744 3747 2798 3800 in
2830 3746 2915 3799 iis·
3013 3733 3014 3750 ³

389 3832 514 3887 clem
546 3831 922 3902 expressiones
945 3831 1091 3898 illae,
1125 3845 1262 3901 quas
1291 3829 1643 3899 praedilexit,
1672 3847 1783 3884 non
1806 3828 2192 3885 desiderantur
2210 3830 2251 3884 ².

452 4017 517 4076 (1)
543 4017 653 4070 Quo
679 4015 933 4063 schemate
966 4013 1178 4061 historia
1203 4027 1376 4076 regum
1408 4013 1549 4061 Iuda.
1576 4013 1808 4062 tradatur
1842 4016 1915 4063 cir
1940 4015 2025 4064 111.
2069 4019 2193 4074 15,1.
2232 4020 2277 4064 2.
2306 4018 2352 4064 7.
2388 4019 2417 4065 8
2449 4015 2679 4080 (Abiam),
2706 4019 2915 4073 15‚9-11.
3013 3977 3014 4044 f

391 4097 467 4142 23.
497 4097 552 4140 24
579 4091 716 4155 (Asa)
739 4095 859 4151 etc.;
887 4091 1091 4140 schema
1122 4104 1294 4154 regum
1327 4092 1506 4140 lsrael
1527 4091 1581 4140 in
1619 4105 1679 4140 eo
1716 4092 1933 4142 maxime
1965 4091 2169 4153 differt,
2194 4093 2333 4156 quod
2357 4107 2543 4143 nomen
2580 4095 2775 4144 matris
2798 4093 2918 4155 regis
3013 4113 3014 4162 j

391 4171 659 4220 omittatur
685 4173 736 4220 et
759 4184 850 4234 pro
879 4170 1020 4232 regni
1051 4169 1174 4220 luda
1197 4168 1344 4218 fastis
1374 4169 1490 4218 fasti
1519 4169 1661 4234 regni
1684 4170 1842 4220 Israel
1865 4171 2162 4234 allegentur.

459 4249 526 4312 (2)
549 4250 769 4312 Linguae
796 4248 1185 4312 proprietatibus
1207 4248 1499 4312 praesertim
1525 4247 1768 4312 distingui
1792 4247 2034 4299 dicuntur
2058 4252 2145 4300 111.
2173 4256 2213 4300 1.
2234 4255 2287 4301 et
2310 4251 2395 4300 IV.
2417 4255 2465 4300 4.
2488 4258 2557 4312 8.;
2578 4252 2669 4303 sed
2694 4249 2915 4303 animad-
3013 4243 3014 4246 ’

398 4331 565 4388 verte,
591 4328 644 4376 in
667 4329 760 4378 111.
791 4335 832 4378 1.
861 4327 1051 4377 nomini
1077 4326 1286 4376 navidis
1309 4339 1505 4389 semper
1538 4327 1738 4390 praefigi
1762 4327 1971 4377 titulum
1996 4332 2137 4392 reyes
2172 4330 2218 4393 (ιι
2256 4343 2347 4380 rex
2372 4331 2537 4380 David
2560 4347 2585 4377 n
2616 4337 2711 4390 ¹‚1.
2742 4335 2815 4381 13.
2846 4337 2897 4380 28

400 4411 477 4456 31.
510 4411 586 4456 32.
620 4409 698 4456 87.
729 4411 806 4456 38.
830 4411 909 4456 43.
937 4407 1032 4470 47),
1062 4407 1112 4456 id
1135 4405 1274 4470 quod
1297 4405 1686 4454 usitatissimum
1708 4408 1788 4455 est
1810 4406 1863 4454 in
1890 4409 2077 4457 nostris
2102 4407 2245 4458 libris
2276 4407 2323 4470 (σι
2338 4422 2429 4458 rex
2460 4409 2695 4460 Salomon
2721 4427 2765 4467 n,
2790 4427 2815 4456 α
2836 4421 2914 4457 rex

399 4483 622 4534 Roboam
647 4501 672 4531 ιο
697 4485 833 4546 etc.)‚
864 4499 1035 4534 rarum
1069 4485 1121 4534 in
1153 4482 1286 4533 aliis.
1317 4483 1639 4534 Aramaismis
1674 4483 1935 4535 nonnullis
1972 4485 2361 4548 distinguuntur
2385 4489 2467 4536 IV.
2502 4493 2553 4538 4.
2584 4494 2652 4548 8.;
2678 4493 2810 4543 esto,
2836 4485 2915 4534 sed

404 4563 580 4613 iisdem
617 4562 670 4610 in
701 4563 946 4625 pericopis
985 4563 1228 4626 propheta
1263 4561 1457 4612 Eliseus
1495 4562 1789 4626 frequenter
1821 4562 2106 4626 appellatur
2150 4583 2174 4610 α
2206 4565 2285 4614 vir
2312 4567 2401 4616 Dei
2435 4584 2457 4610 »
2485 4567 2603 4627 (4.9.
2644 4572 2713 4617 16.
2747 4573 2822 4616 21.
2848 4570 2913 4615 22.
