3050 5184
344 308 459 368 156
598 323 879 367 msromx
920 320 1271 367 exuensne&
1318 338 1395 347 —
1439 320 1568 364 cap.
1619 322 1700 364 ιν.
1745 320 2078 366 οΑτειοιιοΑ
2121 320 2621 366 INTERPRETATIO.

342 454 741 509 nonnullorum
769 470 1001 525 operum
1039 452 1445 525 exegeticorum
1478 452 1755 525 origenis,
1783 452 2147 523 Quaestiones
2189 452 2346 509 hebr.
2393 454 2449 507 in
2491 454 2721 515 Geues„
2769 451 2902 507 libri

342 541 413 597 de
442 540 711 597 hebraicis
746 541 1064 597 nominibus
1097 548 1154 597 et
1190 539 1259 595 de
1296 539 1405 596 situ
1440 548 1496 595 et
1533 540 1848 596 nominibus
1883 542 2135 597 locorum
2173 540 2579 597 hebraicorum.
2619 539 2736 595 Sub
2777 540 2904 595 eius

344 646 560 701 quoque
576 630 801 686 nomine
820 629 889 685 ab
910 627 1311 700 antiquioribus
1328 627 1722 699 interpretibus
1741 628 1965 702 allegari
1985 628 2165 685 solent
2181 629 2522 684 Breviarium
2541 629 2598 683 in
2614 628 2901 689 Psalmos,

344 717 740 774 Commentarii
786 718 843 773 in
884 716 1156 774 tredecim
1206 716 1461 789 epistolas
1507 717 1666 772 Pauli
1711 716 1827 788 (qui
1873 716 2235 787 probabiliter
2277 716 2502 789 Pelagio
2549 724 2646 772 aut
2690 716 2906 771 saltem

347 806 646 878 Pelagiano
676 805 993 875 debentur),
1026 806 1242 860 Comm.
1281 803 1338 859 in
1366 804 1466 859 Iob
1495 805 1714 875 aliaque
1748 820 1914 875 opera
1943 806 2252 877 exegetica,
2286 820 2427 876 quae
2456 804 2506 860 ei
2533 819 2648 859 non
2677 802 2908 859 deben-

348 900 460 949 tur.
491 924 563 933 -
584 897 642 950 S.
681 897 1075 967 Auqustinus,
1106 892 1357 964 quamvis
1384 907 1497 947 non
1524 890 1747 956 iisdem,
1781 892 1979 964 quibus
2018 893 2414 965 Hieronymus,
2447 890 2705 947 subsidiis
2745 900 2908 947 esset

344 981 647 1036 instructus
666 1022 681 1048 ,
724 982 963 1037 multum
1007 989 1195 1036 tamen
1238 979 1309 1035 ad
1352 979 1664 1035 studiorum
1705 980 2230 1051 scripturisticorum
2271 979 2580 1052 profectum
2625 980 2905 1035 contulit.

346 1071 410 1123 ln
438 1068 549 1124 suis
572 1068 727 1125 libris
754 1089 780 1121 τι
800 1067 871 1124 de
898 1068 1165 1124 Doctrina
1192 1067 1487 1124 christiana
1520 1088 1546 1119 n
1580 1068 1994 1124 hermeneutica
2021 1068 2286 1140 principia
2313 1068 2592 1139 exposuit;
2623 1067 2909 1123 Genesim

344 1165 433 1211 ter
460 1165 723 1227 quaterve
751 1156 1101 1227 interpretari
1129 1171 1417 1229 aggressus
1444 1164 1556 1223 est,
1589 1155 1686 1211 sed
1715 1170 2021 1227 numquam
2044 1156 2306 1222 absolvit;
2339 1155 2677 1211 difficiliores
2699 1164 2910 1209 tamen

348 1244 651 1299 locutiones
686 1244 1073 1312 Pentateuchi,
1110 1245 1194 1300 uti
1230 1245 1287 1300 ll.
1331 1246 1440 1301 los,
1482 1252 1539 1299 et
1587 1244 1785 1312 Iudic.,
1826 1244 2149 1314 explicavit3
2203 1244 2263 1298 in
2316 1244 2549 1299 Psalmis
2593 1244 2912 1315 allegorias

346 1342 403 1387 ct
428 1331 666 1387 morales
693 1333 1058 1404 expositiones
1084 1333 1324 1388 maxime
1354 1340 1626 1399 sectatum
1658 1332 2085 1405 Evangeliorum
2115 1332 2464 1403 antiphanias
2491 1331 2551 1387 in
2588 1330 2705 1386 suis
2734 1330 2910 1385 libris

352 1440 377 1471 α
408 1418 477 1475 de
514 1436 783 1475 consensu
814 1421 1289 1491 Evangelistarum
1322 1440 1346 1471 ι
1380 1419 1673 1491 diligenter
1700 1420 2043 1492 explanavit3
2073 1422 2132 1475 in
2167 1420 2525 1493 Evangelium
2564 1422 2621 1476 S.
2663 1420 2912 1475 Ioannis

350 1507 692 1581 dogmaticos
738 1508 917 1579 potius
960 1517 1232 1564 tractatus
1277 1522 1441 1579 quam
1490 1508 1922 1564 commentarios
1969 1508 2282 1580 exegeticos
2330 1508 2672 1578 composuit,
2720 1516 2910 1578 atque

350 1596 585 1653 eandem
622 1596 769 1651 viam
812 1596 992 1652 tenuit
1028 1596 1085 1651 in
1122 1596 1237 1651 suis
1274 1596 1599 1652 tractatibus
1637 1596 1696 1653 in
1733 1614 1819 1668 ep.
1863 1596 1934 1653 ad
1972 1596 2209 1653 Parthos
2259 1599 2306 1666 (1
2345 1598 2554 1665 Ioan.);
2596 1594 2908 1666 epistolam

354 1683 424 1739 ad
466 1682 589 1741 Gal.
627 1685 937 1739 accuratius
972 1683 1280 1754 explicavit.
1310 1683 1521 1754 Quibus
1550 1683 1831 1741 addantur
1857 1692 2078 1755 oportet
2105 1684 2262 1739 multi
2290 1698 2573 1740 sermones
2601 1683 2672 1738 de
2701 1684 2908 1754 Scrip-

346 1771 485 1827 turis
522 1771 593 1827 ad
630 1773 898 1842 populum
934 1770 1129 1841 habiti,
1172 1772 1471 1827 nonnullae
1514 1773 1778 1843 epistolae
1815 1772 2032 1845 aliaque
2076 1772 2312 1828 minora.
2360 1773 2426 1827 In
2467 1769 2729 1826 omnibus
2779 1770 2908 1826 fere

348 1858 609 1930 operibus
654 1858 945 1930 exegeticis
989 1861 1045 1915 S.
1087 1859 1429 1931 Augustinus
1474 1858 1725 1931 theologi
1773 1860 2072 1931 dogmatici
2117 1868 2212 1915 aut
2253 1858 2660 1915 concionatoris
2705 1860 2910 1929 potius

348 1955 533 2018 partes
561 1948 694 2019 agit,
725 1962 895 2019 quam
920 1947 1269 2019 interpretis;
1310 1947 1369 2002 in
1407 1946 1758 2003 sermonibus
1794 1948 2085 2020 allegorias
2121 1949 2448 2019 plerumque
2486 1954 2753 2015 sectatur,
2799 1948 2908 2001 sed

352 2036 409 2090 in
444 2034 706 2106 operibus
740 2033 1067 2107 dogmaticis
1100 2044 1155 2091 et
1197 2036 1479 2106 polemicis
1519 2036 1707 2091 sensui
1745 2035 1949 2091 literali
1991 2034 2204 2091 fidelius
2245 2034 2497 2091 inhaeret
2537 2065 2609 2074 —
2643 2036 2910 2090 Honoris

348 2138 515 2179 causa
539 2139 604 2178 ex
626 2122 750 2178 aliis
772 2138 915 2177 saec.
942 2128 994 2177 5.
1023 2122 1416 2193 interpretibus
1439 2124 1792 2178 nominamus
1814 2124 1873 2179 S.
1903 2129 2142 2179 Petrum
2169 2122 2597 2194 Chrysaloqum
2625 2123 2690 2191 (†
2717 2127 2905 2188 4503,

354 2212 411 2267 S.
456 2215 704 2266 Leonem
736 2214 817 2267 M.
854 2212 915 2279 (†
946 2211 1115 2279 461.),
1158 2210 1216 2267 S.
1257 2215 1599 2267 Maximum
1649 2214 1828 2267 Taur.
1867 2213 1929 2280 (†
1960 2212 2134 2281 465.),
2175 2211 2266 2282 qui
2301 2211 2360 2266 in
2391 2210 2504 2265 suis
2538 2210 2910 2265 sermonibus

350 2298 556 2353 multos
591 2298 999 2369 Scripturarum
1030 2297 1182 2353 locos
1210 2299 1524 2368 explanant.

428 2467 487 2525 3.
516 2500 594 2508 —
624 2465 898 2526 Sancum
920 2468 976 2527 6.
1002 2467 1446 2543 praeclariores
1478 2468 1855 2545 interpretes
1884 2468 2193 2527 habentur
2222 2470 2558 2527 Primasius
2588 2463 2658 2545 (†
2697 2466 2906 2543 550.)‚

357 2560 747 2623 Cassiodorus
778 2562 847 2641 (†
873 2561 1040 2641 562.)
1074 2568 1135 2623 et
1158 2564 1222 2624 S.
1259 2564 1605 2641 Greyorius.
1642 2565 1722 2623 M.
1760 2562 1829 2644 (ἦ-
1857 2563 2046 2643 604.).

422 2678 685 2731 Attamen
708 2676 1048 2731 Primasius
1084 2692 1152 2731 ex
1192 2675 1584 2732 vetustioribus
1619 2677 1804 2731 latinis
1829 2676 2374 2747 interpretationibus
2405 2674 2700 2731 dumtaxat
2731 2690 2908 2731 suum

350 2763 811 2819 commentarium
840 2764 899 2819 in
930 2764 1189 2819 Paulinas
1220 2765 1469 2836 collegit,
1508 2764 1909 2821 Cassiodorus
1943 2774 2129 2821 autem
2157 2766 2216 2819 in
2237 2780 2338 2819 suo
2360 2762 2710 2819 psalmorum
2737 2779 2906 2820 com-

353 2852 623 2907 mentario
652 2850 707 2907 S.
734 2851 1029 2925 Augustini
1057 2852 1507 2923 explicationibus
1536 2852 1739 2908 multas
1767 2852 1941 2908 bonas
1969 2852 2209 2917 addidit,
2241 2852 2300 2907 S.
2335 2851 2654 2922 Greyorius
2685 2855 2766 2906 M.
2797 2852 2906 2907 de-

352 2954 537 3006 mum,
569 2940 817 3010 quamvis
862 2957 961 3011 pro
990 2948 1287 3011 praecepto
1318 2948 1552 3004 statuat,
1599 2960 1624 2989 α
1662 2941 1720 2994 in
1755 2940 1934 2996 verbis
1965 2941 2108 2995 sacri
2146 2939 2348 3010 eloquii
2381 2938 2533 3009 prius
2565 2938 2908 2995 servandam

353 3043 473 3084 esse
501 3028 791 3083 veritatem
815 3028 1078 3084 historiae
1100 3038 1157 3083 et
1174 3026 1530 3099 postmodum
1551 3027 1942 3099 requirendam
1960 3044 2081 3083 esse
2103 3027 2446 3096 spiritualem
2471 3024 2908 3097 intelligentiam

358 3114 655 3187 allegoriae
686 3136 737 3183 n,
767 3132 871 3171 nec
897 3116 953 3169 in
980 3116 1285 3171 vastissimo
1319 3126 1375 3171 et
1411 3114 1779 3171 eruditissimo
1804 3132 2000 3188 opere,
2025 3114 2175 3187 quod
2197 3114 2513 3171 inscribitur
2545 3133 2569 3165 ι
2595 3114 2908 3171 Moralium

354 3202 413 3259 in
438 3202 538 3257 Iob
567 3202 696 3257 libri
726 3208 791 3259 35
822 3224 847 3253 n
876 3203 1059 3258 necin
1088 3205 1203 3259 suis
1230 3201 1471 3259 homiliis
1499 3204 1560 3258 in
1577 3204 1924 3261 Ezechielem
1953 3204 2086 3259 etin
2110 3203 2406 3276 Evangelia
2430 3218 2692 3275 magnam
2715 3206 2910 3261 sensui

355 3291 555 3347 literali
584 3290 909 3360 explicando
936 3291 1209 3361 impendit
1239 3291 1601 3363 diligentiam.

390 3498 425 3577 g
464 3499 571 3560 12.
596 3531 684 3541 —
714 3493 963 3559 Graeci
983 3492 1374 3582 interpretes
1401 3517 1445 3561 a
1474 3501 1539 3561 6.
1572 3516 1835 3583 usuque
1858 3494 1954 3560 ad
1977 3500 2084 3560 13.
2107 3494 2453 3560 saeculum
2485 3494 2869 3584 (Catenae).

440 3707 493 3764 1.
527 3737 605 3745 —
626 3706 675 3763 A
702 3722 865 3765 saec.
896 3706 955 3767 6.
984 3706 1049 3763 in
1071 3704 1333 3764 ecclesia
1352 3705 1640 3765 orientali
1659 3710 1719 3764 et
1739 3724 1776 3764 a
1797 3706 1851 3764 7.
1879 3723 2039 3764 saec.
2063 3705 2129 3763 in
2151 3704 2520 3764 occidentali
2542 3703 2908 3766 inchoanda

360 3805 458 3861 est
486 3818 645 3860 nova
668 3800 971 3878 periodus
995 3801 1294 3860 historiae
1325 3817 1690 3878 exegeseos,
1725 3802 1878 3879 quia
1910 3802 2077 3861 illius
2107 3802 2332 3861 aetatis
2364 3801 2742 3878 interpretes
2771 3802 2908 3877 ple-

358 3899 535 3975 rique
562 3914 639 3957 ex
664 3897 1119 3957 vetustioribus
1150 3898 1452 3975 operibus
1481 3898 1690 3976 potius
1719 3898 1854 3969 illa,
1884 3914 2042 3975 quae
2072 3897 2248 3957 utilia
2276 3896 2670 3969 videbantur,
2703 3898 2905 3958 colle-

356 3998 583 4071 gerunt
614 3998 677 4053 et
706 3994 1134 4071 digesserunt,
1169 4012 1357 4071 quam
1387 4011 1578 4054 novos
1607 3994 2094 4054 commentarios
2123 3998 2636 4072 composuerunt.

428 4109 621 4179 Neque
649 4115 839 4163 tamen
866 4106 1174 4178 putandum
1205 4116 1317 4175 est,
1348 4108 1511 4163 istam
1541 4116 1781 4163 aetatem
1816 4106 1956 4162 nihil
1987 4105 2057 4162 ad
2095 4122 2388 4179 exegeseos
2424 4103 2738 4175 profectum
2765 4123 2906 4163 con-

355 4196 577 4264 tulisse3
600 4196 713 4251 suis
740 4196 891 4252 enim
919 4196 1330 4250 commentariis
1359 4196 1601 4251 iuniores
1625 4196 1706 4250 illi
1728 4196 2061 4265 interpretes
2088 4195 2292 4249 multas
2319 4202 2375 4249 et
2399 4192 2648 4265 egregias
2671 4194 2906 4250 Parrum

361 4282 752 4354 explicationes
780 4283 940 4340 nobis
966 4292 1390 4348 conservarunt,
1422 4293 1477 4337 et
1506 4300 1618 4339 non
1645 4284 1805 4354 pauci
1843 4284 2011 4338 etiam
2038 4281 2270 4337 traditas
2299 4280 2673 4353 expositiones
2703 4281 2908 4337 diiudi-

360 4380 625 4427 caverunt
654 4373 875 4443 suisque
903 4372 1142 4443 propriis
1171 4380 1445 4427 auxerunt
1470 4372 1554 4426 vel
1583 4372 1949 4427 illustrarunt.
1981 4369 2147 4425 Unde
2181 4368 2324 4425 duae
2353 4370 2586 4425 istorum
2625 4370 2906 4441 interpre-

360 4470 480 4515 tum
508 4454 707 4514 classes
730 4460 1145 4532 distinguantur
1172 4469 1417 4531 oportet3
1451 4460 1542 4515 alii
1571 4460 1745 4529 enim,
1779 4458 1908 4515 licet
1937 4460 2261 4514 collectores
2290 4466 2490 4523 essent,
2523 4457 2693 4513 simul
2715 4466 2906 4513 tamen

362 4556 862 4604 commentatorum
890 4557 1071 4619 partes
1100 4556 1352 4619 egerunt,
1376 4548 1469 4602 alii
1496 4563 1609 4602 non
1629 4556 1757 4603 sunt
1785 4549 1888 4603 nisi
1907 4555 2232 4602 catenarum
2255 4546 2663 4617 compilatores
2685 4546 2906 4602 Utrius-

364 4653 471 4708 que
503 4636 692 4689 classis
722 4638 1049 4707 praecipuos
1078 4634 1552 4703 enumerabimuS,
1589 4652 1618 4690 a
1643 4636 1826 4706 priore
1851 4634 2196 4691 inchoantes.
