3050 5184
650 337 880 381 VARIAE
920 335 1300 380 SENTENTIAE
1337 334 1413 378 DE
1456 332 1874 379 PENTATEUCRI
1912 332 2171 379 omanus.
2562 318 2676 378 189

237 475 290 530 4.
320 504 393 513 -
418 470 645 530 Mirum
673 468 958 548 profecto
989 472 1114 541 est,
1149 468 1318 544 quod
1345 466 1466 526 viri
1498 466 1667 527 docti
1708 469 1773 527 et
1809 466 2073 537 eruditi,
2110 466 2215 545 qui
2245 466 2677 527 Pentateucho

175 566 510 627 diuturnum
550 566 836 627 studium
873 564 1351 643 impenderunt,
1387 566 1749 623 commenta
1785 579 1897 622 sua
1930 562 2009 623 de
2048 563 2184 623 eius
2222 563 2465 640 origine
2504 566 2677 623 tanta

175 680 296 723 cum
324 663 695 723 certitudine
725 666 1112 741 proponant,
1136 660 1286 722 licet
1302 660 1545 719 incerta
1574 661 1638 717 et
1666 657 1831 718 levia
1860 674 1998 718 esse
2029 674 2250 719 eorum
2281 662 2669 737 argumenta,

175 759 288 836 ipse
324 776 536 819 eorum
575 759 918 819 continuus
958 757 1280 817 dissensus
1318 756 1458 816 luce
1497 754 1727 815 clarius
1767 754 2177 815 demonstret.
2212 754 2337 815 Sed
2377 754 2675 831 quoniam

175 854 238 913 de
263 872 323 915 re
349 855 603 915 maximi
634 855 939 915 momenti
969 853 1196 933 agitur,
1229 852 1571 931 praecipua
1603 867 1823 911 eorum
1854 854 2193 929 systemata
2220 854 2284 911 et
2310 855 2677 929 argumenta

174 952 411 1011 examini
440 952 848 1012 subiiciamus
881 952 1150 1029 oportet.

227 1061 371 1131 Quod
396 1072 458 1119 ut
483 1061 680 1120 ordine
705 1062 832 1131 fiat,
863 1064 1041 1135 primo
1063 1063 1122 1118 in
1149 1060 1274 1118 loco
1305 1060 1547 1117 mosaica
1572 1059 1933 1123 Pentateuchi
1958 1060 2113 1132 origo
2144 1059 2309 1117 certis
2338 1059 2676 1132 argumentis

171 1148 258 1203 erit
275 1148 694 1206 demonstranda
724 1148 772 1223 (5
797 1150 848 1217 3)
865 1192 884 1219 ,
915 1158 1084 1222 atque
1112 1165 1145 1206 a
1173 1149 1480 1221 praecipuis
1507 1146 1913 1205 obiectionibus
1942 1145 2267 1205 vindicanda
2292 1146 2342 1221 (ἓ
2360 1148 2415 1217 4)
2436 1146 2675 1213 ;·ἀοίιιάο

171 1251 278 1291 vero
299 1237 419 1305 illa,
455 1237 652 1309 quibus
680 1237 862 1293 unitas
895 1236 1078 1310 operis
1109 1252 1140 1293 a
1167 1236 1450 1293 modernis
1485 1235 1861 1305 impugnatur,
1894 1234 2135 1291 examini
2170 1244 2299 1291 sunt
2334 1233 2669 1290 subiicienda

170 1322 206 1393 55
226 1323 300 1393 5),
330 1333 490 1396 atque
517 1324 912 1395 complementi
945 1327 1122 1397 gratia
1149 1324 1352 1381 ultimo
1383 1323 1508 1379 loco
1538 1322 1643 1379 erit
1664 1320 2139 1393 investigandum,
2172 1321 2303 1394 quid
2336 1320 2407 1377 de
2430 1321 2673 1393 antiqui-

167 1418 256 1467 tate
272 1411 634 1483 legislationis,
657 1428 829 1483 quum
853 1412 1020 1479 illius,
1044 1410 1184 1484 quae
1213 1411 1272 1467 in
1295 1409 1732 1467 Deuteronomio
1756 1408 2089 1475 continetur,
2113 1418 2232 1464 tum
2260 1409 2505 1478 alterius,
2532 1422 2674 1480 quae

167 1497 212 1552 in
233 1498 369 1555 libris
393 1499 740 1555 intermediis
761 1504 812 1566 (α
841 1498 1031 1556 codice
1059 1498 1390 1555 sacerdotali
1419 1496 1468 1568 n)
1497 1496 1791 1555 exhibetur
1818 1498 1890 1552 sit
1912 1494 2263 1553 sentiendum
2294 1495 2342 1568 (ἓ
2370 1496 2442 1567 6).

663 1694 698 1777 ἓ
727 1698 791 1759 3.
826 1730 913 1741 -—
936 1695 1033 1757 De
1057 1691 1354 1757 mosaica
1392 1689 1840 1757 Pentateuchz'
1861 1688 2139 1777 oriqine.

226 1895 274 1952 1.
302 1926 376 1937 —-
404 1896 484 1955 Ut
512 1894 1018 1955 adversariorum
1047 1892 1482 1953 cavillationes
1511 1891 1763 1952 facilius
1795 1890 2129 1961 evitentur,
2164 1890 2293 1950 duo
2324 1894 2469 1951 sunt
2496 1906 2670 1966 prae-

157 1990 462 2050 monenda.
497 1992 704 2068 Atque
743 1992 800 2049 1.
848 1989 1106 2067 quidem
1146 1989 1271 2061 illi,
1307 1988 1416 2066 qui
1457 1989 1713 2065 Moysen
1753 1987 1975 2047 dicunt
2013 1986 2287 2064 quinque
2326 1986 2662 2053 librorum,

157 2085 254 2159 qui
289 2087 418 2145 eius
455 2087 714 2146 nomine
752 2086 816 2146 in
855 2102 1092 2146 canone
1133 2088 1612 2162 praenotantur,
1648 2088 1972 2143 auctorem
2012 2100 2181 2157 esse,
2226 2083 2371 2142 ideo
2407 2100 2534 2142 non
2564 2099 2669 2141 ne-

153 2184 310 2255 gant,
339 2182 662 2253 nonnulla,
697 2199 856 2260 quae
888 2183 1262 2251 reseruntur,
1299 2182 1422 2240 iam
1453 2184 1597 2239 ante
1630 2197 1777 2239 eum
1798 2179 2001 2239 literis
2032 2196 2170 2239 esse
2192 2179 2553 2256 consignata
2580 2184 2697 2237 at-·

155 2292 262 2351 que
288 2294 360 2338 ex
381 2278 846 2355 antiquioribus
873 2278 1054 2337 libris
1082 2277 1160 2337 ab
1193 2294 1270 2337 eo
1301 2277 1367 2336 in
1395 2294 1581 2337 suum
1611 2292 1772 2353 opus
1804 2278 2180 2349 transumta3
2212 2291 2417 2353 neque
2446 2276 2503 2333 2.
2535 2291 2667 2333 mo-

155 2373 360 2433 saicam
405 2374 816 2435 Pentateuchi
867 2374 1174 2451 originem
1225 2373 1312 2433 ita
1359 2376 1679 2443 asserunt,
1716 2375 1783 2431 ut
1826 2372 2038 2431 omnia
2090 2375 2153 2431 et
2199 2370 2473 2449 singula,
2509 2388 2665 2448 quae

155 2466 318 2529 hodie
346 2470 410 2530 in
439 2474 616 2530 textu
644 2469 938 2531 hebraico
971 2470 1284 2547 leguntur,
1318 2486 1354 2528 a
1386 2470 1595 2547 Moyse
1625 2467 1905 2545 profecta
1937 2467 2167 2527 dicant.

211 2582 412 2637 Etenim
434 2591 499 2637 ut
522 2581 724 2653 aliquis
749 2581 998 2638 historici
1023 2581 1210 2653 operis
1243 2588 1438 2636 auctor
1473 2596 1592 2636 esse
1616 2581 1739 2635 iure
1764 2579 2001 2648 dicatur,
2032 2580 2331 2651 requiritur
2358 2588 2415 2635 et
2440 2579 2662 2645 sufficit,

155 2674 204 2721 ut
227 2669 334 2724 eius
359 2669 652 2725 consilium
679 2677 736 2725 et
770 2670 939 2725 finem
971 2676 1155 2724 mente
1193 2668 1532 2739 conceperit,
1564 2666 1827 2723 historiae
1860 2675 2043 2738 partes
2074 2666 2399 2738 praecipuas
2434 2676 2489 2722 et
2522 2666 2664 2722 inte-

155 2770 264 2823 gras
293 2756 710 2828 conscripserit,
739 2756 946 2827 illaque
983 2771 1124 2828 quae
1155 2755 1295 2812 sorte
1323 2755 1547 2811 aliunde
1577 2752 1763 2809 hausit
1796 2753 2027 2809 consilio
2054 2754 2261 2827 finique
2298 2770 2398 2809 suo
2434 2752 2664 2825 adapta-

155 2844 272 2897 verit
294 2853 456 2917 atque
487 2843 592 2899 hac
615 2842 830 2899 ratione
858 2858 956 2899 sua
995 2842 1202 2899 fecerit.
1238 2842 1388 2899 Nihil
1419 2858 1553 2897 vero
1582 2842 1794 2910 obstat,
1830 2842 2125 2913 quominus
2159 2857 2226 2896 ex
2253 2842 2468 2913 scriptis
2494 2839 2664 2896 fonti-

155 2927 255 2989 bus.
281 2930 356 2987 uti
377 2947 444 2987 ex
473 2929 617 2987 orali
648 2930 966 2999 traditione,
999 2936 1325 3003 argumenta
1353 2929 1693 2985 narrationis
1720 2928 1985 2985 hauserit.
2010 2959 2085 2969 —
2110 2930 2283 2984 Porro
2312 2944 2663 2985 communem

153 3015 360 3075 aliorum
387 3017 662 3075 librorum
687 3027 898 3074 sortem
923 3033 1039 3073 non
1072 3016 1266 3090 effugit
1298 3016 1740 3084 Pentateuchus3
1775 3032 1948 3088 quare
1978 3016 2171 3086 procul
2196 3014 2365 3072 dubio
2396 3032 2511 3073 non
2534 3024 2663 3073 tan-

153 3110 252 3157 tum
279 3106 628 3162 librariorum
654 3105 856 3162 menda
885 3106 942 3161 in
969 3120 1098 3161 eum
1129 3106 1496 3175 irrepserunt,
1530 3103 1628 3159 sed
1655 3104 1777 3161 fieri
1813 3103 1981 3159 etiam
2014 3102 2221 3175 potuit,
2256 3111 2318 3158 ut
2352 3102 2665 3159 nominibus

155 3191 512 3264 vooebulisque
535 3192 796 3249 obsoletis
813 3192 1120 3249 recentiora
1139 3190 1605 3248 substituerentur
1629 3193 1951 3263 glossaeque
1970 3191 2271 3247 nonnullae
2288 3191 2667 3262 explicationis

155 3279 304 3347 gratia
323 3280 724 3335 insererentur.
749 3281 941 3351 Neque
963 3279 1202 3335 mosaica
1223 3279 1405 3350 operis
1429 3280 1584 3351 origo
1609 3278 1931 3345 destruitur,
1955 3278 2003 3333 si
2020 3279 2314 3333 tenninato
2338 3278 2607 3333 nonnulla
2632 3294 2661 3332 a

155 3363 344 3423 iuniore
365 3368 636 3439 scriptore
665 3366 970 3439 (inspirato)
997 3366 1182 3423 addita
1211 3382 1329 3422 esse
1355 3365 1589 3421 dicimus
1620 3385 1635 3420 ε
1661 3381 1772 3437 quo
1802 3373 2052 3437 spectant
2085 3365 2279 3422 ultima
2315 3366 2663 3421 Deuterono-

153 3452 232 3507 mii
263 3454 470 3526 capita,
497 3455 558 3509 in
593 3452 792 3525 quibus
821 3464 1040 3525 praeter
1080 3452 1188 3509 alia
1213 3453 1382 3509 etiam
1418 3453 1625 3523 Moysis
1659 3468 1810 3508 mors
1846 3460 1905 3508 et
1934 3452 2215 3523 sepultura
2248 3462 2565 3510 narrantur.
2594 3482 2665 3493 —

154 3538 338 3605 Quibus
357 3541 677 3614 praemissis
699 3541 880 3597 thesin
901 3550 1150 3597 nostram
1167 3540 1410 3612 quinque
1439 3540 1785 3611 argumentis
1803 3539 2266 3609 demonstramuS,
2296 3556 2535 3613 quorum
2557 3542 2663 3597 tria

155 3628 308 3695 priora
325 3632 555 3702 Moysen
575 3644 694 3685 esse
713 3627 1072 3685 pentateuchi
1089 3635 1378 3683 auctorem
1401 3626 1612 3683 directe
1632 3628 1916 3694 evincunt,
1941 3626 2053 3682 duo
2072 3628 2303 3700 reliqua,
2328 3644 2663 3700 quamquam

156 3710 330 3773 directe
351 3724 406 3772 et
427 3717 683 3789 proxime
711 3717 892 3773 solum
917 3714 976 3771 id
1014 3714 1337 3781 ostendant,
1367 3731 1506 3786 opus
1534 3716 1837 3771 mosaicae
1865 3715 2059 3771 aetati
2086 3731 2204 3771 esse
2229 3715 2665 3783 attribuendum,

157 3800 396 3869 prioribus
417 3814 614 3861 tamen
637 3802 1030 3859 confirmandis
1059 3811 1118 3859 et
1142 3800 1571 3859 corroborandis
1598 3818 1768 3874 quam
1794 3803 2099 3875 plurimum
2125 3802 2451 3859 inserviunt.

220 3954 269 4011 2.
296 3988 372 3999 —
399 3954 687 4015 Primum
725 3958 1163 4031 argumentum
1203 3954 1463 4030 praebet
1503 3954 1749 4014 cnmsu
1789 3954 1862 4013 D.
1909 3954 1981 4013 N.
2025 3970 2462 4027 ‘rest-monum,
2494 3954 2659 4031 quod

159 4049 416 4113 omnibus
447 4050 820 4111 Christianis
851 4050 1056 4109 solum
1087 4049 1371 4110 sufficere
1403 4053 1615 4128 potest
1645 4067 1718 4110 ac
1748 4049 1957 4110 debet.
1992 4051 2251 4111 Iudaeos
2282 4050 2451 4111 enirn
2484 4050 2659 4110 Chri-

161 4142 224 4200 sti
247 4148 520 4225 tempore
551 4162 858 4207 consensu
890 4146 1172 4206 unanimi
1202 4145 1520 4223 integrum
1554 4164 1712 4224 opus
1754 4146 1945 4225 Moysi
1988 4147 2226 4207 auctori
2267 4146 2661 4217 attribuisse,

159 4234 295 4300 inter
316 4260 538 4304 omnes
568 4246 850 4303 constat:
885 4242 1062 4319 atqui
1091 4246 1339 4303 tantum
1366 4243 1575 4315 abest,
1601 4247 1671 4304 ut
1702 4258 2102 4303 communem
2135 4242 2292 4303 hanc
2312 4240 2531 4321 populi
2562 4242 2659 4301 sui

161 4339 600 4405 persuasionem
647 4338 950 4399 Dominus
999 4338 1480 4417 improbaverit,
1516 4344 1585 4399 ut
1625 4338 1945 4400 auditores
1986 4356 2131 4399 suos
2171 4338 2426 4399 disertis
2454 4338 2663 4397 verbis

161 4424 212 4487 in
251 4446 316 4492 ea
355 4434 843 4496 confirmaverit.
893 4436 1058 4510 Ergo
1100 4434 1222 4495 nisi
1277 4434 1420 4512 quis
1471 4435 1707 4513 impius
1754 4440 1818 4496 et
1863 4436 2266 4514 blasphemus
2324 4434 2664 4496 Dominum

163 4538 404 4591 errorem
441 4532 825 4609 approbasse
873 4530 1082 4591 dicere
1127 4531 1312 4604 velit,
1355 4530 1631 4591 fateatur
1668 4535 1951 4610 oportet,
1996 4549 2140 4593 eum
2186 4531 2503 4593 infallibili
2550 4547 2663 4592 suo

163 4621 488 4688 testimonio
507 4626 846 4687 mosaicam
877 4626 1284 4688 Pentateuchi
1315 4628 1623 4705 originem
1646 4634 1819 4689 extra
1851 4628 2319 4691 dubitationem
2348 4628 2657 4708 posuisse.
