3050 5184
469 325 581 384 266
661 339 734 384 m:
780 341 914 384 ver.
963 341 1216 384 ‘rasi-Am.
1263 341 1452 385 unius
1491 339 1850 384 msromcxs.
1894 355 1974 368 -
2012 341 2144 384 car.
2194 341 2299 383 vn.
2347 341 2421 384 nr.
2464 339 2655 382 mams
2694 336 2899 379 esurias.

1451 751 1791 828 CAPUT
1842 752 2014 827 VII.

1193 999 1288 1051 DE
1326 999 1629 1052 DUOBUS
1669 999 1915 1051 LIBRIS
1954 999 2263 1051 ESDRAE.

680 1233 713 1315 ἓ
753 1237 858 1298 30.
889 1270 977 1282 -·
1005 1236 1100 1299 De
1129 1232 1452 1300 librorum
1481 1232 1736 1300 Esdrae
1760 1245 2157 1322 arqumento
2170 1283 2195 1314 ,
2228 1231 2583 1311 divisione,
2614 1232 2774 1320 fine.

539 1454 595 1509 1.
629 1483 708 1494 —
733 1453 1018 1512 Duorum
1041 1452 1351 1512 librorum
1371 1499 1386 1524 ,
1414 1453 1520 1530 qui
1554 1453 1789 1512 Esdrae
1818 1452 2002 1530 vulgo
2026 1457 2350 1524 vocantur,
2385 1453 2561 1531 prior
2588 1451 2762 1512 solus
2790 1451 2848 1508 in
2872 1447 2966 1507 ho·
3027 1453 3028 1520 ζ

457 1545 696 1606 diernis
737 1547 1048 1608 hebraicis
1091 1547 1476 1608 editionibus
1523 1549 1786 1619 Esdras,
1816 1549 1974 1608 alter
2020 1547 2339 1608 Nekemias
2386 1547 2776 1617 inscribitur,
2806 1550 2965 1620 atque
3027 1599 3028 1602 ,

458 1643 646 1702 etiam
687 1644 954 1721 Vulgata
997 1643 1178 1704 alteri
1217 1645 1503 1722 praefigit
1540 1646 1796 1705 titulum
1834 1662 1848 1704 :
1884 1644 2123 1704 «Liber
2146 1643 2500 1718 Nekemiae,
2533 1648 2645 1722 qui
2678 1650 2737 1704 et
2764 1642 2967 1702 Esdrae
3027 1641 3028 1716 ]

454 1738 742 1798 secundus
770 1741 996 1800 dicitur
1016 1763 1072 1799 ›>.
1095 1739 1516 1800 Nihilominus
1546 1743 1790 1820 integro
1818 1758 1928 1800 suo
1954 1744 2326 1819 argumento
2356 1743 2617 1816 totaque
2648 1755 2759 1800 sua
2784 1736 2965 1797 indole
3026 1805 3028 1822 ⁴

455 1835 542 1893 ita
576 1836 742 1894 inter
770 1853 836 1896 se
867 1837 1131 1896 connexi
1170 1840 1346 1907 sunt,
1390 1841 1462 1896 ut
1491 1836 1651 1898 duae
1696 1838 1910 1914 potius
1953 1837 2241 1897 eiusdem
2278 1837 2488 1915 operis
2530 1841 2777 1915 parteS,
2807 1847 2967 1910 quam
3027 1863 3028 1874 2

456 1929 580 1989 duo
637 1930 881 1992 diversa
931 1949 1123 2009 opera
1165 1932 1291 1993 dici
1331 1932 1619 1992 debeant.
1669 1933 1873 2003 Quare
1920 1937 2088 1993 recte
2133 1932 2210 1994 de
2252 1933 2485 1993 duobus
2535 1933 2777 1992 Esdrae
2824 1928 2967 1988 libris
3027 1963 3028 1966 κ

455 2026 744 2088 catholici
789 2028 1165 2106 interpretes
1205 2028 1575 2106 loquuntur,
1618 2029 1993 2106 praesertim
2034 2030 2185 2106 quia
2237 2047 2347 2091 eos
2392 2029 2548 2088 olim
2598 2045 2795 2090 unum
2836 2041 2968 2103 opus

455 2123 852 2184 constituisse
882 2128 1143 2184 constat.

523 2245 654 2299 Uno
683 2245 960 2300 volumine
984 2245 1288 2318 antiquitus
1316 2247 1372 2300 in
1415 2245 1753 2302 Iudaeorum
1792 2246 2277 2316 palaestinensium
2314 2261 2525 2303 canone
2562 2247 2970 2318 comprehensos
3027 2283 3028 2330 ᾗ

455 2329 616 2386 fuisse
646 2330 787 2387 duos
815 2331 918 2387 hos
944 2332 1143 2404 libros,
1181 2333 1361 2389 innuit
1395 2333 1506 2388 iam
1534 2334 1623 2389 Fl.
1666 2333 1948 2405 Iosephus
1978 2337 2047 2400 (c.
2078 2338 2224 2405 App.
2271 2336 2318 2389 Ι.
2366 2338 2443 2403 8),
2489 2333 2700 2391 diserte
2726 2340 2971 2390 testantur
3027 2349 3028 2396 3

452 2419 510 2475 S.
543 2419 764 2488 Meliw,
795 2423 1097 2491 Oriqenes,
1128 2421 1226 2476 SS.
1257 2421 1653 2493 Epiphanius,
1675 2424 2073 2490 Hieronymus
2091 2420 2371 2477 iudaicum
2402 2436 2680 2478 canonem
2706 2436 2970 2478 recensen-

450 2515 562 2574 ωε,
593 2501 924 2562 confirmant
947 2515 1168 2580 praeter
1190 2508 1663 2564 Massoretharum
1688 2508 1938 2579 epicrisin
1956 2551 1971 2578 ‚
2003 2524 2145 2580 quae
2174 2524 2285 2564 uno
2308 2525 2545 2564 numero
2576 2525 2773 2568 versus
2800 2508 2971 2562 utrius·
3027 2493 3028 2564 Ῠ

452 2609 559 2664 que
580 2594 706 2649 libri
733 2593 1185 2665 comprehendit,
1225 2594 1377 2651 haud
1407 2596 1565 2665 pauci
1602 2595 1819 2652 codices
1856 2594 2104 2652 hebraici
2144 2595 2203 2650 in
2236 2594 2432 2651 eadem
2460 2596 2604 2652 linea
2632 2597 2794 2654 nullo
2823 2596 2971 2652 inter·

449 2682 591 2737 iecto
627 2682 802 2753 spatio
837 2682 1056 2738 initium
1094 2682 1320 2738 alterius
1359 2682 1485 2738 libri
1526 2683 1627 2738 fini
1664 2683 1863 2753 prioris
1906 2681 2193 2738 addentes
2234 2682 2437 2739 Graeci
2480 2683 2708 2741 codices
2746 2698 2967 2756 quoque,

449 2771 551 2824 etsi
575 2770 714 2824 duos
742 2769 914 2825 libros
941 2769 1150 2826 Esdrae
1175 2778 1492 2837 numerent,
1527 2769 1777 2841 plerique
1805 2769 1946 2824 duos
1972 2779 2196 2826 nostros
2228 2771 2571 2844 coniungunt
2612 2772 2808 2844 eisque
2847 2771 2971 2825 velut

453 2877 478 2907 α
513 2864 565 2912 1.
595 2856 802 2912 Esdrac
825 2857 1029 2913 librum
1058 2879 1082 2908 υ
1115 2859 1478 2929 praemittunt
1504 2857 1890 2929 apocryphum
1912 2863 1965 2912 3.
1996 2856 2159 2913 Esdr.
2194 2857 2294 2924 (cfr
2321 2874 2377 2929 p.
2409 2861 2522 2930 49).

527 3019 587 3075 2.
616 3050 693 3058 —
715 3019 1151 3095 Arqumentum
1176 3016 1386 3094 operis
1407 3015 1595 3076 huius
1618 3021 1714 3076 est
1734 3017 2105 3076 restauratio
2121 3015 2437 3078 societatis
2456 3017 2833 3079 israeliticae
2852 3023 2969 3096 post

447 3112 698 3172 finitum
737 3111 1034 3176 exsilium
1061 3112 1524 3189 babylonicum.
1560 3115 1609 3171 A
1640 3113 1782 3189 Cyri
1815 3113 2068 3173 decreto
2105 3110 2183 3191 (a.
2217 3112 2409 3190 536.)‚
2439 3131 2568 3190 quo
2608 3114 2856 3175 Iudaeis
2892 3130 2971 3172 re·

448 3208 620 3268 ditus
648 3209 714 3267 in
749 3209 1017 3284 patriam
1047 3209 1399 3286 templique
1430 3207 1853 3268 reaedificatio
1895 3209 2447 3286 permittebantur,
2484 3227 2750 3272 exorsus
2780 3213 2975 3271 auctor
3027 3223 3028 3276 j

446 3304 773 3364 historiam
805 3306 1022 3382 populi
1052 3307 1220 3365 ultra
1245 3321 1302 3364 a.
1333 3305 1431 3363 32.
1469 3305 1823 3364 Artaxerxis
1854 3305 1901 3364 Ι.
1938 3302 2016 3383 (a.
2052 3303 2219 3384 443.)
2250 3305 2572 3382 perducit,
2606 3307 2727 3368 sed
2762 3324 2833 3367 ea
2862 3304 2972 3364 sola
3027 3311 3028 3314 ’

449 3401 604 3459 facta
651 3400 868 3473 refert,
913 3419 1071 3478 quae
1119 3400 1374 3477 templi,
1415 3403 1631 3476 utpote
1674 3401 1874 3460 centri
1916 3398 2229 3478 religiosi,
2272 3402 2569 3478 urbisque
2609 3403 2969 3466 Ierusalem,

446 3500 663 3573 utpote
698 3497 894 3556 centri
927 3497 1204 3575 politici,
1237 3496 1763 3556 restaurationem
1794 3499 1981 3572 atque
2023 3497 2241 3573 populi
2272 3497 2339 3556 in
2372 3498 2557 3574 Legis
2585 3497 2971 3559 observantia

445 3593 918 3653 renovationem
947 3611 1062 3671 per
1089 3593 1352 3653 Esdram
1382 3595 1446 3650 et
1471 3591 1839 3652 Nehemiam
1865 3597 2172 3669 spectant.
2204 3593 2546 3671 Aptissime
2580 3599 2801 3655 autem
2834 3611 2975 3671 opus
3027 3587 3028 3590 ’

445 3690 509 3747 in
544 3689 702 3749 duos
742 3688 937 3750 libros
976 3694 1071 3751 est
1105 3689 1411 3762 divisum,
1457 3688 1520 3746 in
1557 3685 1769 3764 priore
1806 3688 1978 3748 enim
2012 3689 2232 3766 templi
2275 3689 2610 3766 cultusque
2655 3690 2854 3751 divini
2892 3707 2975 3749 re·

445 3787 776 3857 stauratiO,
819 3787 885 3846 in
907 3787 1106 3847 altero
1137 3784 1410 3846 civitatis
1439 3783 1841 3861 foederisque
1871 3801 2014 3844 cum
2044 3787 2173 3844 Deo
2204 3785 2343 3844 initi
2378 3786 2713 3846 renovatio
2743 3787 2973 3865 praeci·

444 3900 638 3960 puum
686 3883 1079 3944 constituunt
1120 3885 1597 3959 argumentum;
1640 3879 1705 3940 in
1749 3880 1958 3957 priore
1998 3880 2251 3951 EsdraS,
2293 3881 2360 3940 in
2402 3880 2603 3942 altero
2654 3883 2973 3943 Nehemias

443 3980 720 4056 primum
750 3978 961 4039 locum
984 3981 1232 4049 tenent,
1266 3980 1331 4036 at
1355 3977 1575 4036 ambae
1614 3980 1824 4054 partes
1863 3975 2233 4037 coniunctae
2273 3977 2656 4055 completam
2692 3980 2977 4039 exhibent
3027 3961 3028 4040 s

443 4075 918 4135 restaurationis
950 4075 1318 4152 imaginem.
1357 4129 1362 4132 .

485 4225 488 4230 -
514 4199 671 4251 'PAns
706 4211 894 4252 Paron
921 4196 988 4261 (1.
1019 4199 1350 4264 1,1-10,44).
1387 4196 1765 4248 Restauratio
1792 4194 2005 4266 templi
2031 4201 2088 4251 et
2114 4197 2475 4262 reformatio
2500 4199 2739 4269 populi.

515 4291 562 4337 1.
595 4284 838 4337 Primus
861 4282 1130 4338 eoesulum
1174 4281 1403 4338 reditus
1441 4285 1512 4346 (a.
1549 4291 1599 4337 1.
1639 4282 1783 4354 Cyri)
1823 4287 1880 4337 et
1916 4281 2124 4353 templi
2160 4279 2515 4353 aedificatio
2564 4287 2873 4354 (ld-62²2}-
2916 4312 2975 4322 -

687 4371 1048 4424 Permittente
1076 4370 1221 4440 Cyro
1245 4369 1406 4424 multi
1433 4367 1623 4424 ludaei
1650 4369 1883 4424 ducibus
1910 4369 2250 4426 Zorobabele
2275 4378 2331 4427 et
2359 4373 2522 4426 Iosua
2552 4371 2607 4425 in
2639 4374 2881 4442 patriam
2904 4387 2975 4425 re·

689 4457 850 4524 versi,
882 4456 1043 4512 donis
1081 4456 1402 4511 voluntariis
1443 4454 1514 4511 ad
1542 4455 1734 4526 templi
1772 4455 2213 4513 aedificationem
2250 4457 2497 4525 collatis,
2528 4459 2709 4514 varias
2738 4460 2977 4516 civitates

687 4553 1026 4613 occuparunt
1053 4548 1368 4613 (1,1-2,70).
1397 4573 1469 4583 —-
1491 4546 1685 4598 Mense
1708 4550 1758 4598 7.
1792 4560 1843 4600 a.
1880 4550 1931 4600 1.
1962 4544 2136 4600 altare
2166 4553 2558 4601 exstruxerunt
2585 4553 2641 4601 et
2656 4561 2741 4601 m.
2768 4553 2823 4602 2.
2848 4563 2898 4601 a.
2926 4551 2973 4600 2.

683 4631 876 4690 temoli
895 4629 1256 4685 fundamenta
1287 4631 1534 4686 iecerunt
1562 4631 1826 4700 (3,1-13);
1860 4631 1956 4686 sed
1982 4631 2223 4688 hostium
2253 4631 2465 4689 insidiis
2495 4649 2631 4704 opus
2654 4635 2976 4689 continuare
