3050 5184
1021 164 1063 184 ν’
1133 183 1150 211 P
1235 168 1290 237 ‘¹¹

375 300 380 305 .
425 255 503 315 78
549 244 728 314 'mst-
749 269 1044 331 -rsx‘rumt
1078 270 1578 316 pnimeemonuu.
1611 290 1691 299 ——-
1718 274 1851 318 cap.
1888 275 1959 319 ιι.
1990 272 2067 317 m:
2104 274 2303 319 rsxru
2334 273 2564 319 annaeo
2601 273 2745 317 aovi
2781 274 2941 316 rnsr.

494 406 803 483 Apparatus
841 401 1016 457 critici
1055 402 1356 475 colligendi
1379 404 1601 460 initium
1636 406 1750 461 iam
1795 404 2045 461 fecerant
2068 404 2213 463 Rob.
2256 405 2567 477 Stephanus
2592 415 2647 461 et
2672 404 2783 460 Tb.
2813 406 2945 459 Beza

425 472 756 546 editionibus
794 490 906 545 suis
933 490 1230 547 nonnullas
1256 492 1434 548 varias
1453 492 1721 549 lectiones
1744 492 2046 561 addentes;
2077 494 2279 551 melius
2310 501 2499 549 antem
2536 492 2607 551 dc
2630 509 2701 551 eo
2732 500 2949 563 praeter

425 576 575 633 haud
607 592 812 649 paucos
851 576 988 633 alios
1027 588 1350 635 meruerunt
1397 594 1541 635 saec.
1585 586 1673 637 17.
1714 581 2006 653 Anglicani
2046 586 2151 639 Br.
2200 580 2483 649 Walcon,
2528 583 2689 637 Ιοαιι.
2730 580 2858 637 Fell
2892 594 2951 633 ae

426 666 748 736 praesertim
787 668 974 721 loon.-
998 652 1146 732 Mill,
1181 667 1276 737 qui
1299 666 1518 723 circiter
1542 668 1769 741 triginta
1810 670 1981 725 millia
2022 669 2298 725 variarum
2334 669 2631 725 lectionum
2664 688 2693 719 e
2730 667 2949 739 patienti

425 752 650 824 quidem
677 751 887 823 studio,
913 751 1012 809 sed
1055 753 1144 808 vix
1173 754 1286 808 ullo
1325 754 1574 811 adhibito
1606 754 1808 813 indicio
1850 776 1874 809 ι
1916 756 2211 829 congessit,
2252 771 2395 813 saec.
2446 762 2531 814 18.
2581 758 2953 811 protestantes

423 840 752 896 Germaniae
791 844 840 897 I.
887 844 962 896 A.
1005 842 1238 914 Benqel,
1270 844 1321 897 I.
1364 845 1413 899 I.
1457 844 1767 911 Wetsteiu,
1800 848 1848 899 l.
1877 846 1926 899 I.
1959 843 2302 914 Griesbacli,
2332 844 2431 916 qui
2458 843 2667 915 primus
2688 844 2751 899 in
2776 843 2949 913 ipsum

431 950 458 979 ι
485 937 698 985 textum
723 936 1008 1000 receptum
1052 948 1078 980 ι
1125 944 1300 986 novas
1336 928 1605 1002 quasdam
1650 931 1911 988 lectiones
1958 932 2182 1005 recepit,
2230 940 2421 988 nostro
2461 929 2689 987 demum
2736 929 2950 985 saeculo

424 1019 482 1072 S.
527 1018 590 1072 P.
638 1016 939 1088 Treyelles‚
991 1019 1058 1072 F.
1108 1020 1187 1073 H.
1211 1017 1289 1073 A.
1322 1020 1628 1075 Sci-ivenu-
1674 1035 1741 1075 ac
1776 1020 2101 1092 praesertim
2130 1020 2326 1076 Const.
2366 1016 2765 1092 Tiscliendorf
2795 1031 2949 1089 prae-

425 1104 741 1159 decessores
763 1118 894 1159 suos
911 1103 1193 1175 diligentia
1214 1112 1272 1160 et
1289 1106 1639 1163 accuratione
1656 1116 1996 1179 superanteS‚
2022 1106 2223 1179 quibus
2240 1124 2308 1163 ex
2330 1105 2625 1163 Catholicis
2642 1120 2793 1161 unus
2808 1104 2952 1160 solus

427 1190 556 1249 addi
579 1199 760 1263 potest
783 1196 938 1263 Auq.
964 1192 1186 1250 Scholz.
1220 1193 1587 1263 Praecipuum
1614 1202 1802 1250 autem
1828 1203 1887 1250 et
1911 1193 2187 1251 difficilius
2216 1208 2419 1251 munus
2454 1202 2602 1263 crat,
2630 1210 2699 1249 ex
2730 1191 2948 1263 amplis—

425 1281 564 1335 sima
592 1278 868 1335 variarum
893 1278 1194 1336 lectionum
1221 1280 1355 1336 silva
1385 1279 1512 1337 illas
1552 1282 1773 1355 eligere,
1807 1281 2006 1354 quibus
2034 1284 2303 1354 genuinus
2338 1283 2737 1353 Apostolorum
2777 1287 2951 1336 textus

427 1368 828 1424 restitueretur.
857 1367 1094 1431 Primus,
1120 1368 1214 1437 qui
1244 1375 1402 1424 textu
1421 1376 1645 1440 recepto
1672 1384 1899 1442 prorsus
1921 1370 2115 1427 relicto
2136 1386 2205 1426 ex
2226 1369 2359 1426 solis
2390 1369 2786 1442 antiquissimis
2813 1365 2948 1423 codi-

425 1455 579 1512 cibus
615 1455 698 1527 (B.
729 1458 797 1511 A.
831 1455 939 1524 C.),
967 1471 1034 1510 ex
1061 1456 1315 1527 origenis
1339 1456 1629 1528 operibuS,
1655 1458 1915 1513 adhibitis
1956 1458 2119 1513 simul
2148 1458 2553 1529 graeco-latinis
2592 1460 2685 1524 (D.
2721 1459 2946 1526 Evang,

427 1546 492 1600 E.
521 1546 647 1599 Act.
678 1544 750 1598 D.
780 1543 852 1600 G.
894 1542 1072 1613 Paul.)
1104 1544 1386 1614 Italaeque
1413 1545 1833 1615 manuscriptis,
1874 1560 2003 1601 eum
2028 1554 2241 1602 textum
2272 1546 2566 1601 restituere
2592 1554 2830 1601 conatus
2852 1551 2947 1607 est,

426 1631 522 1703 qui
550 1646 692 1687 saec.
724 1636 779 1686 4.
809 1630 868 1685 in
891 1630 1130 1686 Ecclesia
1163 1631 1569 1703 vulgatissimus
1594 1640 1735 1703 erat,
1764 1631 1872 1688 fuit
1897 1635 1958 1689 C.
1990 1632 2333 1689 Lachmann
2360 1634 2447 1701 (N.
2479 1635 2544 1688 T.
2574 1648 2775 1705 graece
2800 1639 2855 1687 et
2878 1630 2947 1684 la·

425 1718 558 1774 tine.
579 1718 822 1774 Berolini
845 1720 1243 1781 1842.-1850.).
1273 1719 1539 1775 Maiorem
1556 1720 1779 1776 testium
1797 1735 2091 1776 numerum
2114 1719 2383 1790 adhibuit,
2406 1719 2505 1775 sed
2532 1720 2735 1776 similia
2762 1717 2948 1789 princi-

425 1807 566 1878 cipia
595 1814 817 1862 secutus
845 1814 926 1861 est
953 1806 1012 1861 S.
1043 1810 1111 1861 P.
1151 1806 1433 1879 Treqelles
1463 1806 1601 1874 (The
1628 1806 1812 1863 Greek
1835 1808 1905 1864 N.
1926 1810 1995 1863 T.
2014 1806 2210 1863 edited
2238 1807 2384 1863 from
2408 1808 2626 1863 ancient
2650 1805 2943 1863 autorities.

431 1893 663 1951 London
695 1898 1041 1950 1857.1-8.79
1047 1898 1086 1961 ).
1117 1894 1311 1951 Varias
1339 1894 1607 1950 editiones
1631 1896 1845 1951 curavit
1884 1898 2078 1953 const.
2115 1893 2527 1969 Tisoleendorf,
2557 1895 2615 1950 in
2640 1894 2839 1951 ultima
2866 1907 2948 1947 an-

424 1992 540 2037 tem
568 1996 692 2037 eam
714 1979 980 2037 librorum
1007 1996 1293 2037 sacrorum
1319 1983 1613 2051 rationem,
1646 1998 1788 2053 quae
1814 1988 1868 2039 2.
1892 1998 2038 2040 saec.
2066 1981 2153 2039 vel
2176 1985 2413 2039 maxime
2430 1984 2490 2038 in
2506 1998 2610 2039 usu
2629 1991 2774 2051 erat,
2796 1980 2944 2037 resti·

426 2078 584 2125 tuere
623 2068 726 2125 sihi
750 2070 1064 2141 proposuit,
1096 2084 1260 2141 quem
1289 2070 1350 2125 in
1381 2069 1551 2125 finem
1580 2089 1604 2122 ι
1630 2070 1973 2141 Sinaiticum,
2004 2071 2356 2139 Vaticanum,
2388 2070 2707 2142 similesque
2734 2081 2947 2143 graecos

425 2158 562 2214 alios
589 2170 814 2229 paucos,
833 2156 1194 2213 consensione
1218 2156 1544 2229 plerumque
1566 2158 1962 2213 nonnullorum
1986 2159 2350 2230 interpretum
2374 2159 2823 2220 veterrimorum,
2848 2155 2945 2210 im-

427 2243 617 2316 primis
639 2244 956 2313 latinorum,
987 2252 1205 2312 auctos,
1241 2245 1442 2315 passim
1471 2245 1639 2301 etiam
1664 2247 1893 2303 Patrum
1915 2246 2256 2316 testimonio,
2286 2254 2503 2302 tautum
2530 2262 2644 2302 non
2682 2246 2831 2302 solos
2864 2238 2945 2297 ad·

427 2331 696 2389 hibendos
722 2352 750 2385 2
779 2329 990 2387 censuit
1019 2332 1256 2398 (Novum
1283 2334 1430 2387 Test.
1465 2348 1659 2405 graece
1686 2330 1759 2389 ad
1780 2333 2191 2405 antiquissimos
2216 2338 2387 2389 testes
2404 2334 2686 2390 recensuit
2708 2342 2814 2389 etc.
2843 2328 2944 2387 Ed·

427 2428 480 2477 8.
503 2420 719 2475 critica
746 2418 966 2474 maior.
989 2414 1206 2489 Lipsiae
1237 2424 1627 2487 lesu-1872).
1648 2421 1969 2478 Sinaiticum
1989 2422 2235 2477 codicem
2258 2422 2495 2477 maxime
2515 2428 2741 2477 secutus
2760 2426 2842 2475 est
2868 2416 2944 2472 Ti-

427 2506 744 2575 schendorf,
768 2507 1094 2562 Vaticanum
1115 2508 1493 2578 praetulerunt
1515 2512 1976 2566 Westcotc·Hort
1998 2508 2057 2564 in
2074 2524 2173 2565 sua
2198 2516 2381 2564 textus
2410 2509 2787 2577 restitutione,
2816 2518 2945 2578 quae

425 2595 646 2667 optimis
665 2593 859 2666 procul
885 2592 1052 2650 dubio
1081 2592 1493 2651 adnumeranda
1509 2604 1594 2651 est
1614 2600 1918 2664 (Westcott
1944 2604 2000 2653 et
2021 2600 2168 2651 Hort
2193 2597 2313 2651 The
2341 2596 2409 2653 N.
2431 2598 2496 2652 T.
2526 2597 2585 2651 in
2605 2596 2707 2652 the
2726 2590 2939 2665 original

428 2682 627 2740 Greek.
654 2681 890 2739 London
921 2686 1319 2751 1881.-1882.).
1348 2682 1746 2741 Adnotandum
1773 2693 1959 2740 tamen
1994 2692 2099 2751 est,
2131 2698 2322 2739 omnes
2356 2682 2461 2739 hos
2498 2682 2741 2740 editores
2776 2682 2833 2737 in
2856 2693 2941 2734 sua

427 2771 552 2827 crisi
579 2768 862 2827 interdum
882 2769 1160 2841 legitimos
1180 2769 1320 2827 fines
1347 2770 1631 2841 excedere,
1672 2786 1845 2843 quum
1872 2771 2083 2843 aliquas
2110 2772 2396 2843 pericopas
2430 2772 2639 2841 (Marc.
2676 2776 2766 2838 16,
2798 2771 2939 2823 9-2οι

431 2864 596 2916 toan.
636 2865 768 2928 5,4;
810 2862 873 2925 7,
911 2863 1068 2927 53-8,
1117 2864 1213 2925 123
1263 2859 1396 2914 Luc.
1441 2864 1625 2927 22,43.
1667 2862 1755 2929 44)
1796 2874 1863 2915 ex
1896 2873 2053 2917 sacro
2089 2867 2246 2915 textu
2278 2857 2626 2926 exscindam,
2670 2872 2814 2931 quae
2854 2868 2941 2927 pro

427 2946 704 3004 canonicis
731 2945 958 3001 omnino
987 2944 1204 3002 admitti
1229 2945 1454 3015 debent,
1483 2955 1541 3002 et
1573 2945 1851 3002 interdum
1888 2946 2329 3018 interpunctione
2366 2961 2463 3001 sua
2491 2944 2759 3002 traditam
2784 2946 2939 2998 inter-

430 3034 797 3106 pretationem
824 3041 1094 3089 evertant.
1123 3063 1194 3075 —
1229 3034 1311 3090 Ex
1347 3033 1657 3090 minoribus
1692 3033 2049 3101 editionihuS,
2090 3048 2231 3105 quae
2266 3041 2456 3105 utpote
2486 3033 2554 3089 ab
2590 3029 2939 3089 ecclesiastica

427 3122 754 3179 auctoritate
783 3120 1135 3193 approbatae,
1170 3120 1452 3179 catholicis
1491 3121 1728 3177 alumnis
1773 3121 1893 3176 usui
1938 3136 2057 3177 esse
2098 3129 2345 3191 possunt,
2373 3122 2710 3177 Patavinae
2746 3122 2937 3187 (Patav-

431 3215 588 3267 1820.
610 3213 740 3278 etc.)
757 3220 812 3265 et
829 3209 1194 3265 Venetianae
1215 3209 1476 3277 (venetiis
1489 3214 1647 3265 1847.
1670 3213 1799 3275 etc.)
1820 3208 2081 3265 exhibent
2099 3208 2387 3279 antiquum
2408 3216 2621 3263 textum
2640 3214 2935 3277 receptum3

425 3306 638 3354 textum
664 3313 718 3353 a.
754 3302 908 3353 1842.
941 3313 974 3353 a
1000 3296 1370 3355 Tischendorf
1389 3295 1459 3353 ad
1483 3298 1799 3368 Vulgatam,
1830 3305 2103 3368 quantum
2127 3295 2249 3351 fieri
2275 3312 2343 3352 ex
2368 3295 2599 3352 testibus
2627 3294 2833 3367 potuit,
2857 3303 2937 3345 ao-

425 3383 842 3441 commodatum
867 3384 1130 3467 exhibent
1159 3383 1428 3441 editiones
1455 3385 1739 3441 Parisiae
1765 3399 1817 3440 a.
1854 3385 1899 3439 1.
1931 3386 2007 3440 M.
2038 3384 2194 3457 Iager
2223 3382 2476 3455 vulgatae
2504 3384 2749 3451 (Parisiis
2773 3384 2939 3437 18⁴7.-

431 3479 586 3529 1851.
612 3476 771 3541 etc.);
797 3472 1240 3545 complutensem
1269 3472 1489 3543 repetiit
1514 3475 1582 3526 P.
1615 3476 1689 3526 A.
1715 3473 1908 3529 Grata
1937 3469 2241 3543 (Tubingae
2263 3475 2417 3527 1821.
2450 3472 2767 3542 Moguntiae
2798 3469 2936 3523 1827.

429 3564 638 3629 1851.);
669 3560 1181 3617 Lachmannianam
1209 3558 1510 3616 editionem
1537 3560 1785 3631 sequitur
1810 3562 1877 3615 F.
1905 3562 1985 3616 X.
2016 3558 2365 3628 Reitltmayr
2388 3558 2626 3625 (Monaci
2660 3563 2810 3615 1847.
2838 3556 2937 3607 Ra·-

425 3649 674 3705 tisbonae
717 3653 926 3717 1851.);
954 3646 1268 3703 vaticanum
1308 3646 1560 3703 codicem
1594 3646 1819 3702 unicum
1866 3643 1979 3702 sere
2014 3644 2215 3704 ducem
2250 3646 2418 3703 habet
2448 3648 2523 3703 V.
2554 3646 2709 3702 Locli
2750 3640 2937 3711 (Ratis-

426 3736 604 3793 bonae
637 3741 816 3804 1862.)
846 3746 952 3793 etc.

943 3968 977 4051 ς
1015 3973 1078 4033 7.
1113 4002 1201 4013 —-
1229 3967 1325 4030 De
1349 3964 1584 4053 qraeci
1614 3963 1792 4031 Novi
1818 3966 1984 4031 Test.
2016 3964 2435 4032 auctoritate.

511 4204 568 4263 1.
597 4236 676 4246 —
706 4202 978 4263 Graecus
1005 4202 1156 4261 Novi
1187 4200 1354 4260 Test.
1387 4205 1599 4261 textus
1628 4202 1762 4261 iure
1806 4201 2033 4261 merito
2075 4200 2339 4262 hahetur
2365 4200 2758 4262 authenticus
2785 4205 2939 4256 reve·

429 4298 680 4359 lationis
707 4299 847 4359 fons
868 4344 882 4372 ,
915 4316 991 4358 ex
1024 4314 1149 4375 quo
1173 4297 1416 4375 integra
1435 4342 1450 4368 ‚
1479 4314 1670 4375 quam
1699 4300 1866 4359 Deus
1896 4314 2009 4376 per
2033 4298 2363 4375 Apostolos
2388 4298 2623 4376 scripto
2650 4289 2938 4359 Ecclesiae

432 4394 582 4452 dare
613 4394 841 4471 voluit,
865 4395 1014 4456 fidei
1044 4410 1418 4471 morumque
1448 4393 1731 4455 doctrina
1758 4393 1895 4455 sine
1925 4394 2054 4454 ullo
2082 4394 2310 4455 erroris
2330 4394 2619 4473 periculo
2650 4388 2934 4455 hauritur,

438 4493 502 4547 et
547 4488 624 4549 ad
673 4507 860 4567 quem
909 4507 1162 4569 semper
1221 4490 1671 4552 recurrendum
1728 4494 1852 4565 est,
1900 4490 2422 4570 quotiescumque
2476 4491 2553 4553 de
2602 4489 2935 4553 versionum

441 4585 614 4643 textu
643 4584 923 4663 legitime
954 4586 1295 4648 dubitatur.
