3050 5184
470 335 590 394 214
705 352 778 395 nu
821 355 952 397 ver.
999 352 1254 397 TESTAM.
1302 354 1494 396 Ltnms
1536 351 1885 395 ms‘romcis.
1930 370 2011 379 —
2050 352 2183 395 ear.
2233 354 2278 396 1.
2324 352 2401 395 ΒΕ
2443 352 2875 397 ramuscello.

548 486 606 543 7.
639 518 717 528 -—-
744 486 1022 545 Alterum
1061 486 1492 546 obiectionum
1536 484 1774 545 fontem
1819 486 1975 561 leyes
2020 484 2099 545 de
2137 485 2449 559 sacrificiis
2481 486 2803 563 praebent.
2839 487 2976 543 Non·

469 580 641 640 nulla
669 583 912 641 scilicet
936 583 1390 661 prophetarum
1408 582 1616 654 verba,
1640 582 1870 659 quibus
1894 600 2020 642 non
2050 583 2355 642 sacrificia
2376 583 2535 660 ipsa,
2561 582 2672 642 sed
2704 582 2971 640 animum.
3015 620 3016 629 η

468 693 593 753 quo
625 676 944 739 interdum
975 697 1012 738 a
1041 678 1284 739 Iudaeis
1315 678 1759 751 offerebantur,
1788 678 2195 738 vehementer
2219 678 2604 756 vituperant,
2628 678 2792 737 male
2820 678 2977 735 inter·
3015 702 3016 711 2

467 774 693 851 pretati
725 775 1015 834 moderni
1049 798 1080 830 «
1103 776 1304 836 critici
1334 800 1363 830 »
1396 780 1539 835 ante
1572 774 1863 836 exsilium
1888 776 2057 851 leges
2094 774 2171 834 de
2202 775 2518 835 sacrificiis
2543 793 2670 835 non
2702 773 2976 833 exstitisse

467 870 867 931 concludunt.
902 874 1104 947 Atque
1135 870 1449 949 perversis
1486 886 1736 947 quoque
1769 873 1831 929 et
1872 870 2218 931 arbitrariis
2256 869 2873 947 interpretationibus
2897 868 2979 925 ni·
3015 912 3016 915 η

471 966 625 1025 titur
662 966 1012 1044 oppositi0,
1047 984 1234 1047 quam
1265 968 1429 1027 inter
1463 948 1676 1027 cultus
1709 966 2037 1026 historiam
2069 972 2130 1027 et
2161 968 2325 1028 inter
2361 967 2519 1027 ritus
2563 966 2978 1027 sacrificiorum
3015 1024 3016 1037 ,

469 1062 532 1119 in
559 1063 983 1123 Pentateucho
1015 1064 1433 1143 praescriptos
1459 1062 1965 1141 deprehendunt.
3015 1050 3016 1069 ³

537 1173 700 1229 Haud
728 1176 885 1247 pauci
905 1186 1035 1232 suut
1052 1185 1236 1233 textus
1259 1176 1588 1249 prophetici,
1613 1176 1813 1247 quibus
1833 1176 2100 1232 sacrificia
2128 1176 2506 1232 israelitarum
2526 1175 2972 1232 condemnantur;

467 1271 524 1318 at
544 1263 792 1335 profecto
814 1280 979 1335 opera
1001 1266 1094 1321 illa
1115 1280 1268 1321 mere
1295 1274 1545 1331 externa,
1572 1264 1629 1319 in
1655 1264 1855 1336 quibus
1872 1263 1970 1320 filii
1989 1265 2160 1319 Israel
2182 1264 2394 1337 legibus
2420 1262 2683 1319 omnibus
2708 1260 2980 1318 moralibus
3015 1258 3016 1275 ³

466 1352 802 1407 conculcatis
830 1368 984 1423 spem
1010 1369 1168 1409 suam
1198 1353 1497 1424 ponebant,
1531 1367 1630 1407 nec
1660 1368 1689 1407 a
1716 1355 1834 1408 Deo
1858 1368 1961 1407 nec
1983 1368 2013 1407 a
2045 1355 2233 1426 Moyse
2261 1360 2421 1407 erant
2444 1352 2785 1423 praescripta
2812 1359 2864 1405 et
2886 1349 2981 1402 iure

465 1438 664 1493 merito
693 1454 725 1493 a
752 1438 1040 1510 prophetis
1068 1439 1473 1496 reiiciebantur.
1508 1443 1691 1510 Atque
1720 1438 1869 1494 idem
1900 1454 2121 1509 quoque
2149 1437 2311 1493 docet
2336 1440 2618 1495 Ieremias
2645 1440 2831 1509 (7‚22),
2850 1436 2979 1491 cuius
3015 1434 3016 1493 ἶ

463 1534 716 1597 tempore
743 1528 939 1583 saltem
968 1528 1463 1582 Deuteronomium
1490 1524 1729 1582 adfuisse
1762 1528 1944 1582 cuncti
1968 1525 2307 1594 concedunt,
2335 1526 2448 1581 sive
2476 1526 2593 1581 eius
2621 1525 2791 1582 verba
2816 1542 2875 1579 ex
2898 1524 2979 1577 he-
3015 1536 3016 1549 ³

463 1622 631 1679 braeo
651 1623 964 1680 accuratius
989 1622 1172 1679 reddis
1195 1645 1208 1678 :
1241 1644 1264 1673 a
1287 1624 1410 1679 Non
1431 1624 1686 1695 praecepi
1708 1624 1853 1677 εἰς...
1875 1628 2117 1696 propter
2136 1604 2421 1703 (ἾῖζιἾ-’Ἃζ
2448 1622 2529 1677 cl'r
2546 1626 2691 1679 Gen.
2710 1628 2863 1690 1217
2874 1628 2975 1675 etc.)
3015 1700 3016 1703 Ἴ

465 1728 726 1783 sacrificia
759 1750 783 1781 »
802 1769 819 1798 ,
846 1728 1054 1785 scilicet
1083 1744 1148 1783 ac
1175 1730 1220 1783 si
1251 1728 1357 1783 illis
1385 1728 1693 1800 indigerem
1720 1738 1773 1783 et
1802 1728 2075 1799 legislatio
2100 1744 2225 1784 mea
2248 1728 2319 1783 ad
2347 1729 2441 1785 illa
2472 1727 2774 1785 obtinenda
2807 1724 2975 1781 tende·
3015 1730 3016 1805 ]

465 1824 551 1871 ret
579 1814 680 1883 (cfr
703 1821 794 1871 Ps.
824 1822 977 1885 39‚7;
1010 1822 1174 1883 49,12
1193 1832 1313 1888 sqq.
1345 1817 1494 1887 etc.),
1521 1817 1636 1871 sive
1657 1832 1782 1872 cum
1810 1816 2213 1888 antiquioribus
2232 1815 2629 1887 interpretibus
2649 1816 2802 1881 dicis,
2830 1836 2852 1864 α
2878 1829 2977 1883 pro·

467 1903 692 1975 phetam
730 1904 886 1975 loqui
926 1912 1273 1975 comparate,
1305 1904 1385 1958 uti
1415 1908 1513 1959 Os.
1548 1911 1670 1974 6‚6,
1701 1904 1910 1960 scilicet
1945 1906 2127 1959 Deum
2162 1920 2276 1959 non
2314 1905 2663 1975 praecepisse
2702 1900 2969 1959 sacrificia.
3015 1976 3016 1981 ἵ

465 1991 596 2063 quia
624 1990 779 2062 prius
805 2000 862 2046 ct
888 1990 1198 2063 diligentius
1223 1990 1398 2047 bonos
1424 2008 1609 2047 mores
1634 2001 2006 2063 praeceperat,
2041 1992 2122 2047 vel
2149 1992 2275 2063 quia
2302 2008 2415 2046 non
2438 2000 2799 2063 praeceperat
2818 1986 2975 2045 offerri
3015 2000 3016 2047 3

463 2078 566 2135 sibi
603 2078 868 2135 sacrificia
903 2078 1018 2135 sine
1055 2079 1214 2135 bonis
1251 2080 1500 2135 moribus
1544 2100 1566 2133 ι»
1598 2080 1849 2150 (Mald.).
1880 2110 1953 2121 ——
1978 2082 2153 2135 Porro
2180 2088 2392 2135 temere
2421 2088 2679 2135 asserunt
2710 2073 2979 2135 adversarii
3015 2084 3016 2111 1

463 2167 766 2238 antiquitus
800 2187 825 2217 α
854 2182 958 2222 nec
989 2166 1320 2223 sacrificium
1351 2167 1468 2223 sine
1497 2168 1675 2239 epulis
1702 2183 1805 2223 nec
1841 2168 2030 2238 epulas
2058 2168 2175 2223 sine
2204 2166 2471 2223 sacrificio
2506 2164 2669 2222 fuisse
2708 2186 2734 2219 2
2774 2166 2977 2235 ideoque
3015 2172 3016 2175 ’

465 2254 764 2323 sacrificia,
804 2270 944 2327 quae
971 2255 1236 2328 pacifica
1273 2264 1560 2323 vocantur,
1592 2254 1988 2327 praevaluisse,
2020 2256 2079 2310 in
2111 2275 2137 2307 α
2167 2254 2501 2311 sacerdotali
2538 2254 2736 2311 codice
2766 2276 2789 2305 n
2823 2261 2977 2308 autem

465 2343 783 2413 praevalere
821 2342 1172 2399 holocausta
1200 2343 1378 2416 iisque
1416 2341 1545 2399 addi
1580 2342 1846 2399 sacrificia
1872 2360 1989 2416 pro
2019 2342 2253 2399 delictis
2291 2350 2347 2398 et
2374 2343 2663 2415 peccatis,
2706 2358 2849 2415 quae
2874 2346 2976 2395 ante

466 2429 721 2485 exsilium
765 2428 970 2485 fuerint
1013 2430 1311 2503 incognita.
1349 2431 1573 2486 Etenim
1613 2432 1793 2503 prima
1831 2430 2099 2487 sacrificia
2134 2438 2356 2486 tantum
2406 2445 2517 2485 non
2565 2430 2759 2487 omnia
2804 2442 2977 2483 vocan-

463 2525 556 2573 tur
593 2518 918 2575 holocausta
960 2526 1016 2573 et
1059 2518 1350 2591 epularum
1391 2535 1518 2574 cum
1565 2518 1849 2574 sacrificiis
1890 2519 2315 2574 coniunctarum
2354 2519 2440 2573 vix
2484 2532 2757 2588 umquam
2802 2514 2976 2572 mentio
3015 2540 3016 2573 3

465 2606 744 2662 invenitur
799 2610 962 2675 (Gen.
1022 2612 1154 2676 22,1
1221 2622 1340 2678 sqq.
1361 2648 1374 2673 ,
1429 2606 1618 2663 Exod.
1680 2612 1877 2675 10,·25;
1932 2608 2041 2663 Ios.
2094 2610 2251 2674 8,31;
2306 2606 2495 2661 ludio.
2555 2611 2737 2674 6,26;
2799 2606 2969 2662 13,16;
3015 2618 3016 2669 j

468 2700 646 2761 11,31,
675 2700 779 2748 etc.
811 2698 962 2761 etc.).
993 2694 1272 2749 sacrificia
1295 2709 1395 2763 pro
1427 2692 1645 2747 delictis
1676 2709 1771 2764 per
1804 2694 2033 2765 Moysen
2061 2702 2191 2747 sunt
2228 2692 2575 2761 introducta,
2602 2700 2775 2764 atque
2812 2692 2974 2747 salsum
3015 2704 3016 2753 3

430 2812 434 2817 -
463 2790 567 2850 est,
590 2797 654 2837 ea
679 2796 852 2851 usque
877 2779 948 2836 ad
972 2780 1248 2837 esdrinam
1278 2788 1517 2836 aetatem
1534 2823 1548 2847 ,
1576 2781 1633 2835 in
1658 2795 1763 2851 qua
1799 2801 1823 2830 «
1849 2780 2022 2836 codex
2047 2779 2402 2836 sacerdotalis
2423 2801 2448 2831 »
2477 2780 2754 2835 confictus
2778 2794 2885 2835 esse
2904 2777 2970 2831 di-

463 2869 626 2937 citur,
660 2867 824 2923 fuisse
853 2869 1131 2941 incognita
1157 2869 1264 2935 (cfr
1289 2873 1386 2923 Ps.
1421 2874 1547 2938 39,7
1564 2891 1577 2935 3
1616 2872 1714 2924 Os.
1741 2873 1863 2936 4,8;
1895 2872 1973 2923 Is.
2003 2874 2168 2935 53,10
2195 2872 2347 2934 etc.).

543 3039 602 3096 8.
634 3071 712 3079 -
741 3040 954 3113 Neque
984 3036 1218 3096 rectius
1241 3039 1409 3096 certio
1445 3060 1474 3091 «
1513 3035 1747 3096 codicis
1778 3034 2177 3095 sacerdotalis
2214 3060 2241 3089 »
2274 3036 2429 3114 leqes
2456 3036 2531 3095 de
2551 3034 2727 3113 festis
2752 3050 2886 3095 cum
2908 3032 2974 3089 le·

463 3133 794 3210 gislationo
825 3132 1336 3191 deuteronomica
1365 3136 1597 3192 etcum
1625 3131 1888 3191 historia
1917 3148 2193 3209 pugnare
2222 3138 2603 3191 asseruntur.

533 3244 663 3299 Tria
686 3244 834 3298 enim
858 3243 994 3298 festa
1021 3244 1229 3299 maiora
1255 3244 1410 3311 olim,
1439 3244 1716 3316 inquiunt,
1740 3259 1771 3299 a
1798 3242 2019 3299 Iudaeis
2042 3260 2169 3299 eum
2196 3245 2375 3299 solum
2400 3244 2459 3298 in
2482 3244 2653 3299 finem
2678 3244 2972 3317 agebantur.

465 3340 528 3386 ut
550 3330 620 3386 de
647 3329 910 3387 inchoata
939 3338 994 3386 et
1016 3332 1312 3387 terminata
1337 3347 1516 3387 messe
1541 3331 1873 3403 gauderent3
1906 3332 1963 3385 in
1989 3331 2422 3387 Deuteronomio
2458 3340 2644 3386 autem
2674 3339 2731 3385 et
2772 3330 2975 3386 maxime

465 3420 524 3473 in
557 3438 584 3468 <t
613 3418 805 3473 codice
831 3417 1160 3474 sacerdotali
1190 3440 1215 3469 n
1249 3435 1376 3474 cum
1409 3419 1563 3475 exitu
1590 3435 1655 3474 ex
1686 3422 1936 3491 Aegypto
1964 3419 2394 3489 coniunguntur.
2438 3422 2512 3473 At
2539 3427 2861 3490 argumenta
2884 3429 2974 3470 non

465 3506 725 3572 afferunt,
749 3503 946 3576 quibus
967 3504 1364 3575 demonstrent,
1400 3505 1637 3563 Iudaeos
1660 3507 1763 3561 tria
1786 3506 1883 3561 illa
1908 3506 2047 3561 festa
2068 3522 2335 3578 umquam
2357 3522 2457 3577 pro
2481 3521 2636 3561 mere
2658 3502 2977 3561 naturalibus
3015 3510 3016 3513 ¹

467 3592 752 3659 habuisse;
787 3608 927 3663 quae
955 3593 1102 3648 enim
1132 3593 1268 3649 festa
1307 3602 1434 3649 ante
1459 3596 1691 3665 Moysen
1722 3592 2124 3649 celebraverint
2146 3593 2457 3661 israelitae,
2492 3593 2867 3649 rationalistae
2888 3602 2975 3643 non
3015 3634 3016 3639 ,

465 3682 648 3737 minus
673 3680 948 3752 ignorant,
981 3696 1150 3753 quam
1175 3696 1296 3737 nos.
1322 3712 1394 3723 —
1419 3680 1635 3737 Deinde
1660 3682 1717 3736 in
1744 3680 2070 3736 ceremoniis
2095 3680 2363 3737 festorum
2386 3680 2675 3736 inveniunt
2696 3676 2975 3737 contradic-

465 3769 670 3835 tiones;
701 3767 800 3823 sed
821 3776 948 3839 post
975 3768 1227 3824 exsilium
1257 3768 1447 3824 Iudaei
1475 3770 1615 3823 ritus
1640 3784 1833 3823 omnes
1860 3768 1918 3823 in
1946 3768 2289 3824 intermediis
2316 3768 2473 3825 libris
2499 3776 2556 3823 et
2580 3769 2639 3823 in
2666 3771 2975 3823 Deuterono-

464 3857 579 3912 mio
609 3857 974 3927 praescriptos
1001 3855 1380 3921 observarunt,
1409 3872 1476 3911 ac
1499 3855 1769 3926 profecto,
1798 3854 2077 3927 quomodo
2102 3856 2326 3918 Esdoes,
2348 3871 2515 3927 quem
2534 3856 2795 3911 ultimum
2812 3858 2975 3910 Penta·

465 3943 650 4000 teuchi
667 3944 1010 3998 redactorem
1029 3951 1278 3999 statuunt
1294 3943 1613 4010 adversarii,
1640 3944 1695 3997 in
1713 3943 1906 3998 codice
1924 3944 2131 4014 legum,
2154 3959 2299 4015 quae
2319 3943 2613 4015 quotannis
2632 3937 2977 3999 observandae

467 4039 643 4099 erant,
671 4031 1128 4086 contradictorias
1152 4029 1500 4102 reliquisset?
1530 4062 1597 4071 -
1626 4032 1867 4086 Demum
1908 4031 2045 4085 festa
2072 4032 2128 4085 in
2152 4030 2379 4101 reliquis
2403 4030 2556 4086 libris
2580 4022 2975 4085 commemorari

467 4126 698 4191 negant,
734 4118 968 4189 ideoque
998 4136 1061 4174 ea
1089 4134 1192 4173 nec
1225 4118 1502 4174 celebrata
1536 4134 1639 4174 nec
1669 4119 2006 4190 praescripta
2049 4118 2213 4174 fuisse
2250 4116 2607 4174 concludunt.
2638 4120 2827 4185 Festa,
2861 4124 2977 4185 quae

468 4206 746 4263 ordinario
789 4216 844 4262 et
881 4214 1146 4261 consueto
1181 4205 1349 4261 modo
1389 4206 1687 4277 quotannis
1727 4205 2169 4274 celebrabantur,
2206 4206 2263 4261 in
2306 4205 2463 4261 libris
2506 4206 2785 4261 historicis
2829 4202 2979 4258 rarius

469 4295 910 4360 commemorari,
941 4304 1156 4350 certum
1184 4302 1294 4361 est,
1327 4294 1420 4349 sed
1464 4293 1604 4351 nihil
1632 4292 2013 4350 admirationis
2054 4293 2239 4350 habet.
2268 4294 2321 4350 Si
2364 4310 2430 4349 ex
2472 4294 2572 4348 tali
2600 4293 2819 4348 silentio
2850 4284 2977 4361 quid-

471 4398 636 4454 quam
657 4380 988 4437 concludere
1007 4382 1216 4448 liceret,
1239 4398 1503 4453 magnum
1523 4381 1848 4453 expiationis
1866 4380 2016 4438 diem
2034 4396 2339 4453 numquam
2358 4388 2487 4437 ante
2506 4379 2843 4436 destructum
2860 4384 2977 4431 tem·

471 4469 624 4539 plum
643 4470 910 4525 exstitisse
930 4468 1268 4536 diceremus;
1295 4468 1562 4525 disertum
1583 4470 1728 4523 euim
1748 4470 1863 4525 eius
1881 4470 2263 4527 testimonium
2286 4485 2401 4525 non
2422 4468 2696 4524 babemus
2716 4468 2815 4523 nisi
2834 4463 2977 4521 Hebr-

471 4562 547 4624 9.,
581 4572 722 4627 quae
752 4556 982 4627 epistola
1011 4573 1076 4612 ex
1116 4578 1140 4607 «
1167 4556 1484 4612 criticorum
1509 4577 1536 4607 ι
1571 4557 1845 4612 sententia
1870 4566 2107 4612 exeunte
2130 4572 2274 4611 saec.
2315 4563 2363 4611 1.
2404 4564 2501 4613 aut
2531 4557 2757 4611 ineunte
2780 4566 2909 4608 saec.
2935 4552 2977 4599 2-

475 4660 525 4711 ρ.
557 4642 690 4699 Chr.
723 4645 924 4713 scripta
953 4652 1055 4699 est.
1087 4646 1344 4699 Ceterum
1372 4643 1458 4699 csr
1484 4648 1598 4699 Ios.
1630 4649 1783 4712 5‚1o;
1820 4645 2031 4710 (lvdie.
2059 4648 2271 4711 mna),
2302 4650 2335 4697 2
2368 4648 2513 4698 Par.
2544 4649 2707 4709 &133
2737 4646 2874 4705 80,t.
