3050 5184
396 284 511 343 100
593 301 750 344 msr.
795 300 1138 344 VERSIONUM
1181 300 1241 343 U.
1287 300 1346 343 Τ.
1391 316 1469 327 --
1511 298 1643 341 CAP.
1696 298 1775 341 IV.
1824 298 1897 341 DE
1936 294 2337 340 VERSIONIBUS
2379 290 2823 338 ORIENTALIBUS.

391 432 660 509 accepit.
695 432 764 491 In
794 431 1118 494 historicis
1148 435 1213 492 et
1238 432 1544 509 legalibus
1571 430 1891 510 pericopis
1920 430 2230 508 interpres
2258 426 2619 487 hebraicum
2644 427 2919 493 textum,

397 528 503 605 qui
529 528 848 588 nonnullis
878 529 944 589 in
966 528 1123 589 locis
1147 528 1550 589 alexandrino
1576 524 1765 604 quam
1788 524 2240 587 massorethico
2264 522 2536 584 vicinior
2556 523 2714 595 erat,
2740 536 2925 580 accu-

395 630 558 698 rate,
591 624 790 685 immo
820 623 1140 686 interdum
1169 624 1499 697 serviliter,
1535 624 1819 701 sequitur
1847 622 2187 700 diligenter
2210 636 2429 679 omnes
2453 618 2926 695 anthropomor—

397 719 682 797 phismos
735 721 996 781 evitans,
1043 721 1113 781 In
1157 720 1546 800 propheticis
1587 724 1797 780 autem
1844 722 1906 780 et
1958 717 2220 797 poeticis
2270 716 2555 795 partibus
2600 715 2683 774 ita
2732 729 2925 790 saepe

395 820 706 894 evagatur,
740 820 809 879 ut
833 820 1040 877 textus
1065 817 1199 877 eius
1224 816 1640 895 primigenius
1663 816 1768 875 vix
1790 833 1861 875 ac
1890 832 1968 876 ne
1992 816 2099 874 vix
2126 812 2386 891 quidem
2416 812 2839 890 dignoscatur.

465 945 740 1002 Onloelosi
765 962 970 1002 nomen
1015 954 1071 1002 et
1097 962 1236 1018 opus
1263 945 1669 1020 antiquioribus
1696 945 1943 1001 rabbinis
1978 953 2037 1001 et
2076 943 2335 1001 Patribus
2379 956 2603 1014 prorsus
2637 940 2927 1012 incognita

393 1031 452 1086 in
477 1031 787 1088 Thalmude
811 1032 1141 1107 babylonico
1168 1035 1344 1105 prima
1383 1035 1500 1090 vice
1536 1041 2061 1101 commemorantur,
2092 1030 2192 1088 sed
2237 1029 2432 1087 eadem
2469 1028 2606 1097 fere,
2638 1042 2781 1100 quae
2806 1027 2929 1084 Ge-

393 1134 548 1176 mara
584 1118 906 1192 babylonica
953 1119 1024 1176 de
1065 1120 1330 1191 Onkelos,
1369 1120 1647 1193 antiquior
1690 1120 2134 1193 ierosolymitana
2165 1118 2234 1175 de
2270 1116 2465 1189 Aquila
2487 1160 2502 1187 ,
2533 1131 2727 1189 graeco
2772 1114 2929 1171 Scri-
3035 1168 3037 1199 :

395 1214 681 1278 pturarum
708 1206 1029 1279 interprete,
1057 1207 1247 1275 refert,
1283 1209 1360 1263 ita
1389 1216 1452 1263 ut
1477 1206 1739 1263 rabbinos
1775 1206 2131 1281 babylonicos
2157 1204 2295 1262 duas
2326 1220 2583 1276 personas
2609 1201 2931 1259 confudisse
3035 1214 3037 1219 ·

393 1308 699 1366 eorumque
727 1294 1053 1351 relationem
1079 1294 1190 1351 fide
1209 1295 1498 1367 indignam
1522 1311 1668 1364 esse,
1700 1311 1802 1368 pro
1828 1304 1981 1351 certo
2006 1309 2250 1350 asserere
2278 1293 2458 1349 liceat.
2488 1289 2725 1347 Aliunde
2754 1289 2931 1362 igitur

393 1382 602 1451 primae
629 1381 794 1439 huius
821 1382 1218 1454 paraphraseos
1245 1391 1396 1438 aetas
1433 1382 1750 1439 definienda
1786 1390 1888 1439 est.
1924 1383 2043 1437 Iam
2071 1397 2202 1437 vero
2248 1396 2358 1435 una
2396 1396 2461 1435 ex
2492 1386 2647 1450 parte
2684 1385 2933 1449 quatuor
3035 1440 3037 1443 ¹

391 1469 580 1538 primis
606 1468 840 1525 saeculis
866 1485 900 1526 a
927 1469 1414 1540 palaestinensibus
1443 1469 1662 1527 Iudaeis
1688 1478 1746 1526 et
1781 1470 2019 1541 Origene
2048 1469 2495 1541 Hieronymoque
2523 1480 2748 1537 prorsus
2768 1464 2933 1536 igno·
3035 1522 3037 1539 Ι

394 1564 573 1619 ratum
606 1556 776 1613 altera
819 1564 1006 1613 autem
1050 1572 1118 1613 ex
1163 1566 1318 1628 parte
1345 1557 1533 1628 lingua
1562 1557 1679 1613 eius
1720 1573 1859 1629 pura
1886 1555 2196 1627 biblicoque
2224 1552 2565 1611 chaldaismo
2594 1552 2771 1607 vicina
2799 1567 2929 1606 eam

393 1643 676 1713 antiquam
700 1659 820 1699 esse
847 1642 1107 1713 ostendit,
1138 1653 1193 1699 et
1221 1644 1617 1714 explicationes
1640 1642 1933 1717 quaedam,
1956 1659 2098 1715 quae
2120 1642 2389 1713 templum
2416 1638 2666 1696 nondum
2685 1654 2807 1694 esse
2831 1637 2929 1693 de·

392 1738 668 1785 structum
699 1732 1023 1803 cultumque
1060 1731 1338 1788 leviticum
1375 1731 1626 1787 nondum
1662 1746 1902 1788 cessasse
1939 1737 2260 1802 supponunt
2286 1732 2393 1795 (ex.
2426 1743 2508 1800 gr.
2542 1730 2678 1784 Gen.
2722 1731 2891 1795 4937
2909 1750 2923 1791 3

391 1820 556 1872 Deut.
589 1824 800 1886 33,18),
837 1817 1107 1890 impedire
1143 1817 1420 1888 videntur,
1461 1818 1757 1890 quominus
1784 1824 1921 1892 post
1960 1825 2010 1873 1.
2060 1832 2203 1873 saec.
2246 1816 2449 1887 scripta
2485 1814 2715 1871 dicatur.
2760 1815 2923 1883 Quae

391 1904 598 1973 optime
620 1906 1006 1974 conciliantur,
1033 1906 1080 1961 si
1105 1905 1430 1973 admittitur,
1459 1920 1583 1961 eam
1609 1906 1721 1961 iam
1748 1920 1891 1961 saec.
1926 1911 1977 1961 1.
2003 1922 2071 1961 ex
2095 1903 2232 1961 orali
2250 1902 2547 1960 traditione
2570 1900 2927 1973 lerosolymis

391 1989 558 2047 scribi
601 2002 853 2063 coeptam
900 2006 1019 2048 esse
1069 1993 1300 2064 usuique
1335 1993 1625 2050 dumtaxat
1672 1993 1883 2064 privato
1930 1992 2095 2048 fuisse
2131 1991 2491 2055 destinatam,
2536 1987 2633 2045 sed
2668 2002 2813 2043 saec.
2864 1994 2921 2042 4.

391 2086 620 2135 exeunte
639 2077 902 2135 rabbinos
926 2078 1282 2151 babylonicos
1295 2121 1309 2149 ,
1333 2086 1398 2135 ut
1416 2079 1638 2152 publico
1662 2095 2065 2152 synagogarum
2094 2078 2215 2134 usui
2238 2078 2555 2143 inserviret,
2587 2091 2711 2131 eam
2736 2076 2795 2130 in
2824 2074 2923 2131 ho-

389 2164 637 2221 diernam
685 2165 923 2222 formam
965 2165 1261 2239 redegisse.
1310 2168 1618 2239 interpres,
1667 2167 1798 2223 licet
1842 2166 2124 2223 interdum
2168 2164 2367 2222 eodem
2413 2164 2527 2220 sere
2578 2162 2777 2228 modo,
2808 2178 2925 2235 quo

388 2252 588 2325 Aquila
605 2294 621 2321 ,
651 2251 817 2309 verba
859 2254 1153 2326 literasque
1195 2262 1438 2325 premat,
1479 2254 1539 2309 in
1584 2270 1785 2328 genere
1828 2263 2019 2311 tamen
2064 2252 2353 2309 historicas
2392 2260 2448 2308 et
2486 2250 2689 2325 legales
2736 2258 2926 2321 partes

389 2340 552 2396 clare
592 2339 826 2397 reddere
853 2340 1062 2409 studet,
1091 2341 1482 2412 metaphoricis
1509 2342 1761 2413 proprIas
1796 2341 2173 2413 expressiones
2206 2338 2578 2411 obsoletisque
2604 2336 2927 2393 nominibus

389 2427 672 2484 usitatiora
700 2427 1037 2484 substituens
1059 2438 1114 2486 et
1141 2428 1485 2486 obscuriores
1509 2429 1663 2485 locos
1690 2428 1879 2500 paucis
1915 2428 2137 2484 insertis
2164 2427 2445 2484 vocabulis
2480 2426 2777 2497 explicans.
2808 2426 2926 2480 Ve-

388 2530 513 2572 rum
559 2523 742 2572 autem
785 2515 1184 2587 paraphrasten
1220 2516 1334 2589 agit
1365 2517 1425 2571 in
1469 2516 1699 2588 poeticis
1738 2515 2335 2587 propheticisque13in
2383 2514 2533 2571 hisce
2576 2514 2743 2586 igitur
2778 2529 2927 2585 opus

387 2602 503 2659 eius
528 2602 858 2660 auctoritate
882 2619 1110 2673 prorsus
1135 2612 1304 2659 caret.
1334 2606 1624 2660 Praeterea
1654 2602 1859 2677 ubique
1886 2602 2536 2675 anthropomorphismos
2563 2600 2768 2657 evitare
2796 2608 2923 2655 stu-

387 2689 524 2746 dens
551 2688 667 2746 fere
693 2691 961 2747 continuo
987 2691 1214 2747 nomina
1243 2690 1428 2747 divina
1454 2700 1633 2747 mutat
1660 2689 2345 2763 circumlocutionibusque
2376 2692 2557 2746 Deum
2595 2702 2787 2745 verum
2820 2686 2925 2743 de-

386 2777 604 2849 signare
645 2786 795 2834 amat
807 2778 850 2834 ¹.
891 2776 1125 2834 Duobus
1167 2778 1434 2835 vaticiniis
1465 2776 1801 2834 messianicis
1838 2780 2001 2844 (Gen.
2040 2782 2235 2847 49,103
2284 2780 2458 2834 Num.
2499 2781 2683 2845 24,17)
2715 2790 2929 2831 nomen

385 2864 618 2921 Messias
639 2865 854 2935 inserit,
886 2865 996 2922 alia
1020 2865 1100 2922 ita
1126 2864 1329 2935 reddit,
1352 2872 1416 2920 ut
1436 2865 1820 2921 messianicam
1844 2865 2263 2936 explicationem
2283 2865 2479 2920 saltem
2504 2880 2616 2919 non
2642 2861 2924 2919 excludat.

455 2952 684 3025 Saepius
710 2953 826 3009 iam
845 2968 989 3009 saec.
1016 2959 1101 3009 15.
1124 2952 1394 3023 impressa
1422 2952 1774 3025 paraphrasis
1799 2952 1859 3009 in
1887 2952 2144 3009 omnibus
2169 2951 2496 3025 Polyglottis
2520 2952 2739 3023 magnis
2764 2967 2927 3023 repe·

385 3040 559 3109 ritui-3
592 3040 1030 3096 recentissimam
1059 3038 1362 3096 editionem
1385 3040 1601 3096 curavit
1622 3045 1697 3095 A.
1728 3039 2001 3096 Ber-liner
2027 3039 2232 3109 (Berlin
2266 3042 2465 3107 1884).

463 3232 524 3291 3.
554 3236 634 3276 -ἑ-
662 3232 876 3291 Altera
913 3232 1097 3309 Legis
1131 3229 1558 3310 paraphrasiS,
1592 3247 1751 3307 quae
1786 3232 1888 3290 Ps.
1920 3232 2273 3292 Ionathanis
2305 3230 2404 3291 vel
2439 3230 2927 3307 ierosolymitana

384 3326 754 3406 appellatur,
787 3344 904 3388 nec
940 3327 1006 3387 in
1046 3344 1113 3387 re
1153 3327 1370 3387 critica
1395 3343 1512 3387 nec
1548 3326 1614 3385 in
1650 3326 1895 3404 exegesi
1928 3327 2119 3387 ullam
2142 3330 2421 3388 meretur
2446 3327 2922 3399 auctoritatem,

388 3424 688 3499 quoniam
712 3423 1044 3484 arbitrario
1068 3424 1255 3503 plane
1281 3422 1475 3483 modo
1501 3440 1744 3484 sacrum
1769 3426 2009 3484 textum
2041 3424 2315 3501 exponit.

453 3556 608 3609 Duas
635 3552 864 3609 alterius
887 3554 1288 3627 paraphraseos
1312 3552 1581 3610 habemus
1601 3552 1977 3624 recensiones,
2008 3569 2243 3625 quarum
2270 3554 2422 3626 prior
2444 3554 2578 3610 olim
2599 3552 2925 3621 Ionatham,

449 3780 516 3845 (1)
545 3781 789 3845 Exemplo
817 3782 888 3833 sit
921 3786 1047 3834 Gen.
1079 3784 1158 3840 49,
1165 3786 1222 3831 27
1253 3781 1299 3844 (α
1325 3780 1587 3831 Beniamin
1616 3779 1766 3845 lupus
1794 3794 1949 3845 rapax
1977 3796 2001 3828 ιι
2028 3780 2165 3844 etc.,)
2194 3794 2325 3846 quae
2346 3781 2419 3831 ita
2451 3780 2778 3831 redduntur:
2816 3798 2843 3829 α
2868 3784 2929 3831 ln

387 3872 523 3917 terra
554 3869 818 3919 Beniamin
850 3867 1102 3919 habitabit
1130 3868 1416 3919 Schecbina
1446 3867 1664 3918 Domini.
1699 3864 1807 3947 (it-t
1836 3859 2096 3951 ΝῌΙὉὩῘ)
2130 3873 2182 3919 et
2208 3868 2261 3919 in
2301 3868 2615 3932 possessione
2642 3869 2755 3918 eius
2782 3869 2928 3920 aedi-

389 3963 620 4014 ficabitur
645 3966 1022 4025 sanctuarium·
1049 3977 1199 4014 mane
1226 3960 1443 4014 offerent
1474 3963 1762 4014 sacerdotes
1792 3942 2075 4015 oblationes
2101 3968 2153 4015 et
2179 3965 2232 4014 in
2258 3968 2488 4028 tempore
2521 3966 2812 4025 vespertino
2842 3966 2928 4017 di-

391 4040 562 4093 vident
589 4044 848 4095 residuum
875 4044 1168 4108 portionum
1192 4053 1403 4092 suarum
1429 4040 1493 4093 de
1521 4041 1733 4106 reliquis
1758 4057 1890 4108 quae
1910 4043 2217 4093 sanctificata
2245 4047 2368 4094 sunt
2396 4061 2445 4091 ι».

449 4132 517 4194 (2)
545 4130 769 4181 Onkelos
787 4130 1084 4195 frequenter
1110 4135 1204 4194 'pro
1230 4130 1445 4181 Eloliim
1471 4130 1555 4180 vel
1580 4131 1749 4181 Iahve
1776 4129 1981 4181 adhibet
2005 4131 2186 4194 αῖον-ια
2214 4134 2316 4182 Dei
2352 4126 2461 4210 (ῚΊἹ
2495 4134 2641 4214 ΝἿΡἹ
2682 4134 2811 4183 Gen.
2844 4138 2929 4193 28,

395 4238 506 4284 13«
480 4236 716 4297 «yloria
753 4234 971 4286 Domini
1004 4248 1030 4280 a
1063 4236 1176 4283 erat
1209 4232 1264 4283 in
1293 4233 1585 4284 summitate
1614 4232 1797 4297 scalae)
1834 4236 1924 4283 aut
1958 4236 2269 4297 praesentia
2296 4237 2517 4286 Domini
2542 4232 2650 4293 (Wt
2680 4230 2933 4323 8131Όώ

395 4331 524 4379 Gen.
549 4335 598 4388 9,
607 4334 664 4379 27
695 4332 892 4379 Deus«
915 4327 1150 4379 habitare
1179 4326 1330 4378 faciat
1353 4330 1723 4392 praesentiam
1748 4342 1904 4379 suam
1938 4330 1991 4379 in
2020 4328 2359 4380 tabernaculis
2388 4330 2505 4381 Sem
2536 4331 2584 4395 n)
2614 4335 2705 4382 aut
2732 4312 2936 4385 nomen

393 4418 610 4465 Domini
643 4413 752 4474 (ῚΊἹ
784 4406 940 4469 RD&
975 4415 1150 4466 ond.
1171 4420 1217 4474 5,
1223 4416 1394 4465 2dicit
1419 4414 1647 4466 Pharao:
1666 4433 1699 4463 a
1726 4429 1921 4467 nomen
1946 4418 2162 4468 Domini
2186 4431 2287 4467 non
2312 4421 2392 4469 est
2424 4419 2552 4470 mibi
2570 4419 2859 4473 revelatum
2881 4426 2933 4485 ιι)

391 4514 484 4557 aut
524 4510 774 4561 verbum
783 4513 1008 4563 Domini
1031 4508 1141 4571 (Wt
1175 4513 1386 4593 κ’]ᾨῖᾩ
1419 4512 1593 4562 Exod.
1636 4516 1708 4571 19,
1720 4516 1773 4561 17
1815 4511 2031 4576 populus
2069 4514 2276 4565 ducitur
2317 4531 2342 4564 α
2383 4515 2438 4566 in
2474 4529 2745 4569 occursum
2780 4520 2935 4572 verbi

399 4605 490 4653 Dei
521 4620 544 4650 υ
569 4606 705 4669 etc..)
739 4608 984 4657 Ionathan
1012 4605 1298 4672 praediligit
1323 4608 1697 4672 expressionem
1724 4610 2039 4661 schechina.
