3050 5184
664 1136 737 1192 11.
776 1163 848 1176 —
888 1133 1413 1190 FRAGMENTUM
1450 1129 2126 1187 MURATORIANUw.

311 1353 514 1426 quibus
538 1361 729 1408 tamen
760 1351 1015 1408 Interfuit
1043 1361 1097 1406 et
1126 1353 1203 1407 ita
1234 1349 1435 1421 posuit.

312 1442 499 1497 Tertio
524 1441 794 1512 [tertium]
825 1439 1101 1512 Evangelii
1125 1439 1331 1494 librum
1356 1437 1600 1493 secundo
1630 1437 1976 1505 [secundum]
2002 1439 2190 1492 Lucan
2205 1434 2248 1492 ².

314 1531 497 1584 Lucas
522 1529 633 1583 Iste
655 1527 905 1586 medicus
928 1535 1055 1598 post
1084 1542 1346 1582 acensum
1375 1527 1709 1594 [ascensum]
1737 1527 1862 1580 XPl
1882 1568 1895 1593 ,

314 1617 457 1671 Cum
484 1632 549 1671 eo
580 1616 749 1686 [eum]
778 1616 985 1670 Paulus
1013 1613 1172 1687 quasi
1198 1622 1263 1668 ut
1290 1614 1425 1669 iuris
1454 1612 1764 1668 studiosum
1783 1612 1806 1645 ⁸

240 1709 275 1758 5
314 1701 631 1758 Secundum
659 1701 1043 1771 adsumsisset,
1073 1701 1306 1757 numeni
1333 1700 1596 1769 [nomine]
1627 1717 1726 1754 suo

316 1806 385 1844 ex
412 1789 669 1860 opinione
693 1789 1001 1846 coneribset
1025 1775 1603 1859 [conscripsit];'dffffi
1617 1797 1805 1843 tamen
1834 1803 1937 1843 nec
1965 1786 2126 1858 Ipse*

314 1877 497 1932 dvidit
522 1877 701 1946 [vidit]
728 1877 787 1932 in
811 1893 1002 1946 carne,
1037 1884 1093 1932 et
1114 1867 1215 1932 ide
1236 1884 1400 1946 prout
1428 1877 1618 1947 asequi
1644 1875 1906 1946 [assequi]
1935 1875 2142 1946 potuit3

318 1966 395 2020 ita
424 1972 481 2019 et
504 1962 575 2019 ad
604 1963 717 2036 [ab]
746 1964 1030 2019 nativitate
1063 1963 1327 2019 Iohannis
1350 1963 1554 2035 incipet
1584 1963 1827 2035 [incepit]
1853 1961 2055 2018 dicere.

316 2053 514 2120 Quarti
536 2051 961 2124 Evangeliorum
991 2051 1256 2106 Iohannis
1284 2067 1351 2104 ex
1380 2049 1648 2122 decipolis
1675 2049 1999 2120 [discipulis]
2019 2049 2042 2084 ⁸

210 2147 280 2195 10
316 2139 747 2195 Cohortantibus
774 2139 1180 2209 condescipulis
1210 2147 1266 2193 et
1285 2131 1392 2210 ἓῖἶὲ
1414 2137 1530 2194 suis

312 2227 458 2281 dixit
484 2247 498 2281 z
529 2227 874 2282 conieiunate
904 2225 1037 2280 mihi
1063 2225 1187 2280 odie
1214 2225 1421 2296 [hodie]
1448 2225 1633 2281 triduo
1659 2225 1973 2296 [triduum],
2004 2233 2062 2280 et

318 2312 457 2386 quid
480 2315 676 2384 cuique
703 2313 868 2369 suerit
895 2314 1198 2369 revelatum
1216 2357 1229 2382 ‚
1262 2313 1594 2368 alterutrum
1613 2313 1636 2348 ⁸

318 2401 481 2457 nobis
502 2415 845 2457 enarremus·
872 2400 1081 2456 Eadem
1104 2409 1269 2456 noete
1298 2417 1458 2456 reve-

321 2489 499 2545 latum
526 2487 766 2544 andreae
789 2503 857 2544 ex
882 2489 1174 2560 apostoiiS,
1204 2495 1265 2542 ut
1287 2487 1570 2560 recognis-

212 2585 281 2634 15
319 2577 569 2634 centibus
599 2576 1161 2648 [recognoscentibus]
1187 2575 1367 2631 euntis
1396 2575 1652 2647 [cunctis]
1681 2573 1944 2632 Iohannis
1973 2577 2256 2649 [Ioannes]
2287 2593 2386 2633 suo
2411 2577 2638 2638 nomine

319 2671 485 2720 cunta
512 2663 754 2735 [cuncta]
780 2661 1072 2719 discribret
1096 2661 1471 2735 [describeret]
1496 2673 1552 2719 et
1575 2663 1699 2736 ideo
1725 2663 1840 2718 licit
1862 2664 2034 2736 [licet]
2059 2665 2210 2720 varia
2235 2665 2353 2720 sin-

319 2751 457 2807 eulis
483 2751 757 2823 [singulis]
787 2751 1199 2822 evangeliorum
1222 2751 1377 2807 libris
1402 2752 1674 2823 principia
1691 2752 1710 2785 ⁷

200 2947 270 3010 (ι)
300 2944 723 3008 Antiquissimum
761 2946 1009 2994 Romanae
1042 2943 1291 2994 Ecclesiae
1326 2958 1571 2994 canonem
1605 2945 1882 2996 secundum
1919 2945 2166 2996 facsimile
2193 2959 2224 2996 a
2257 2949 2309 2998 S.
2335 2949 2394 2996 P.
2426 2945 2677 3008 Tregelies

132 3025 339 3074 edit-um
359 3021 769 3082 transcribimus3
800 3021 888 3072 illa
909 3021 1179 3082 vocabula,
1204 3036 1337 3087 quae
1354 3023 1550 3074 librarii
1573 3023 1876 3086 negligentia
1903 3025 1975 3076 ita
2000 3024 2255 3088 corrupit,
2278 3027 2338 3075 ut
2365 3024 2550 3087 legenti
2576 3024 2673 3074 dir-

134 3104 420 3152 ticuitatem
457 3105 659 3158 creent,
688 3105 913 3150 correcta
950 3101 1092 3150 uncis
1124 3101 1319 3150 inclusa
1353 3102 1618 3162 addimus,
1649 3103 2110 3166 interpunctionem
2147 3117 2350 3168 quoque
2379 3103 2674 3168 supplemus

134 3194 427 3248 paucasque
455 3179 754 3230 subiicimus
784 3183 955 3239 notas,
984 3193 1117 3242 (luae
1141 3181 1363 3242 genuino
1390 3181 1558 3231 sensui
1586 3181 1906 3244 percipiendo
1931 3181 2228 3233 inserviant.

202 3263 271 3324 (2)
298 3259 485 3310 Lineae
526 3265 571 3308 2.
602 3262 654 3307 et
680 3261 729 3306 9.
770 3257 928 3308 rubro
968 3257 1185 3321 scriptae
1227 3261 1365 3309 sunt.
1396 3260 1519 3310 Sine
1557 3259 1664 3310 ullo
1700 3259 1857 3310 dubio
1899 3280 1926 3304 οι
1968 3260 2123 3312 tertio
2158 3281 2184 3305 a·
2215 3261 2568 3326 corrigendum
2599 3266 2678 3314 est

136 3363 163 3386 .-
202 3339 418 3390 tertium
453 3358 505 3397 υς
541 3335 617 3386 cfr
655 3335 831 3386 statim
869 3356 897 3380 κ
933 3350 996 3385 eo
1025 3356 1049 3378 κ
1080 3350 1173 3401 pro
1210 3356 1235 3379 «ι
1266 3351 1383 3387 eum
1410 3357 1461 3396 υ,
1494 3355 1518 3384 α
1545 3339 1768 3388 secundo
1793 3355 1818 3386 υ
1847 3353 1940 3402 pro
1971 3356 1996 3386 α
2031 3341 2310 3391 secundum
2337 3361 2362 3386 υ
2389 3345 2486 3392 etc.
2515 3345 2677 3392 Punc-

134 3427 282 3478 tum,
319 3416 461 3482 quod
493 3415 731 3465 librarius
758 3417 873 3478 post
904 3417 1077 3464 Lucan
1114 3415 1339 3478 (Lucam)
1378 3415 1577 3479 posuit,
1608 3417 1850 3468 vitiosum
1876 3421 1978 3480 est,
2013 3433 2172 3482 quum
2207 3419 2488 3471 membrum
2521 3422 2616 3471 hoc
2647 3436 2676 3471 a

134 3498 303 3550 verbo
334 3514 359 3545 α
390 3493 690 3556 conscripsit
717 3514 740 3536 ι·
774 3492 1073 3556 dependeat.

206 3577 273 3642 (3)
301 3596 327 3620 α
358 3572 483 3626 iuris
518 3571 807 3622 studiosum
847 3573 1125 3622 secundum
1160 3589 1208 3623 ιο.
1243 3576 1373 3623 Num
1412 3575 1566 3624 verba
1601 3575 1726 3624 haec
1762 3576 1868 3626 sint
1894 3581 2160 3640 corrupta,
2189 3592 2256 3628 an
2296 3579 2465 3641 potius
2507 3579 2678 3630 versio

130 3656 457 3710 iuncturam,
490 3666 591 3702 non
620 3650 797 3714 liquet.
826 3653 963 3701 Inter
991 3652 1161 3701 varias
1189 3653 1509 3702 coniecturas
1535 3653 1818 3716 propositas
1845 3668 1906 3704 ea
1933 3655 2136 3706 videtur
2162 3657 2517 3720 praeferenda,
2545 3673 2678 3723 quae

126 3747 322 3800 graece
349 3733 598 3794 scriptum
625 3731 783 3780 fuisse
806 3729 988 3781 statuit
1013 3749 1025 3778 :
1050 3735 1115 3785 ὡς
1137 3735 1221 3780 τοῦ
1241 3731 1427 3780 δικαίου
1456 3731 1558 3792 (vel
1579 3737 1664 3781 τοῦ
1690 3733 1862 3796 νόμου)
1883 3737 2166 3786 σπουδαῖον.
2192 3738 2260 3786 Τὸ
2289 3753 2315 3782 α
2339 3738 2620 3788 secuudum
2650 3755 2676 3786 n

130 3819 321 3867 autem
348 3807 680 3874 probabiliter
710 3809 931 3859 refertur
963 3809 1028 3859 ad
1056 3811 1280 3858 Marcum
1296 3810 1430 3874 ‚qui
1457 3810 1650 3872 primus
1681 3812 1896 3862 Paulum
1925 3817 2130 3865 secutus
2157 3817 2330 3877 postea
2357 3817 2493 3866 Petri
2521 3817 2676 3868 ‹lisci—

128 3894 301 3959 pulus
345 3890 516 3940 fectus
557 3886 887 3950 Evangelium
929 3887 1207 3938 secundum
1248 3888 1383 3938 Petri
1427 3889 1852 3951 praedicationem
1895 3892 2114 3956 scripsit.
2157 3892 2234 3943 Ad
2277 3896 2502 3944 Marcum
2544 3901 2680 3947 certe

132 3969 470 4024 referendum
505 3971 609 4026 est,
646 3966 785 4030 quod
813 3969 973 4016 Lucas
1005 3983 1029 4012 α
1058 3980 1153 4017 nec
1189 3969 1357 4030 ipse»
1334 3969 1662 4020 »Dominum
1700 3970 1886 4020 vidisse
1920 3975 1975 4021 et
2011 3989 2036 4018 α
2079 3971 2278 4022 idem»
2305 3974 2438 4023 sicut
2473 3978 2678 4041 assequi

130 4049 317 4118 potuit
341 4047 605 4112 scripsisse
628 4045 832 4095 dicitur.

207 4129 277 4194 (4)
320 4145 345 4174 «ι
382 4127 461 4176 Ex
492 4126 731 4190 opinione
760 4096 1061 4188 conscripsit
1100 4141 1124 4170 n
1168 4125 1295 4175 forte
1330 4131 1570 4191 corrupte
1595 4141 1688 4191 pro
1719 4141 1940 4192 graeco:
1974 4130 2106 4192 αὐτῷ
2143 4133 2270 4190 leoe-
2296 4134 2568 4199 συγγράψαι
2597 4134 2680 4198 (ex

128 4215 269 4260 Luc.
308 4212 327 4256 1
336 4207 430 4268 ,;3)
461 4203 541 4256 vel
570 4203 755 4254 melius
786 4217 969 4254 nomen
1000 4203 1148 4254 Pauli
1176 4203 1425 4256 excidisse
1457 4205 1710 4266 dicemus,
1745 4210 1804 4256 ut
1833 4227 1862 4252 ιι
1889 4221 1952 4256 ex
1979 4209 2127 4258 Pauli
2153 4210 2390 4272 opinione
2415 4213 2676 4279 conscrip-

125 4291 207 4340 sit
238 4307 269 4331 n
309 4285 377 4334 sit
402 4297 496 4348 pro
526 4283 651 4333 κατὰ
678 4286 765 4342 τήν
792 4283 985 4334 Παύλου
1016 4284 1155 4340 δόξαν
1186 4284 1390 4348 ἔγραψεν
1422 4301 1433 4332 :
1466 4285 1582 4344 δόξα
1617 4286 1756 4336 enim
1783 4286 1918 4349 apud
1947 4287 2108 4340 Glem.
2139 4291 2290 4340 Ale-v.
2323 4291 2532 4353 (Strom.
2565 4296 2675 4346 vn.

138 4367 245 4430 17.)
278 4362 415 4414 idem
438 4365 517 4412 est
543 4375 603 4412 ao
628 4363 895 4425 παράδοσις
923 4361 1207 4427 (traditio).

204 4444 279 4508 (5)
313 4441 645 4492 Probabiliter
674 4441 941 4504 legendum
978 4459 991 4490 ε
1021 4443 1198 4498 Quarti
1226 4443 1616 4506 Evangeliorum
1648 4445 1846 4508 (auctor
1869 4446 1966 4509 est)
1995 4448 2206 4498 loannes
2233 4463 2298 4500 ex
2318 4449 2602 4515 discipulis.

204 4525 279 4585 (6)
312 4525 411 4570 Aut
433 4520 812 4584 corrigendum,
847 4540 872 4564 α
902 4520 1135 4571 alterutri
1168 4537 1215 4579 υ,
1244 4523 1333 4571 aut
1360 4520 1544 4572 vitiosa
1572 4523 1736 4572 versio
1767 4525 1930 4586 graeci
1957 4527 2168 4589 θάτερον,
2197 4540 2268 4578 sc.
2298 4532 2472 4580 utrum
2505 4533 2679 4584 Evan-

130 4603 341 4668 gelium
364 4599 688 4650 scribendum
716 4599 807 4658 sit,
842 4613 1015 4651 necne.

206 4680 285 4745 (7)
316 4697 341 4728 α
364 4679 613 4744 principia
637 4696 661 4727 υ
689 4679 752 4729 ab
780 4677 892 4729 aliis
917 4677 1065 4729 initia
1096 4678 1174 4730 vel
1196 4681 1449 4743 prooemia
1478 4680 1861 4745 Evangeliorum
1888 4684 2064 4750 (ἀρχαί)
2093 4685 2472 4752 intelliguntur3
2499 4691 2681 4744 melius
2715 4715 2721 4722 ·

1367 4763 1456 4812 637
