3050 5184
611 325 686 368 na·
725 321 1072 368 rumeirms
1115 321 1568 366 consummans
1611 320 1953 366 mruoucxs
1993 322 2053 367 m
2096 323 2304 369 serus.
2610 311 2724 370 525

195 450 322 506 satis
350 450 444 506 diu
485 462 616 510 ante
657 453 970 520 Concilium
1013 467 1134 510 esse
1172 454 1564 521 terminatum3
1609 469 1740 508 nam
1767 468 1895 510 cum
1922 453 2177 510 Barnaba
2204 469 2273 510 ex
2312 455 2511 510 itinere
2552 453 2721 510 redux

200 558 224 588 α
251 554 362 595 non
389 541 672 597 modicum
700 550 919 614 tempus
951 562 977 592 n
1009 540 1342 597 Antiochiae
1369 549 1620 596 versatus
1656 555 1776 596 esse
1819 539 2038 608 dicitur,
2069 549 2369 614 antequam
2407 542 2609 600 missus
2643 551 2726 597 est

197 628 528 700 ierosolyma
558 633 792 698 (14,27);
827 636 1046 684 eertum
1069 645 1290 701 quoque
1312 637 1412 696 est,
1445 627 1585 683 illud
1610 627 1805 684 saltem
1845 627 1985 684 duos
2008 629 2095 684 vel
2121 638 2234 684 tres
2257 645 2433 684 annos
2463 629 2722 698 durasse;

195 713 247 768 id
274 715 418 771 enim
446 731 513 772 ex
540 717 757 772 itineris
783 714 1156 787 descriptione
1186 716 1370 772 elucet
1397 719 1787 786 (13‚1-14,25);
1819 715 1949 772 hinc
1976 732 2103 772 cum
2132 715 2264 772 satis
2291 732 2497 788 magna
2523 717 2725 789 proba-

191 801 402 858 bilitate
431 804 576 860 intra
605 819 779 860 annos
805 810 897 860 46.
935 812 992 859 et
1017 810 1105 860 49.
1141 804 1383 875 ponitur.
1419 805 1577 859 Inter
1596 803 2014 859 conversionem
2036 806 2094 861 S.
2119 805 2275 862 Pauli
2304 813 2361 860 et
2380 805 2437 860 S.
2464 805 2727 877 Stephani

190 898 426 945 mortem
452 891 543 945 vix
573 905 746 948 unum
775 907 984 947 annum
1011 889 1312 959 effluxisse,
1339 889 1585 946 narratio
1614 891 1671 948 S.
1700 891 1885 948 Lucae
1907 891 2041 948 satis
2066 891 2218 948 clare
2241 890 2513 961 ostendit;
2544 901 2726 963 proto-

187 986 399 1050 martyr
424 978 595 1050 igitur
622 993 890 1034 coronam
921 978 1158 1050 adeptus
1186 986 1271 1034 est
1297 994 1348 1033 a.
1384 985 1474 1034 33.

253 1065 472 1134 Quibus
513 1067 812 1138 suppositis
851 1067 995 1122 hane
1032 1066 1452 1140 chronologiam
1490 1067 1803 1139 primitivae
1825 1067 2102 1124 Ecclesiae
2130 1068 2378 1125 stabilire
2407 1083 2722 1140 possumus,

183 1153 340 1222 Quae
381 1159 590 1223 1,1-6‚8
613 1163 935 1224 narrantur,
969 1163 1120 1227 gesta
1149 1160 1278 1208 sunt
1315 1151 1383 1208 ab
1413 1168 1464 1208 a.
1495 1160 1585 1208 29.
1619 1153 1689 1209 ad
1716 1169 1768 1210 a.
1802 1159 1923 1223 3³.;
1951 1154 2049 1210 illo
2074 1171 2220 1210 auno
2251 1153 2394 1210 sacta
2426 1163 2510 1210 est
2538 1169 2725 1225 perse-

183 1240 337 1296 cutio
353 1283 367 1307 ,
398 1257 542 1314 quae
565 1241 908 1298 Christianos
935 1257 1038 1313 per
1065 1241 1334 1296 Iudaeam
1364 1250 1420 1296 et
1451 1241 1757 1297 Samariam
1787 1241 2109 1314 dispergens
2145 1242 2361 1311 effecit,
2388 1250 2453 1297 ut
2479 1243 2727 1314 Evange-

187 1328 322 1396 qium
353 1345 453 1401 per
478 1337 652 1386 totam
681 1330 1051 1386 Palaestinam
1075 1337 1478 1401 propagaretur
1502 1333 1817 1398 (6,9-8,40).
1849 1333 1920 1384 Α.
1946 1335 2035 1386 34.
2065 1345 2365 1385 conversus
2391 1338 2475 1386 est
2502 1332 2559 1386 S.
2590 1332 2729 1385 Pau·

189 1418 270 1472 lus
295 1421 570 1487 (9,1-22),
602 1426 659 1474 et
685 1433 858 1490 quum
889 1419 947 1474 S.
976 1419 1154 1474 Lucas
1180 1426 1297 1473 tres
1323 1431 1500 1472 annos
1523 1417 1769 1489 integros
1796 1416 2017 1473 silentio
2058 1425 2369 1489 praetereat
2396 1421 2545 1483 (Aet.
2578 1424 2724 1486 9,20.

185 1511 272 1560 22.
305 1504 397 1560 err
423 1505 546 1562 Gal.
583 1510 759 1574 1,18),
791 1521 856 1562 ea
899 1521 1043 1578 quae
1067 1504 1196 1561 inde
1225 1521 1256 1560 a
1299 1511 1426 1574 933
1455 1512 1770 1573 narrantur,
1804 1513 1955 1578 gesta
1982 1513 2112 1560 sunt
2139 1513 2265 1577 post
2291 1521 2342 1561 a.
2390 1511 2476 1560 37.
2498 1548 2513 1574 ,
2539 1505 2619 1561 ita
2665 1514 2730 1561 ut

183 1592 451 1649 admissio
479 1593 786 1664 primorum
818 1593 1168 1650 ethnicorum
1197 1593 1254 1648 in
1286 1593 1591 1649 Ecclesiam
1620 1592 1875 1664 ponenda
1916 1593 1989 1649 sit
2014 1593 2161 1649 circa
2189 1608 2242 1648 a.
2288 1599 2373 1648 38.
2407 1595 2581 1648 Porro
2609 1593 2723 1660 illa,

183 1695 328 1750 quae
361 1680 490 1737 inde
517 1696 549 1737 a
581 1687 700 1751 1³‚1
746 1689 1062 1748 narrantur,
1113 1688 1268 1753 gesta
1315 1689 1444 1736 sunt
1474 1689 1599 1751 post
1636 1696 1687 1736 a.
1724 1685 1810 1736 44.
1830 1723 1845 1750 ,
1876 1688 2042 1754 atque
2084 1680 2209 1747 illa,
2252 1695 2395 1752 quae
2440 1685 2560 1750 15,1
2602 1695 2722 1752 sqq.

189 1776 509 1836 narrantur,
537 1777 842 1824 evenerunt
868 1767 939 1824 ab
963 1785 1015 1824 a.
1045 1773 1133 1824 51.
1168 1767 1241 1824 ad
1267 1783 1320 1822 a.
1353 1773 1424 1824 64
1454 1765 1558 1836 (cfr
1586 1769 1729 1839 App.
1780 1769 1963 1835 XII.).

410 1971 452 2060 g
484 1978 589 2038 ss».
618 2009 708 2020 —
743 1974 839 2038 De
861 1971 1251 2060 praecipuis
1287 1969 1785 2038 commentariis
1809 1969 2150 2038 catholicas
2177 1971 2251 2037 in
2276 1973 2502 2038 Actus.

255 2172 582 2241 PaucioreS,
614 2189 783 2246 quam
819 2175 1066 2248 plerique
1098 2175 1297 2248 reliqui
1329 2174 1455 2230 libri
1490 2173 1629 2229 Novi
1667 2175 1853 2240 Tes't„
1891 2180 2359 2229 commentatores
2396 2175 2730 2232 invenerunt

191 2263 366 2316 Actus
393 2267 522 2315 ante
548 2261 795 2318 medium
824 2279 967 2318 saec.
1002 2270 1120 2328 16.;
1154 2279 1242 2319 res
1269 2262 1446 2328 euim,
1478 2277 1615 2333 quas
1637 2269 1897 2324 narrant,
1924 2268 2039 2316 tam
2059 2259 2245 2316 faciles
2272 2277 2338 2317 ae
2364 2263 2559 2332 planae
2583 2265 2728 2322 visae

187 2359 320 2407 sunt
345 2351 610 2424 antiquis,
637 2361 702 2407 ut
736 2351 848 2409 illis
872 2351 1235 2425 explanandis
1267 2367 1494 2426 operam
1515 2367 1675 2408 suam
1716 2350 2035 2424 impendere
2066 2352 2409 2424 superfluum
2447 2352 2725 2409 duxerint.

192 2443 346 2496 Inter
375 2439 660 2497 Gnutcos
682 2444 921 2498 Puluis
942 2439 1095 2496 solus
1121 2441 1181 2496 S.
1213 2441 1663 2512 chrysostomus
1687 2443 1861 2495 Actus
1882 2438 2125 2496 homiliis
2148 2441 2468 2512 explicavit,
2494 2456 2729 2513 quarum

186 2529 440 2600 quinque
479 2526 536 2582 in
582 2527 910 2600 principium
941 2530 1213 2598 Amnum,
1247 2529 1649 2601 quinquaginta
1690 2528 1936 2599 quinque
1977 2528 2038 2584 in
2080 2528 2363 2600 integrum
2402 2526 2609 2583 librum
2648 2544 2731 2584 re·

191 2615 372 2688 liquit.
409 2618 456 2670 A
491 2617 549 2671 S.
588 2615 986 2688 Chrysostomo
1028 2617 1256 2671 omnino
1299 2615 1619 2687 dependent
1656 2615 1993 2672 oecumenii
2019 2615 2466 2670 Commentarius
2504 2616 2565 2670 in
2604 2619 2723 2671 Act.

187 2711 242 2759 et
275 2702 708 2774 Theoplzylaeti
737 2703 1018 2774 Expositio
1046 2708 1308 2759 Aetuum.
1359 2703 1617 2776 Reliqua,
1646 2717 1787 2774 quae
1816 2719 1849 2758 a
1871 2701 2129 2760 Patribus
2156 2703 2370 2769 graecis
2397 2701 2468 2757 de
2489 2706 2731 2758 Actuum

189 2790 564 2862 explicatione
587 2791 852 2862 praestita
881 2799 1038 2856 sunt,
1071 2791 1304 2847 collecta
1333 2790 1504 2847 habes
1532 2791 1589 2846 in
1621 2793 1852 2847 Catena
1878 2789 1988 2856 (ed.
2022 2790 2267 2846 Cramer.
2294 2788 2497 2847 Oxonii
2528 2789 2729 2862 1858.).

260 2881 421 2934 Inter
451 2880 723 2935 Lumos
753 2878 968 2950 primus
1003 2883 1244 2935 Actuum
1275 2887 1681 2934 commentator
1723 2881 1809 2934 est
1850 2876 2249 2935 Cassiodorus
2290 2877 2733 2948 (complexiones

191 2969 248 3022 in
291 2970 516 3032 Actus);
550 2965 698 3022 circa
732 2965 884 3020 idem
926 2974 1142 3038 tempus
1181 2969 1417 3022 Arator
1457 2965 1618 3021 diac.
1650 2964 1877 3021 heroico
1922 2973 2102 3021 metro
2144 2986 2167 3016 a
2199 2963 2268 3021 de
2303 2965 2535 3021 Actibus
2563 2964 2734 3021 libros

190 3054 334 3110 duos
380 3073 406 3104 1>
452 3050 658 3120 edidit,
703 3053 906 3124 quibus
948 3070 1062 3109 non
1099 3069 1297 3125 parum
1341 3069 1401 3110 se
1449 3052 1706 3109 adiutum
1746 3068 1865 3108 esse
1907 3053 2109 3109 latetur
2150 3057 2293 3108 Ven.
2334 3053 2505 3109 Beda
2539 3053 2600 3107 in
2635 3069 2731 3108 sua

195 3163 220 3192 α
251 3155 422 3212 super
449 3145 588 3196 Acta
607 3143 802 3211 Apost.
837 3141 1178 3211 expositione
1202 3162 1226 3192 υ
1259 3149 1316 3196 et
1342 3142 1400 3196 in
1421 3157 1525 3197 suo
1558 3162 1584 3191 α
1614 3138 1758 3196 libro
1780 3139 2185 3196 retractationis
2209 3141 2262 3194 in
2282 3143 2419 3195 Acta
2444 3143 2486 3195 Λ
2496 3148 2637 3212 post.
2672 3160 2729 3202 η

192 3244 294 3301 pro
323 3243 484 3284 more
526 3242 627 3283 suo
669 3228 726 3282 S.
758 3231 1032 3284 Pater-ius
1069 3237 1126 3284 et
1155 3228 1402 3308 <nulfus
1437 3235 1683 3286 Tot-nac.
1720 3243 1787 3284 ex
1818 3227 1874 3283 S.
1902 3227 2158 3300 Gregorii
2195 3230 2271 3283 M.
2306 3227 2565 3299 operibus
2590 3244 2731 3282 non-

191 3317 378 3372 nullas
406 3314 800 3387 explicationes
824 3316 1190 3388 collegerunt,
1219 3324 1276 3372 et
1303 3315 1578 3391 Walafr.
1610 3316 1825 3372 Strabo
1849 3315 2106 3371 Glossam
2133 3315 2473 3371 ordinariam
2496 3316 2732 3372 maxime

189 3421 258 3459 ex
297 3402 486 3459 Bedae
523 3403 782 3475 operibus
811 3401 1098 3459 desumsit.

261 3494 479 3548 Mssnu
506 3505 748 3548 Anum
779 3490 1095 3562 complures
1125 3494 1298 3547 Actus
1329 3490 1777 3562 explicaverunt,
1808 3488 1908 3546 sed
1933 3505 2129 3546 eorum
2152 3492 2537 3548 commentarii
2564 3491 2733 3564 pleri·

189 3595 302 3651 que
337 3593 454 3634 non
481 3586 614 3634 sunt
653 3577 818 3648 editi;
847 3578 990 3650 typis
1019 3578 1331 3650 descriptae
1363 3586 1495 3634 sunt
1526 3577 1789 3635 Postillae
1814 3578 2001 3635 Car-d.
2034 3582 2311 3652 Huqom's,
2350 3580 2592 3636 Nicolai
2618 3583 2734 3649 Ly-

193 3670 358 3736 ram,
383 3667 662 3736 Dionysii
689 3665 922 3734 Carth„
950 3680 1090 3736 quos
1115 3666 1434 3738 saepissime
1458 3667 1571 3721 iam
1596 3665 2041 3734 nominavimus3
2076 3672 2261 3722 Laur.
2299 3666 2491 3722 Valla
2514 3681 2736 3738 quoque

193 3769 340 3811 saec.
377 3758 463 3809 15.
495 3752 706 3808 scholia
733 3755 793 3808 in
823 3757 994 3809 Actus
1017 3753 1263 3824 scripsit,
1296 3768 1438 3824 quae
1463 3764 1613 3827 typis
1637 3751 1968 3822 prodierunt
1991 3753 2213 3809 Parisiis
2246 3759 2399 3809 1505.

265 3845 666 3899 Rsscnurtonn
707 3856 949 3897 unni
991 3844 1166 3896 Actus
1204 3839 1529 3912 diligentius
1564 3842 1795 3898 tractari
1830 3841 2014 3914 coepti
2046 3849 2191 3898 sunt.
2223 3840 2454 3896 Saeculo
2484 3845 2571 3898 16.
2605 3856 2735 3912 pro-

193 3929 420 3986 dierunt
435 3929 688 3984 Erasmi
713 3927 984 3984 Boterod.
1011 3927 1415 3984 Adnotationes
1434 3929 1703 3995 (Basileae
1724 3934 1882 3985 1516.
1914 3938 1969 3984 et
1992 3928 2247 3998 saepius),
2276 3926 2531 3983 Vatabli
2554 3927 2737 3984 Adno-

195 4019 438 4074 tationes
478 4015 720 4086 (Parisiis
754 4019 967 4085 1545.),
1002 4018 1175 4071 Ioan.
1217 4018 1490 4088 Gaynaei
1526 4016 1749 4073 Scholia
1784 4017 1975 4085 (Paris
2011 4021 2193 4084 1552.;
2232 4012 2317 4070 cfr
2354 4020 2402 4072 I.
2435 4015 2740 4072 Benedicti

199 4103 630 4162 Emendationes
653 4103 994 4160 scholiorum
1021 4103 1293 4176 Gagnaei.
1322 4104 1546 4161 Parisiis
1574 4109 1752 4172 1563.)
1768 4147 1783 4174 ,
1812 4104 2002 4159 Ariae
2030 4104 2301 4158 Montani
2328 4101 2738 4158 Elucidationes

197 4193 256 4246 in
281 4195 498 4263 Evang.
525 4201 582 4248 et
617 4195 758 4248 Acta
791 4191 1168 4263 (Antwerpiae
1204 4197 1359 4248 1575.
1393 4200 1451 4248 et
1481 4193 1749 4264 saepius),
1776 4195 1969 4247 Lucae
2003 4195 2182 4262 Bruq.
2212 4190 2537 4246 Notationes
2574 4194 2735 4258 (Ant-

201 4280 441 4350 vverpiae
476 4279 656 4352 1583.)
685 4287 791 4335 etc.

270 4367 484 4438 Quibus
529 4365 786 4424 omnibus
829 4368 995 4440 longe
1023 4375 1307 4440 praestant
1347 4367 1602 4423 nonnulli
1628 4367 1957 4435 interpretes
1996 4364 2202 4420 saeculi
2231 4367 2342 4433 17„
2372 4373 2537 4437 atque
2572 4379 2734 4437 prae-

201 4455 362 4527 cipue
393 4459 566 4513 ΙοΑπ.
593 4457 868 4514 Lomuus
895 4456 953 4511 S.
982 4457 1026 4512 1.
1065 4456 1522 4522 (Commentarius
1560 4454 1617 4509 in
1656 4458 1849 4509 Actus·
1886 4452 2147 4525 Lugduni
2188 4457 2341 4509 1605.
2372 4462 2428 4509 et
2468 4448 2735 4524 saepius),

206 4544 377 4600 CAs1».
423 4547 728 4602 Snc‘rtus
771 4545 827 4600 S.
869 4545 916 4598 1.
963 4543 1425 4611 (Commentarius
1470 4543 1531 4597 in
1570 4546 1721 4610 Aet,
1759 4539 1991 4596 accessit
2017 4537 2317 4610 disputatio
2356 4540 2427 4597 de
2452 4542 2509 4597 S.
2547 4540 2737 4597 lacobi

207 4631 446 4705 itemque
482 4631 640 4689 Petri
673 4639 730 4686 et
766 4631 926 4688 Pauli
963 4629 1022 4686 in
1058 4631 1386 4703 Hispaniam
1419 4628 1683 4686 adventu.
1725 4628 1981 4700 Ludguni
2013 4634 2169 4685 1616.
2196 4637 2253 4685 et
2284 4629 2552 4701 saepius),
2584 4631 2736 4684 Ban-
