3050 5184
329 357 451 428 316
525 387 601 430 m:
643 387 779 431 vm.
826 388 992 433 TEST-
1036 389 1227 434 mes
1267 390 1623 438 mmmmm.
1655 409 1734 420 —·
1763 391 1893 436 CAP.
1931 392 2026 435 111.
2075 391 2152 436 DE
2193 391 2513 436 psarz-:mo
2553 389 2862 435 navlmco.

329 513 457 572 dem
490 517 724 575 formam
748 519 1019 591 poeticam
1044 525 1269 588 (55.·59.
1297 523 1612 591 Miktham5
1640 529 1846 580 41:4⁴.
1877 529 2091 580 51.-54.
2126 524 2379 592 Maskil5
2404 529 2687 578 12o.-134.
2713 525 2869 578 Can·

330 605 455 659 tica
478 606 805 674 yraduum)
829 616 925 663 aut
966 609 1205 665 eundem
1228 625 1390 666 usum
1415 611 1734 684 liturgicum
1771 614 2076 680 (110.-117.
2129 617 2403 668 146.-15o.
2446 609 2739 676 Alleluia)
2769 617 2868 664 aut

330 692 565 748 eandem
588 695 885 750 melodiam
916 701 1150 762 (aa-58.
1188 717 1214 748 «ι
1240 700 1325 752 Ne
1352 698 1674 769 disperdas
1699 702 1770 767 n).

876 901 911 984 ξ
946 904 1011 966 8.
1044 937 1133 950 -
1168 903 1264 966 De
1304 901 1725 968 Psalmorum
1763 899 2331 991 inscriptionibus,

413 1109 469 1166 1.
498 1141 577 1152 —
599 1109 787 1170 Tituli
822 1111 1007 1190 longe
1036 1112 1354 1192 plerisque
1389 1115 1656 1175 Psalmis
1693 1114 1950 1192 praefixi
1989 1113 2243 1186 eadem,
2278 1132 2404 1192 qua
2443 1113 2728 1190 reliquae
2761 1113 2870 1172 SS.

331 1201 801 1280 Scripturarum
830 1209 1167 1284 particulae
1184 1257 1198 1282 ,
1226 1210 1503 1287 gaudent
1525 1211 1931 1282 auctoritate,
1963 1211 2018 1272 si
2045 1212 2328 1271 unanimi
2359 1214 2566 1270 textus
2593 1209 2875 1269 hebraici

331 1302 398 1358 et
435 1301 792 1362 versionum
838 1306 1319 1383 praecipuarum
1370 1307 1735 1367 testimonio
1781 1306 2230 1385 approbantur.
2263 1309 2455 1367 Recte
2509 1305 2686 1366 enim
2727 1303 2875 1364 illos

333 1398 691 1460 auctoribus
735 1401 1083 1461 carminum
1136 1403 1564 1463 attribuerunt
1620 1404 1836 1464 Patres
1887 1404 2405 1481 antiquioresque
2454 1401 2870 1480 interpreteS,

330 1496 521 1569 atque
554 1494 717 1555 levia
744 1496 1087 1558 admodum
1118 1503 1263 1560 sunt
1290 1505 1690 1577 argumenta,
1727 1499 1956 1578 quibus
1995 1517 2033 1560 a
2059 1499 2382 1560 modernis
2411 1495 2874 1575 interpretibus

333 1587 629 1666 (maxime
651 1591 1036 1673 acatholicis)
1071 1595 1244 1657 velut
1270 1595 1678 1657 librariorum
1710 1596 2081 1657 arbitrariae
2115 1598 2364 1675 glossae
2391 1595 2868 1673 impugnantur.

399 1703 630 1760 Duobus
656 1705 714 1760 in
739 1707 975 1779 Vulgata
1010 1716 1066 1763 et
1087 1707 1308 1764 circiter
1346 1708 1536 1781 viginti
1577 1709 1635 1764 in
1668 1717 1823 1765 textu
1863 1709 2123 1766 hebraico
2161 1709 2404 1781 exceptis
2437 1722 2633 1763 omnes
2667 1705 2874 1762 Psalmi

330 1804 485 1846 suam
517 1791 749 1864 quisque
778 1793 943 1850 habet
972 1795 1414 1867 inscriptionem,
1443 1810 1552 1867 qua
1582 1806 1678 1852 aut
1705 1811 1902 1852 corum
1941 1806 2155 1865 auctor,
2197 1805 2291 1852 aut
2329 1795 2544 1852 occasio
2582 1794 2869 1860 historica,

330 1886 427 1932 aut
450 1881 707 1936 carminis
728 1897 902 1954 genus
924 1882 995 1938 ad
1016 1882 1165 1956 quod
1189 1884 1469 1955 pertinent
1491 1891 1599 1938 etc.
1623 1883 1958 1939 indicantur.
1980 1883 2298 1955 Antiquitus
2314 1883 2426 1938 iam
2449 1889 2592 1938 teste
2621 1881 2872 1937 Theodo-

332 1971 456 2022 reto
480 1981 591 2022 non
621 1966 938 2039 defuerunt,
973 1971 1064 2041 qui
1101 1971 1179 2026 eis
1207 1986 1393 2027 veram
1433 1972 1820 2027 auctoritatem
1861 1979 2146 2043 negarent,
2186 1979 2353 2042 atque
2389 1985 2584 2026 earum
2610 1969 2667 2023 in
2707 1968 2874 2022 variis

335 2054 673 2111 versionibus
700 2057 935 2113 varietas
974 2057 1161 2126 docet,
1196 2057 1451 2114 librarios
1484 2075 1706 2130 quoque
1743 2059 2002 2130 antiquos
2027 2057 2086 2113 in
2111 2059 2188 2113 eis
2217 2056 2536 2114 mutilandis
2563 2054 2872 2112 mutandis-

334 2157 438 2212 que
465 2143 643 2198 multo
672 2143 877 2216 magis,
912 2159 1081 2216 quam
1124 2146 1181 2200 in
1223 2147 1447 2217 reliquis
1482 2146 1800 2216 Scripturas
1841 2145 2116 2217 partibus,
2153 2146 2373 2218 ingenio
2411 2161 2512 2200 suo
2553 2142 2868 2200 indulsisse.

400 2229 795 2286 Vehementius
812 2239 998 2287 tamen
1026 2248 1059 2288 a
1085 2231 1367 2288 modernis
1386 2233 1743 2288 rationalistis
1767 2241 1896 2288 sunt
1919 2234 2291 2305 impugnatae.
2315 2236 2389 2287 At
2416 2230 2876 2298 immerit031icet

330 2315 481 2372 enim
500 2317 649 2374 inter
671 2334 764 2376 eas
792 2320 1092 2376 nonnullae
1120 2320 1485 2388 inveniantur,
1517 2321 1744 2392 quibus,
1779 2320 1908 2392 quia
1936 2321 2144 2376 critice
2179 2330 2307 2376 sunt
2338 2318 2556 2388 dubiae,
2593 2317 2734 2374 fides
2757 2335 2876 2374 non

334 2402 584 2476 debetur,
620 2406 847 2478 reliquis
873 2415 1090 2476 tamen,
1132 2423 1285 2480 quae
1330 2409 1538 2464 critice
1569 2417 1761 2465 certae
1797 2413 1948 2476 sunt,
1989 2423 2202 2463 summa
2245 2405 2513 2478 competit
2548 2407 2874 2462 auctoritas,

334 2491 477 2547 Nam
504 2497 590 2559 a.)
616 2509 806 2548 earum
836 2495 1150 2550 auctoritati
1186 2493 1339 2551 favet
1363 2496 1479 2566 ipsa
1518 2510 1712 2551 earum
1753 2495 2109 2568 antiquitas,
2136 2511 2318 2566 neque
2336 2496 2448 2550 ulla
2487 2503 2570 2550 est
2605 2494 2750 2550 ratio
2773 2509 2878 2549 cur

335 2578 403 2634 de
440 2579 613 2635 titulis
642 2580 747 2636 illis
770 2581 931 2636 aliter
956 2581 1291 2651 iudicemus,
1318 2598 1483 2654 quarn
1521 2582 1592 2639 de
1620 2583 1742 2639 aliis
1777 2582 2050 2638 librorum
2085 2597 2370 2640 sacrorum
2395 2579 2704 2653 particulis,
2737 2595 2878 2652 quas

332 2666 450 2721 sine
484 2665 844 2723 haesitatione
873 2685 975 2739 pro
1008 2671 1257 2742 genuinis
1284 2671 1609 2743 recipimus,
1639 2671 2050 2742 quamprimum
2075 2670 2267 2726 critica
2295 2669 2628 2726 documenta
2661 2668 2746 2724 eis
2787 2667 2876 2725 fa·-

336 2762 481 2809 vcnt.
508 2758 589 2809 Ac
623 2752 870 2825 profecto
898 2755 971 2812 ad
997 2756 1179 2826 ipsum
1202 2759 1517 2828 scripturae
1540 2768 1753 2813 textum
1787 2757 2060 2829 pertinere
2097 2757 2509 2828 inscriptiones,
2549 2771 2876 2828 persuasum

334 2850 455 2896 erat
478 2843 720 2913 antiquis
736 2842 1014 2913 rabbinis,
1060 2831 1157 2916 ‹iui
1196 2861 1289 2902 eas
1330 2845 1477 2902 velut
1504 2846 1773 2919 genuinas
1807 2846 2157 2902 Psalmorum
2199 2854 2383 2917 partes
2425 2844 2746 2902 accentibus
2785 2847 2876 2900 in·

334 2937 673 3000 struxerunt,
700 2939 757 2988 et
782 2932 875 2988 SS.
908 2931 1193 3000 Patribus,
1212 2932 1305 3004 qui
1333 2949 1427 2989 eas
1459 2953 1483 2983 «ι
1510 2949 1544 2988 a
1569 2933 1777 3006 Spiritu
1801 2935 1859 2990 S.
1886 2931 2120 2989 dictatas
2151 2953 2201 3002 ιο,
2240 2953 2267 2984 α
2291 2934 2584 2992 canonicas
2615 2955 2668 3002 ι,
2713 2954 2740 2985 α
2763 2935 2876 2988 cla·

336 3031 429 3073 ves
447 3017 798 3074 Psalmorum
828 3037 855 3072 ι
883 3034 1021 3088 esse,
1055 3038 1081 3071 α
1112 3020 1370 3093 mysteria
1398 3021 1742 3090 psalmorum
1770 3021 2055 3076 continere
2082 3041 2134 3090 n,
2165 3041 2192 3072 α
2218 3022 2608 3078 auctoritatem
2639 3019 2878 3076 Psalmis

334 3113 614 3174 praestare
644 3125 669 3156 n
704 3105 981 3162 dixerunt.
1011 3137 1083 3148 --
1114 3107 1193 3174 b.)
1228 3109 1351 3178 Ipsa
1382 3123 1602 3180 quoque
1631 3121 1824 3164 earum
1852 3107 2183 3166 obscuritas
2211 3108 2528 3166 auctoritati
2556 3117 2613 3163 et
2641 3107 2877 3163 authen·

336 3193 446 3247 tiae
478 3207 670 3248 earum
704 3193 877 3264 favet3
912 3209 1153 3266 namque
1178 3195 1226 3250 si
1251 3195 1404 3250 iuxta
1432 3193 1877 3252 adversariorum
1913 3199 2246 3252 sententiam
2273 3212 2387 3252 non
2413 3203 2598 3252 essent
2622 3195 2728 3251 nisi
2758 3195 2876 3250 lec-

335 3288 518 3334 torum
548 3280 637 3336 vel
658 3279 1011 3337 librariorum
1049 3283 1290 3354 glossae,
1324 3283 1517 3352 procul
1546 3282 1715 3339 dubio
1745 3283 2008 3340 clariores
2031 3293 2241 3351 essent;
2279 3299 2461 3353 neque
2487 3284 2636 3338 enim
2661 3281 2734 3337 ad
2769 3281 2876 3337 ob-

336 3367 672 3424 scurandum
699 3377 916 3424 textum
943 3370 1159 3442 glossae
1187 3371 1235 3425 ei
1264 3369 1673 3426 adscribuntur.
1704 3403 1778 3413 —
1803 3377 1876 3440 c.)
1911 3371 2294 3430 Hebraeorum
2331 3379 2620 3441 poetarum
2657 3383 2874 3424 morem

336 3453 525 3522 fuisse,
558 3465 619 3511 ut
646 3457 985 3513 carminibus
1012 3473 1175 3513 suum
1199 3473 1401 3512 nomen
1428 3459 1796 3531 praefigerent
1819 3459 2038 3530 aliaque
2065 3457 2330 3513 nonnulla
2359 3458 2498 3514 scitu
2527 3455 2682 3512 utilia
2711 3471 2876 3527 prae-

334 3543 635 3608 mitterent,
664 3541 867 3600 docent
894 3543 1021 3600 libri
1044 3543 1290 3601 historici
1320 3547 1532 3612 (Exod.
1559 3553 1680 3616 5‚1;
1707 3550 1870 3602 Deuc.
1900 3551 2090 3612 31,30;
2122 3549 2279 3614 33,1;
2308 3545 2497 3602 Iudic.
2525 3550 2647 3612 5,1;
2679 3550 2714 3598 2
2737 3547 2874 3615 Req.

339 3636 1011 3700 1‚17;22,1;2a‚1etc.)‚
1044 3631 1353 3703 prophetici
1380 3637 1476 3700 (Is.
1515 3639 1602 3697 38,
1629 3638 1692 3700 9;
1737 3634 1896 3690 Hah.
1929 3637 2012 3702 3st
2057 3642 2112 3688 et
2147 3633 2206 3688 in
2247 3647 2449 3704 genere
2490 3631 2874 3687 vaticiniorum

336 3719 532 3788 tituli),
576 3718 773 3789 poetici
814 3721 997 3784 (Prov.
1042 3727 1160 3786 1‚1;
1206 3722 1363 3776 Cant.
1414 3727 1554 3787 1‚1);
1605 3720 1840 3777 eundem
1879 3721 2047 3794 igitur
2077 3735 2290 3776 morem
2339 3719 2578 3775 tenuisse
2620 3727 2878 3774 auctores

336 3807 701 3876 Psalmorum,
724 3807 840 3862 iure
864 3807 1273 3875 concludimus3
1300 3825 1481 3881 neque
1498 3808 1878 3879 improbabilis
1899 3817 1981 3864 est
2004 3807 2400 3864 nonnullorum
2423 3807 2714 3870 sententia,
2741 3806 2876 3862 olim

332 3893 595 3950 omnibus
618 3902 714 3950 aut
741 3894 935 3950 saltem
974 3895 1249 3967 plerisque
1276 3896 1509 3952 Psalmis
1535 3913 1740 3952 nomen
1769 3895 2037 3964 auctoris,
2060 3895 2406 3951 occasionem
2435 3893 2762 3951 historicam
2787 3911 2876 3950 ea·

334 3999 475 4055 que,
518 3997 659 4054 quae
696 3981 767 4036 ad
805 3998 1000 4038 eorum
1028 3999 1189 4038 usum
1218 3983 1534 4056 liturgicum
1573 3992 1846 4054 spectant,
1890 3980 2054 4038 fuisse
2097 3982 2428 4054 praemissa,
2461 3979 2558 4038 sed
2601 3983 2878 4054 temporis

337 4071 535 4127 iniuria
562 4070 1021 4143 librariorumque
1048 4071 1257 4126 incuria
1297 4071 1574 4143 longiores
1601 4071 1792 4126 titulos
1819 4071 1944 4126 illos
1971 4085 2091 4126 esse
2118 4069 2453 4142 deperditos.

408 4162 643 4214 Nostrae
686 4159 985 4214 sententiae
1026 4173 1227 4229 magna
1256 4157 1675 4230 inscriptionum
1708 4160 1768 4214 in
1805 4158 2088 4215 codicibus
2123 4157 2396 4214 hebraicis
2439 4164 2495 4212 et
2532 4157 2877 4214 versionibus

340 4247 576 4302 varietas
628 4247 951 4319 opponitur,
1002 4261 1112 4317 qua
1158 4245 1590 4312 demonstretur,
1641 4247 1764 4302 illas
1809 4262 1924 4302 non
1977 4247 2184 4302 maiore
2229 4243 2557 4300 auctoritate
2599 4244 2872 4317 gaudere,

341 4349 507 4405 quam
536 4333 990 4404 subscriptioneS,
1023 4349 1164 4405 quae
1200 4333 1354 4388 libris
1384 4335 1455 4389 N.
1484 4336 1551 4388 T.
1583 4335 1640 4388 in
1669 4333 1859 4389 multis
1887 4332 2164 4390 codicibus
2191 4331 2496 4388 adduntur.
2525 4334 2602 4388 At
2625 4331 2684 4387 in
2711 4332 2874 4406 longe

340 4420 549 4477 maiore
585 4436 814 4476 numero
851 4423 1229 4488 Psalmorum,
1258 4421 1353 4492 qui
1386 4437 1417 4475 a
1444 4428 1602 4476 textu
1638 4421 1896 4476 hebraico
1930 4419 2093 4475 certis
2125 4419 2444 4475 auctoribus
2473 4419 2872 4478 attribuuntur.

341 4524 535 4565 omnes
561 4507 775 4564 codices
802 4509 1187 4578 versionesque
1214 4507 1544 4571 concinunt;
1577 4508 1710 4562 item
1739 4507 1932 4579 plenus
1963 4515 2048 4562 est
2074 4521 2402 4574 consensuS,
2434 4507 2480 4562 si
2507 4507 2718 4579 syriaca
2752 4523 2874 4562 rer-

340 4598 424 4652 sio
460 4596 762 4666 seponitur,
800 4597 857 4650 in
887 4594 1063 4650 titulis
1091 4595 1411 4650 historicam
1442 4595 1822 4664 occasionem,
1859 4593 2118 4649 carminis
2155 4609 2330 4665 genus
2365 4603 2418 4649 ct
2457 4593 2760 4649 melodiam
2797 4593 2876 4648 in·

342 4683 673 4742 dicantibus.
703 4685 1011 4738 Paucorum
1047 4697 1176 4738 vero
1214 4682 1501 4737 titulorum
1535 4683 1768 4738 varietas
1799 4681 1936 4737 alios
1967 4695 2080 4736 non
2112 4679 2297 4736 reddit
2325 4680 2552 4750 dubios,
2587 4681 2646 4735 in
2673 4680 2876 4752 quibus
