3050 5184
2362 56 2389 74 ‘-

359 316 438 360 ne
479 315 1418 362 evasestionuusrnorriconun
1459 301 1827 376 Ari-mmm
1868 318 2129 370 muscus
2170 317 2456 370 nai-rous.
2560 303 2677 361 489

1201 650 1496 718 CAPUT
1541 649 1637 716 II.

353 871 454 922 DE
489 840 1075 924 EVANGELIORUM
1116 871 1695 924 SYNOPTICORUM
1732 871 1993 924 MUTUA
2028 871 2471 923 RELATIO-NE.

509 1067 550 1157 ἓ
579 1075 644 1135 5.
674 1105 763 1118 --
789 1071 884 1134 De
915 1069 1436 1158 Evanqelz'orum
1458 1069 1967 1158 synopticorum
1994 1069 2329 1156 affinitate

1120 1173 1392 1262 eiusque
1429 1175 1709 1242 ratione.
1812 1165 1817 1173 ’

173 1395 179 1400 -
223 1359 278 1415 1.
312 1390 394 1398 —
425 1357 823 1435 Singulorum
853 1357 1334 1435 Evangeliorum
1365 1359 1836 1437 synopticorum
1860 1359 2183 1419 authentia
2220 1363 2285 1418 et
2314 1355 2675 1433 integritate

147 1452 442 1512 stabilitis
472 1453 548 1512 de
570 1469 788 1514 eorum
809 1453 972 1514 inter
999 1471 1066 1514 se
1096 1453 1399 1515 relatione
1430 1454 1771 1516 dicendum
1801 1460 1924 1526 est,
1950 1459 2021 1514 ut
2051 1453 2447 1514 difficultates
2477 1468 2674 1529 quae-

147 1548 286 1606 dam
305 1595 328 1622 ,
362 1565 518 1626 quae
549 1566 624 1609 ex
652 1567 726 1609 ea
755 1549 1192 1623 desumuntur,
1223 1550 1468 1610 facilius
1495 1551 1831 1611 solvantur.

211 1661 326 1715 Vix
355 1661 462 1716 alia
489 1669 574 1716 est
602 1662 872 1733 quaestio,
899 1679 1044 1734 quae
1082 1663 1450 1741 interpretum
1483 1663 1626 1718 Novi
1652 1665 1801 1718 Test.
1837 1663 2056 1734 ingenia
2084 1662 2250 1718 hodie
2279 1661 2457 1732 magis
2495 1667 2671 1727 vexet,

147 1763 320 1819 quam
346 1746 588 1803 affinitas
609 1748 736 1817 illa,
763 1764 905 1822 quae
935 1749 1090 1807 inter.
1107 1750 1389 1823 synoptica
1419 1749 1717 1822 Evangelia
1759 1748 2209 1821 deprehenditur.
2256 1748 2431 1803 Multa
2458 1745 2531 1802 ad
2552 1761 2677 1802 eam

145 1834 535 1905 explicandam
559 1837 868 1908 excogitata
889 1847 1017 1892 sunt
1047 1844 1366 1910 systemata,
1393 1835 1492 1892 sed
1519 1837 1685 1908 longe
1716 1839 1975 1908 pleraque
2001 1845 2221 1892 tantum
2243 1837 2403 1892 abest
2424 1843 2491 1888 ut
2514 1827 2676 1905 q‘uae-

146 1922 390 1977 stionem
409 1922 642 1992 solvant,
669 1931 734 1978 ut
749 1922 821 1978 ad
850 1925 1236 1980 auctoritatem
1261 1923 1686 1995 Synopticorum
1704 1922 2146 1980 labefactandam
2162 1931 2257 1978 aut
2284 1919 2677 1978 destruendam

145 2009 390 2065 asseclas
410 2023 542 2065 suos
581 2009 880 2067 adducant.
910 2013 1050 2068 Prae
1079 2009 1253 2082 oculis
1279 2009 1428 2066 enim
1456 2011 1707 2082 plerique
1734 2012 2063 2082 interpretes
2100 2027 2212 2066 non
2252 2016 2463 2076 tenent,
2506 2022 2676 2079 quae-

149 2098 390 2152 stionem
435 2095 610 2165 hanc,
656 2113 828 2168 quum
870 2095 942 2154 de
981 2097 1414 2170 Evangeliorum
1454 2098 1671 2169 origine
1717 2106 1943 2169 agatur,
1987 2113 2105 2154 esse
2144 2097 2494 2162 historicam,
2535 2110 2679 2166 quae

147 2183 390 2239 maxime
417 2183 690 2240 historicis
708 2186 1046 2256 argumentis
1068 2185 1364 2262 definiatur
1387 2193 1635 2256 oportet;
1670 2201 1849 2256 neque
1878 2185 2027 2240 enim
2054 2183 2181 2240 ideo
2209 2191 2449 2258 systema
2482 2182 2677 2253 quale-

151 2286 390 2343 cumque
433 2270 542 2326 iam
587 2269 818 2340 sufficit,
860 2274 990 2344 quia
1041 2273 1160 2328 eius
1200 2287 1305 2343 ope
1341 2272 1539 2327 relatio
1586 2271 1681 2327 illa
1722 2288 1947 2343 quoquo
1983 2270 2150 2327 modo
2198 2267 2677 2342 explicatur;·sed

151 2357 574 2414 fundamentum
606 2357 936 2414 historicum
973 2358 1177 2414 habeat
1204 2367 1426 2430 oportet
1454 2359 1664 2430 iisque,
1694 2373 1836 2430 quae
1863 2358 1934 2414 de
1966 2358 2306 2431 singulorum
2348 2355 2677 2428 Evangelio-

149 2461 272 2500 rum
295 2443 516 2518 origine
539 2444 894 2501 tradiderunt
918 2449 1138 2516 PatreS,
1179 2461 1482 2501 consonare
1513 2444 1701 2500 debet.
1734 2447 1815 2501 Ut
1847 2445 2041 2502 ordine
2073 2444 2467 2517 procedamuS,
2499 2443 2678 2514 primo

146 2533 202 2588 in
226 2535 360 2588 loeo
387 2540 665 2602 accurate,
690 2541 962 2604 quantum
985 2532 1102 2588 eius
1123 2531 1242 2588 fieri
1265 2541 1462 2603 potest,
1495 2539 1700 2588 statum
1720 2533 2057 2604 quaestionis
2079 2531 2438 2602 exponemus,
2460 2539 2523 2584 ut
2546 2528 2677 2600 quid

147 2619 540 2690 explicandum
567 2620 656 2688 sit,
688 2620 837 2675 clare
874 2621 1215 2687 innotescat;
1248 2617 1450 2675 deinde
1477 2619 1575 2674 illa
1606 2628 1905 2691 systemata
1925 2663 1938 2687 ‚
1970 2633 2113 2690 quae
2140 2625 2237 2674 aut
2272 2625 2423 2673 certe
2446 2631 2678 2672 erronea

148 2715 274 2762 sunt
303 2715 405 2762 aut
433 2707 660 2761 Patrum
685 2705 1078 2779 traditionibus
1103 2707 1290 2764 minus
1314 2714 1638 2773 consonant,
1670 2706 1851 2762 allatis
1870 2705 2181 2762 rationibus
2200 2704 2583 2773 refutabimuS,
2614 2717 2679 2759 ac

147 2796 378 2851 demum
399 2793 538 2850 illud
567 2795 824 2866 systema,
851 2793 999 2865 quod
1028 2793 1452 2865 praeferendum
1481 2793 1755 2857 ducimus,
1788 2785 2202 2866 explicabimus.
2620 2815 2623 2820 ·

1112 2970 1139 3016 I
1149 3005 1160 3016 .
1197 2969 1368 3016 Status
1399 2968 1715 3029 quaestionis.

221 3123 284 3180 2.
317 3153 398 3162 —-
425 3120 764 3197 Evangelia
792 3120 1116 3198 synoptica
1143 3124 1211 3181 in
1246 3118 1423 3180 rebus
1450 3124 1719 3180 narratis
1750 3136 2045 3197 magnam
2083 3119 2380 3179 exhibent
2416 3117 2580 3178 inter
2613 3135 2679 3177 se

149 3215 666 3287 similitudinem,
700 3215 1019 3296 siquidem
1049 3215 1116 3276 in
1143 3216 1382 3277 maiore
1413 3235 1530 3277 sua
1557 3220 1733 3295 parte
1770 3233 1895 3276 non
1934 3221 2175 3276 tantum
2205 3215 2283 3275 de
2321 3215 2571 3276 Domini
2605 3216 2676 3274 N.

149 3313 504 3372 ministerio
531 3310 811 3389 galilaico
838 3315 1060 3388 agunt,
1097 3312 1209 3371 sed
1241 3312 1416 3372 exiis
1447 3329 1727 3389 quoque,
1764 3329 1924 3390 quae
1963 3313 2270 3372 Dominus
2310 3311 2375 3370 in
2404 3311 2683 3372 Galilaea

151 3409 276 3486 egit
305 3412 369 3470 et
397 3407 643 3481 docuit,
677 3406 902 3467 eadem
929 3407 1061 3468 fere
1089 3407 1250 3467 facta
1278 3411 1342 3467 et
1370 3407 1539 3468 dicta
1566 3408 1869 3468 referunt.
1895 3409 1975 3467 At
2004 3408 2190 3468 simul
2220 3425 2344 3467 non
2374 3425 2563 3486 parva
2586 3411 2683 3467 est

149 3503 314 3564 inter
342 3502 718 3581 Synopticos
747 3503 812 3562 in
841 3503 1032 3563 rebus
1059 3504 1331 3563 narratis
1363 3503 1720 3564 differentia
1740 3548 1755 3572 ,
1790 3520 1984 3580 quum
2014 3521 2127 3563 sua
2153 3505 2421 3581 quisque
2454 3503 2683 3564 referat

150 3599 400 3678 propria
435 3593 628 3675 atque
667 3598 782 3678 illa,
813 3615 1098 3676 quoque,
1132 3617 1294 3676 quae
1333 3595 1698 3660 communia
1733 3599 1999 3673 habent,
2040 3601 2130 3660 ita
2166 3600 2488 3660 interdum
2526 3599 2683 3658 refe·

149 3701 314 3766 rant,
348 3697 422 3755 ut
447 3695 615 3768 inter
643 3711 710 3753 se
740 3711 1015 3772 pugnare
1044 3694 1394 3755 videantur.

213 3806 550 3879 Argumenti
573 3806 800 3862 tractati
825 3804 1126 3862 similitudo
1153 3808 1300 3862 clare
1325 3816 1571 3879 apparet,
1594 3808 1641 3864 si
1668 3809 1953 3881 Synoptici
1981 3825 2108 3864 cum
2129 3811 2339 3864 Ioanne
2358 3821 2681 3877 comparan-

157 3903 270 3962 tur,
302 3909 333 3950 a
373 3910 485 3968 quo
527 3893 817 3963 discimuS,
851 3894 1154 3950 Dominum
1188 3894 1365 3950 multa
1404 3896 1842 3966 praeclarissima
1886 3897 2140 3954 etiam-in
2171 3895 2375 3950 Iudaea
2412 3895 2585 3966 egisse
2628 3902 2684 3949 et

156 3981 605 4054 docuisse,‘quae
633 3981 820 4037 omnia
847 3981 1366 4053 praetermittuntur
1392 3997 1426 4038 a
1451 3983 1758 4053 prioribu33
1789 3991 1847 4039 at
1875 3987 2111 4040 loannes
2140 3983 2405 4038 nonnulla
2432 3982 2601 4037 etiarn
2624 3981 2683 4036 in

149 4067 396 4133 Galilaea
421 4069 538 4140 ipsa
567 4085 598 4124 a
626 4069 868 4124 Domino
896 4077 1050 4141 gesta
1073 4077 1130 4124 et
1157 4067 1306 4124 dicta
1333 4068 1506 4125 refert
1534 4071 1797 4142 (primum
1835 4080 1890 4126 et
1918 4070 2227 4126 secundum
2254 4069 2587 4124 miraculum
2625 4066 2683 4123 in

151 4155 300 4210 Cana
321 4155 602 4212 Galilaeae
632 4158 787 4212 Ioan.
820 4162 1036 4224 2,1-113
1063 4161 1324 4225 ‹me-54,
1352 4171 1669 4213 sermonem
1705 4155 1775 4214 de
1815 4157 2161 4213 Eucharistia
2199 4157 2258 4212 in
2295 4156 2684 4227 Capharnaum

89 4307 104 4320 .
153 4241 403 4299 habitum
429 4249 698 4310 6‚22—72)‚
735 4259 876 4314 quae
901 4243 1184 4315 Synoptici
1203 4259 1317 4299 non
1343 4245 1641 4311 attingunt.
1673 4248 1882 4301 Omnes
1901 4245 2106 4300 diserte
2130 4241 2349 4308 docent,
2386 4244 2683 4299 Dominum

158 4344 322 4400 quam
357 4329 594 4402 plurima
629 4330 900 4386 miracula
945 4329 1166 4400 fecisse,
1207 4331 1567 4387 nihilominus
1607 4331 1718 4387 fere
1756 4330 1951 4387 eadem
1988 4345 2183 4386 omnes
2222 4330 2393 4386 fusius
2420 4327 2679 4400 nari-ant,

158 4416 355 4486 quibus
375 4417 575 4474 deinde
599 4417 801 4490 singuli
828 4433 1004 4489 pauca
1033 4418 1140 4474 alia
1168 4417 1402 4474 addunt.
1427 4419 1551 4485 Illa,
1579 4434 1721 4491 quae
1748 4418 1979 4490 singulis
2005 4418 2229 4489 propria
2249 4427 2396 4488 sunt,
2428 4428 2684 4477 accurate

158 4502 458 4563 describere
512 4504 740 4562 difficile
794 4514 906 4574 est,
959 4505 1084 4578 quia
1137 4506 1464 4578 praesertim
1514 4507 1735 4561 Marcus
1792 4503 2233 4578 frequentissime
2283 4507 2525 4564 minutas
2571 4509 2681 4564 cir-

161 4593 512 4650 cumstantias
539 4594 674 4662 loci,
704 4593 970 4666 temporis
996 4602 1102 4650 etc.
1142 4593 1212 4649 ab
1250 4594 1371 4649 aliis
1407 4593 1639 4650 omissas
1677 4591 1863 4664 addit,
1894 4610 2076 4666 neque
2112 4609 2331 4667 semper
2364 4611 2489 4652 cum
2517 4596 2683 4653 certi-
