3050 5184
425 344 462 401 6
1472 352 1903 397 PROLEGOMENA
1912 382 1925 395 .

421 486 678 545 debeant.
712 488 951 544 Genuini
986 494 1171 543 textus
1199 484 1425 543 demum
1457 484 1821 549 inveniendus
1849 495 1935 542 est
1968 486 2237 559 genuinus
2266 502 2488 557 sensus3
2519 490 2680 545 tertia
2716 489 3037 546 disserta-

422 577 499 631 tio
533 576 720 647 igitur,
753 576 810 630 in
843 591 950 647 qua
978 576 1243 631 historia
1277 575 1794 646 interpretationis
1824 583 2105 641 narratur,
2142 575 2283 631 varia
2318 586 2615 647 systemata
2644 575 3042 634 hermeneu—

423 663 532 719 tiea
561 664 784 735 exponit
812 673 868 718 et
891 662 1178 731 diiudicat,
1203 677 1343 734 quae
1364 662 1436 717 ad
1463 663 1779 734 Scripturas
1807 662 2161 733 explicandas
2184 662 2430 720 adhibita
2454 673 2605 734 sunt,
2635 667 3042 737 praecipuos·-

423 766 530 823 que
569 752 898 823 interpretes
943 760 1264 819 enumerat,
1305 765 1544 823 quorum
1592 766 1761 821 opera
1805 750 1863 805 in
1900 750 2058 807 libris
2094 752 2266 807 saeris
2307 751 2747 824 interpretandis
2802 756 3042 809 maiori

422 839 696 896 minorive
723 840 885 895 nobis
914 840 1144 895 utilitati
1174 848 1322 894 sunt.

493 930 651 984 Duae
677 944 901 1000 quoque
922 928 1388 984 Introduc-tionis
1421 926 1703 999 specialis
1732 936 1918 997 partes
1943 928 2118 983 ternis
2144 926 2623 985 dissertationibus
2648 938 2791 1001 apte
2815 931 3033 988 absol-

425 1024 652 1085 ventur;
685 1032 784 1088 pro
815 1017 1080 1087 primario
1106 1016 1284 1081 enim,
1319 1013 1469 1087 quod
1497 1021 1769 1083 tractant,
1805 1024 2134 1087 argumento
2172 1026 2226 1071 et
2265 1032 2364 1086 pro
2402 1018 2543 1085 fine,
2584 1033 2763 1089 quem
2810 1034 3043 1089 perse—-

425 1113 691 1175 quuntur,
727 1103 853 1161 libri
878 1120 1052 1177 quum
1079 1105 1298 1160 Veteris
1327 1112 1448 1159 tum
1477 1103 1623 1158 Novi
1647 1102 1987 1157 Testamenti
2012 1104 2070 1158 in
2096 1102 2429 1174 historicos,
2463 1104 2845 1175 ἀὶάασιίσοε,
2870 1124 3026 1179 pro-

419 1188 682 1264 pheticos
711 1201 862 1248 reete
885 1191 1321 1249 distribuuntur.

496 1284 736 1349 Fontes,
769 1296 836 1337 ex
876 1280 1077 1353 quibus
1105 1280 1398 1336 historiam
1422 1288 1677 1335 nostram
1704 1289 1759 1336 et
1793 1287 2122 1351 argumenta
2155 1280 2467 1349 haurimus,
2497 1282 2853 1352 praeprimis
2881 1293 3021 1337 sunt

428 1370 580 1425 libri
619 1371 790 1424 sacri
823 1370 956 1440 ipsi,
990 1370 1086 1441 qui
1121 1368 1268 1424 haud
1301 1384 1426 1424 raro
1459 1368 1729 1423 nonnulla
1768 1366 1839 1423 de
1876 1383 1973 1423 sua
2002 1368 2216 1439 origine
2254 1377 2308 1423 et
2347 1368 2533 1424 indole
2562 1385 2665 1424 nos
2694 1369 2931 1425 docent
2962 1382 3017 1425 et

429 1458 746 1528 frequenter
787 1458 926 1512 alter
964 1457 1124 1513 alteri
1163 1455 1546 1512 testimonium
1585 1456 1787 1511 terunt.
1830 1456 2108 1529 Dignitate
2146 1464 2203 1510 et
2238 1458 2567 1512 auctoritate
2601 1458 2879 1528 proxime
2922 1474 3015 1513 se-

429 1554 675 1617 quuntur
705 1549 1080 1601 Summorum
1119 1543 1473 1615 Pontificum
1513 1550 1693 1617 atque
1736 1542 2141 1600 conciliorum
2168 1546 2669 1601 oecumenicorum
2708 1546 3007 1602 decreta.

430 1632 629 1706 quibus
657 1632 910 1689 addenda
941 1642 1099 1697 sunt,
1131 1634 1262 1689 lieet
1293 1633 1477 1688 minor
1507 1632 1579 1687 sit
1607 1648 1801 1687 eorum
1830 1632 2159 1700 auctoritas,
2192 1633 2607 1702 particularium
2636 1634 3007 1706 synodorum

429 1730 484 1777 et
509 1721 894 1793 episcoporum
915 1720 1136 1791 publiea
1159 1720 1493 1777 testimonia.
1515 1721 1735 1775 Tertius
1755 1718 1877 1775 fons
1896 1721 2052 1791 isque
2071 1719 2385 1775 uberrimus
2404 1720 2628 1792 profluit
2652 1737 2723 1776 ex
2744 1724 2860 1777 SS.
2888 1728 3011 1777 Ρα-

429 1816 588 1865 tra-m
635 1810 1108 1883 scriptorumque
1154 1810 1697 1865 ecclesiasticorum
1745 1807 2051 1881 operibus,
2094 1808 2154 1863 in
2201 1808 2403 1879 quibus
2441 1810 2619 1864 multa
2660 1818 2717 1865 et
2766 1812 3005 1882 egregia

431 1912 600 1969 quum
634 1897 704 1953 de
741 1898 1088 1971 singulorum
1123 1898 1393 1954 librorum
1432 1912 1721 1953 sacrorum
1755 1911 2063 1967 eorumque
2100 1896 2439 1952 collectionis
2478 1896 2711 1953 historia
2752 1907 2890 1953 tum
2934 1899 3005 1953 de

429 2002 623 2041 eorum
649 1986 835 2042 indole
864 1994 921 2042 et
948 1986 1415 2058 interpretationis
1443 1985 1660 2040 ratione
1689 1982 2005 2039 traduntur.
2040 1984 2255 2054 Quibus
2289 1984 2562 2040 accedunt
2588 1987 2877 2041 iuniores
2908 1990 3002 2039 in-

429 2079 714 2145 terpretes
737 2082 790 2131 et
816 2074 1074 2147 theoloyi
1095 2074 1395 2141 catholici,
1429 2074 1524 2145 qui
1546 2070 1647 2129 etsi
1676 2073 2000 2129 auctoritate
2030 2073 2278 2144 plerique
2300 2072 2589 2129 inferiores
2610 2083 2765 2143 sunt,
2797 2084 3001 2129 tamen

431 2163 704 2219 maximae
727 2172 858 2220 sunt
882 2164 1158 2232 utilitatis,
1189 2163 1316 2233 quia
1345 2178 1412 2218 ex
1441 2160 1680 2233 antiquis
1704 2161 1949 2217 sontibus
1974 2161 2183 2232 optima
2213 2177 2465 2233 quaeque
2494 2161 2875 2234 collegerunt,
2910 2161 3001 2217 di-

433 2259 722 2323 gesserunt
751 2252 1018 2323 novisque
1058 2249 1532 2307 observationibus
1579 2256 1871 2305 auxerunt.
1912 2278 1983 2289 —-
2019 2248 2375 2305 Aeatbolieos
2418 2266 2638 2321 quoque
2676 2250 2999 2321 scriptores

431 2354 783 2411 nequaquam
805 2338 1164 2411 negligendos
1192 2338 1288 2394 sed
1317 2337 1502 2394 debita
1531 2353 1659 2393 eum
1688 2336 1943 2392 cautione
1972 2335 2317 2393 adhibendos
2344 2345 2513 2409 atque
2544 2337 2820 2408 profanos
2854 2352 2995 2393 auc-

435 2438 581 2484 tores
607 2427 889 2483 interdum
920 2427 1288 2483 consulendos
1317 2441 1456 2494 esse,
1483 2441 1585 2498 per
1614 2440 1672 2481 se
1703 2432 1874 2497 patet.
