3050 5184
882 340 958 383 ns
1002 337 1250 383 omeme
1292 336 1588 381 unnouuu
1631 337 1881 383 sannae.
2542 323 2658 380 269

141 476 353 540 (Lo-10)
381 471 651 528 eiusmodi
679 479 829 537 sunt,
872 478 932 526 ut
973 485 1067 526 eas
1102 469 1173 525 ab
1210 471 1319 525 alio
1358 466 1576 524 additas
1614 467 1797 525 dicere
1835 485 2121 543 cogamur.
2155 501 2225 510 —
2262 471 2402 526 ltem
2429 468 2657 525 dubium

139 575 233 614 non
256 567 355 626 est,
386 559 519 631 quin
553 558 859 616 Nehemiae
895 557 1207 613 debeantur
1239 557 1315 612 ΙΙ.
1352 562 1616 624 1,1-7,73.
1646 571 1698 610 a.
1739 565 1796 612 et
1835 563 2075 626 13,1-31,
2105 558 2162 612 in
2198 557 2396 629 quibus
2423 556 2658 626 primam

138 661 405 714 personam
440 646 684 703 adhibet.
724 649 801 702 At
828 646 1092 718 quoniam
1129 646 1205 700 Il.
1241 650 1361 710 11,1
1402 643 1707 700 arctissime
1734 658 1862 699 cum
1895 651 2021 714 7,73
2051 661 2101 700 a.
2133 644 2391 700 cohaeret
2418 643 2658 715 particu-

136 732 333 804 lamque
359 732 503 790 hanc
540 733 857 802 continuat,
900 733 1067 788 etiam
1100 737 1420 800 11,1-12,47
1458 729 1532 786 ad
1566 729 1808 787 eundem
1843 732 2304 788 commentarium
2334 731 2658 803 pertinuisse

137 828 263 874 recte
297 821 591 877 statuimus
608 821 651 876 ⁸.
686 851 757 862 -
789 823 856 876 In
888 819 1175 876 chaldaica
1211 826 1367 890 parte
1388 817 1503 872 duo
1533 827 1789 874 auctores
1823 817 2074 874 videntur
2101 818 2498 892 distinguendi,
2531 819 2656 890 quia

136 923 307 976 parum
327 909 609 979 probabile
624 916 727 976 est,
744 883 1011 964 coaevum
1024 905 1179 963 Darii
1200 907 1243 961 1.
1268 911 1562 974 (5‚3-6,18)
1583 907 1749 961 etiam
1763 906 2217 974 machinationeS,
2243 905 2440 977 quibus
2457 905 2660 961 Xerxis

138 1002 183 1048 et
202 997 513 1052 Artaxerxis
534 1004 717 1052 aetate
742 994 933 1051 hostes
960 995 1113 1050 urbis
1138 994 1603 1049 restaurationem
1622 993 1974 1050 retardarunt
1995 994 2254 1066 (4,8-23),
2277 992 2654 1065 descripsisse;

137 1095 305 1137 eorum
326 1091 513 1139 autem
535 1082 797 1154 opuscula
816 1083 1238 1152 compilatorem
1266 1081 1487 1136 insertis
1510 1085 1766 1150 ⁴,24-5,2
1791 1082 2137 1137 coniunxisse
2167 1079 2522 1138 arbitramur.
2548 1081 2658 1136 He·

136 1165 351 1225 braicam
384 1170 615 1226 demum
652 1170 981 1241 particulam
1011 1173 1231 1238 6,19·22
1276 1169 1439 1223 tertio
1480 1168 1695 1223 auctori
1727 1177 1954 1239 propter
1986 1168 2211 1224 titulum
2244 1187 2270 1219 α
2300 1183 2398 1226 rex
2425 1171 2598 1224 Assur
2627 1187 2653 1218 n

136 1255 487 1324 attribuimus,
521 1258 617 1329 qui
643 1258 701 1312 in
720 1258 934 1328 reliquo
962 1256 1105 1313 libro
1132 1272 1249 1312 non
1277 1255 1593 1311 adhibetur.
2277 1271 2283 1280 ¹

194 1426 249 1484 3.
277 1458 356 1469 —
385 1426 747 1488 Praemisso.
769 1426 1232 1486 introductione
1258 1423 1333 1503 (1.
1369 1422 1636 1502 1,1-4‚7)
1669 1429 1732 1484 et
1757 1423 2076 1486 nonnullis
2106 1426 2431 1502 particulis
2459 1425 2657 1484 inser-

136 1520 201 1578 tis
218 1519 283 1598 (1.
307 1524 475 1596 424.
500 1524 611 1594 25;
635 1522 711 1582 11.
746 1521 1205 1599 7,73h.-10,4o)
1222 1519 1497 1580 Esdram
1514 1521 1792 1598 quinque
1815 1521 1958 1582 illos
1986 1521 2236 1581 libellos
2259 1521 2655 1582 coniunxisse

136 1615 553 1694 integrumque
582 1634 741 1696 opus
770 1617 1214 1694 complevisse,
1238 1617 1367 1676 veri
1396 1615 1608 1676 simile
1639 1621 1756 1677 est.
1791 1617 2020 1676 Esdrae
2047 1616 2220 1676 enim
2245 1617 2484 1678 auctori
2509 1634 2656 1677 con-

134 1717 279 1771 stans
302 1714 567 1774 traditio
597 1713 754 1775 duos
789 1714 905 1774 hos
936 1714 1131 1774 libros
1166 1731 1290 1775 uno
1318 1713 1640 1772 volumine
1668 1712 2158 1790 comprehensos
2191 1713 2505 1784 attribuit,
2537 1730 2655 1774 nec

134 1808 449 1886 quidquam
502 1809 781 1881 affertur,
832 1825 957 1887 quo
1008 1810 1318 1870 sententia
1362 1809 1515 1870 haec
1561 1808 1946 1882 infirmetur3
1991 1809 2142 1888 quin
2181 1810 2374 1869 etiam
2407 1811 2648 1881 omnia,

134 1919 271 1978 quae
298 1905 377 1966 de
407 1905 641 1966 Esdrae
670 1906 993 1966 laboribus
1020 1911 1165 1966 sunt
1192 1905 1449 1978 tradita,
1485 1921 1626 1966 eam
1654 1907 2048 1965 confirmant.

186 2017 510 2088 Praeprimis
534 2021 641 2073 tria
670 2018 867 2089 prioris
884 2017 1011 2073 libri
1037 2019 1213 2089 capita
1244 2017 1644 2072 introductoria
1670 2028 1728 2073 et
1749 2019 1856 2074 tria
1881 2019 2108 2074 alterius
2132 2018 2478 2088 intermedia,
2512 2011 2652 2090 quae

133 2102 187 2156 ab
210 2107 382 2174 operis
410 2105 776 2174 compilatore
803 2103 1017 2160 adiecta
1036 2120 1155 2160 esse
1180 2121 1494 2173 censemuS,
1518 2121 1772 2160 sermone
1797 2121 1897 2160 suo
1926 2114 1982 2160 et
2000 2107 2141 2178 stylo
2169 2105 2241 2162 ad
2265 2106 2419 2162 illam
2437 2115 2651 2177 partem

134 2191 349 2258 proxime
371 2191 665 2261 accedunt,
697 2208 865 2264 quam
888 2207 1083 2248 omnes
1109 2191 1318 2248 Esdrae
1346 2194 1562 2248 auctori
1591 2192 1841 2248 tribuunt
1866 2194 1932 2258 (Ι.
1967 2199 2190 2262 7.-10.),
2214 2203 2378 2266 atque
2405 2210 2650 2266 praeser-

132 2277 212 2331 tim
244 2279 625 2349 expressiones
666 2277 937 2352 quaedam
976 2288 1032 2335 et
1056 2280 1288 2350 phrases
1326 2279 1435 2334 illis
1471 2288 1600 2335 sunt
1624 2279 1930 2351 propriae‘.
1972 2313 2041 2321 —
2070 2282 2262 2352 Itaque
2293 2281 2470 2337 maior
2498 2283 2648 2354 prio-

132 2363 193 2418 ris
230 2367 293 2432 (1.
332 2373 550 2436 1,1-4,7
590 2375 647 2422 et
692 2371 999 2435 7,1-10,44)
1048 2375 1105 2422 et
1152 2366 1302 2422 haud
1344 2368 1539 2438 exigua
1589 2365 1812 2422 alterius
1851 2367 1979 2423 libri
2021 2369 2117 2434 (11.
2167 2369 2371 2440 8.-10.)
2411 2385 2540 2441 pars
2579 2369 2649 2425 ab

134 2451 277 2508 dera
298 2453 625 2510 immediate
649 2455 957 2526 conscripta
987 2463 1135 2510 recte
1166 2454 1386 2510 dicitur.
1413 2457 1590 2511 Porro
1615 2453 2074 2510 considerandum
2104 2464 2205 2524 est,
2237 2456 2474 2512 Esdram
2498 2456 2650 2512 velut

130 2537 337 2596 alterum
375 2543 613 2614 Moysen
650 2557 869 2613 semper
898 2541 1150 2598 habitum
1186 2557 1303 2597 esse
1332 2558 1363 2598 a
1400 2541 1648 2610 IudaeiS,
1687 2557 1866 2613 neque
1904 2542 2199 2598 immerito.
2231 2543 2318 2598 Ab
2346 2547 2650 2600 Artaxerxe

130 2625 252 2681 enim
288 2629 531 2695 electuS,
574 2637 637 2684 ut
672 2628 905 2684 reduces
941 2628 1011 2684 ad
1040 2631 1243 2702 Legem
1286 2629 1511 2685 Domini
1541 2627 1942 2685 observandam
1985 2629 2231 2702 adigeret
2274 2632 2342 2698 (1.
2372 2637 2645 2699 ⁷,25-26)‚

130 2713 437 2785 antiquiores
460 2715 637 2772 libros
665 2731 855 2772 sacros
883 2716 1188 2788 collegisse,
1222 2716 1563 2783 emendasse,
1597 2717 1655 2771 in
1677 2731 1891 2772 canone
1921 2726 2046 2787 apte
2069 2716 2355 2789 digessisse
2382 2718 2647 2775 creditur.

130 2803 359 2859 Attamen
384 2804 484 2859 ille
502 2845 519 2872 ,
549 2803 647 2876 qui
674 2804 876 2876 Legem
908 2820 1006 2874 per
1038 2807 1268 2877 Moysen
1294 2803 1483 2860 datam
1511 2819 1826 2876 magnaque
1861 2802 2124 2859 beneficia
2163 2804 2291 2859 olim
2321 2807 2650 2875 patriarchis

129 2901 357 2946 concessa
376 2889 787 2947 contribulibus
812 2891 927 2946 suis
952 2892 1155 2947 iterum
1184 2890 1254 2946 ob
1282 2892 1473 2946 oculos
1503 2892 1704 2962 posuit,
1729 2890 1920 2961 procul
1949 2891 2117 2948 dubio
2139 2907 2254 2947 non
2283 2893 2547 2962 permisit,
2587 2903 2648 2948 ut

128 2990 247 3030 nora
260 2976 529 3034 beneficia
557 2979 763 3050 populo
782 2987 905 3050 post
930 2978 1305 3050 captivitatem
1332 2979 1534 3034 collata
1553 2977 1814 3034 oblivioni
1835 2977 2118 3034 darentur.
2140 2980 2489 3051 Quapropter
2507 2981 2649 3036 sicut

130 3059 253 3118 brevi
279 3074 403 3121 ante
430 3066 524 3121 vel
552 3074 678 3137 post
703 3065 945 3120 reditum
973 3066 1029 3120 in
1054 3066 1488 3136 paralipomenis
1527 3067 1812 3137 antiquam
1854 3066 2144 3122 historiam
2169 3083 2234 3121 ex
2277 3065 2520 3124 fontibus
2551 3083 2646 3124 su-

130 3151 415 3216 perstitibus
440 3151 776 3224 compendio
802 3153 1045 3225 quodam
1072 3151 1513 3225 comprehendit,
1539 3154 1614 3209 ita
1635 3154 1746 3208 iam
1776 3153 2120 3225 grandaevus
2146 3153 2329 3209 omnia
2358 3155 2483 3225 illa,
2507 3172 2649 3227 quae

128 3236 221 3292 sive
240 3239 297 3294 in
322 3241 461 3296 actis
490 3239 724 3312 publicis
750 3241 862 3295 sive
889 3241 945 3294 in
970 3240 1186 3311 scriptis
1215 3240 1443 3310 privatis
1473 3240 1542 3296 de
1566 3241 1816 3296 exsulum
1846 3240 2029 3296 reditu
2057 3239 2205 3296 etde
2240 3242 2430 3314 templi
2455 3243 2645 3298 civita-

127 3322 279 3394 tisque
302 3328 710 3384 restauratione
736 3327 963 3396 invenit,
996 3327 1105 3384 hoc
1129 3335 1320 3384 nostro
1348 3343 1515 3399 opere
1540 3327 2027 3398 comprehendisse
2057 3327 2273 3384 videtur
2293 3328 2498 3386 additis
2515 3331 2645 3398 illis,

128 3425 245 3476 quae
269 3414 338 3470 ab
365 3415 489 3470 aliis
520 3423 679 3470 erant
706 3415 908 3470 omissa
938 3423 993 3470 et
1017 3430 1160 3486 quae
1186 3415 1303 3486 ipse
1326 3425 1590 3488 gesserat.
1618 3417 1738 3470 Hae
1766 3416 1980 3471 ratione
2010 3416 2191 3487 operis
2215 3415 2369 3488 origo
2400 3426 2456 3472 et
2483 3417 2646 3474 indo-

130 3495 191 3551 les
212 3509 331 3569 apte
358 3502 739 3574 explicantur3
770 3501 874 3557 etsi
900 3502 1049 3558 enim
1077 3519 1178 3558 nec
1207 3503 1369 3574 plane
1397 3502 1540 3558 desit
1565 3502 1748 3558 unitas
1775 3519 1877 3558 nec
1901 3511 2050 3558 certa
2075 3505 2318 3572 partium
2341 3504 2644 3577 dispositio,

128 3586 451 3646 collectaneis
471 3598 663 3644 tamen
702 3589 1003 3656 historicis,
1035 3597 1205 3660 q‘uam
1253 3589 1571 3645 elaboratae
1618 3589 1878 3646 historiae
1920 3590 2154 3646 similius
2197 3599 2300 3646 est.
2339 3623 2410 3632 —
2443 3594 2646 3649 Contra

132 3668 249 3729 lianc
267 3678 601 3734 sententiam
626 3677 882 3732 obiicitur
909 3675 1138 3750 quidem
1165 3677 1556 3750 chronologia,
1590 3677 1826 3732 Esdram
1854 3679 2002 3734 enim
2025 3694 2200 3750 usque
2229 3679 2302 3735 ad
2332 3686 2419 3735 31.
2453 3696 2504 3736 a.
2539 3686 2647 3735 Ar-

129 3765 339 3820 taxerxis
362 3763 545 3820 vitam
574 3765 907 3835 protraxisse
928 3772 1157 3837 negant.
1191 3764 1253 3820 Id
1280 3779 1451 3820 unum
1480 3773 1667 3820 autem
1693 3764 1854 3819 nobis
1881 3774 1964 3820 est
1982 3764 2268 3833 traditum,
2302 3783 2430 3822 eum
2458 3783 2647 3824 senem

128 3849 475 3912 grandaevum
520 3867 641 3907 esse
680 3861 992 3918 mortuum;
1024 3851 1139 3907 iam
1183 3867 1315 3908 vero
1354 3852 1403 3907 si
1434 3852 1517 3906 vir
1555 3853 1778 3923 triginta
1809 3852 2030 3908 circiter
2056 3868 2331 3909 annorum
2369 3869 2422 3910 a.
2450 3861 2505 3910 ’1.
2543 3859 2647 3910 Ar-

178 4013 233 4076 (3)
264 4015 625 4070 ninicultatem
656 4021 833 4068 creant
862 4024 1020 4078 12,10.
1055 4025 1127 4076 11,
1160 4019 1403 4082 quoniam
1439 4031 1603 4080 usque
1639 4018 1706 4067 ad
1735 4017 2010 4068 Alexandri
2041 4021 2107 4068 Μ.
2147 4023 2365 4070 aetatem
2395 4022 2646 4070 successio

130 4099 413 4146 summorum
442 4096 741 4160 pontificum
766 4098 1053 4148 continuari
1086 4096 1315 4159 videtum
1341 4097 1431 4148 sed
1458 4103 1620 4152 12.10.
1652 4101 1724 4146 ιι.
1753 4103 1828 4146 22.
1857 4103 1916 4148 23
1932 4136 1944 4156 ,
1970 4097 2158 4161 quibus
2184 4111 2346 4149 nexus
2367 4099 2644 4148 interrum-

130 4167 257 4232 pitu,
284 4188 315 4223 a
334 4175 539 4227 iuniore
558 4190 709 4226 manu
732 4176 931 4228 additos
953 4189 1065 4228 esse
1086 4190 1203 4228 cum
1229 4182 1389 4228 Corn.
1414 4191 1447 4226 a
1474 4179 1605 4238 Lap.
1629 4179 1682 4226 et
1703 4175 1957 4240 plerisque
1981 4177 2342 4241 interpretibus
2363 4191 2642 4228 censemus.

178 4249 235 4312 (⁴)
258 4253 349 4304 Ex.
372 4269 449 4318 gr.
476 4254 699 4306 filiorum
728 4257 883 4308 lsrael
909 4269 999 4306 sex
1024 4255 1210 4308 classes
1236 4255 1623 4320 distinguuntur
1645 4255 1790 4319 (1.2,7
1815 4261 1872 4315 0;
1899 4261 1978 4312 7,7
1993 4276 2007 4318 ς
2048 4283 2111 4293 -
2140 4259 2204 4306 11.
2245 4256 2430 4320 1⁰,29);
2456 4257 2646 4308 ethnici

130 4334 350 4380 vocantur
369 4335 603 4397 populus
622 4339 803 4386 terrae
825 4334 909 4385 vel
930 4339 1205 4386 terrarum
1230 4336 1289 4398 (1.
1322 4338 1429 4395 3,3;
1461 4339 1571 4394 4,4;
1601 4361 1663 4370 —
1686 4338 1827 4394 9,12;
1853 4340 1987 4393 10,2;
2011 4361 2074 4371 —
2096 4336 2159 4384 11.
2183 4339 2322 4396 9,30;
2349 4339 2507 4394 10,31.
2536 4338 2643 4400 32):

130 4404 213 4454 1²1
238 4416 442 4461 vocatur
470 4417 576 4463 Lex
607 4415 797 4477 Moysi,
833 4414 973 4464 liber
1004 4415 1148 4476 Leqis
1183 4415 1361 4476 Moysi
1389 4413 1447 4476 (1.
1481 4416 1589 4472 3,2;
1621 4417 1700 4472 7,6
1720 4434 1732 4474 ;
1753 4414 1898 4462 -ΙΙ,
1926 4418 2024 4472 8‚1.
2055 4417 2138 4474 143
2169 4417 2332 4474 10‚34;
2361 4413 2494 4464 idem
2523 4429 2648 4466 usus

130 4481 173 4534 in
199 4487 453 4557 Paralip.);
478 4517 538 4529 -
568 4491 780 4543 reduces
807 4495 1060 4543 vocantur
1090 4491 1197 4556 filii
1225 4494 1560 4556 captivitatis
1586 4495 1642 4556 (l.
1675 4497 1784 4555 4‚1;
1818 4519 1882 4530 —-
1903 4495 2041 4553 &353
2073 4495 2197 4554 10,7.
2238 4494 2331 4557 16),
2365 4495 2477 4544 viri
2503 4496 2646 4547 Iuda

132 4569 173 4613 et
202 4569 475 4622 Beniamin
504 4571 562 4634 (1.
602 4577 709 4633 1,5;
742 4575 855 4634 4‚1;
894 4597 957 4609 —
992 4573 1149 4634 10,9);
1185 4599 1247 4610 -—
1279 4575 1414 4622 Deus
1445 4577 1656 4623 vocatur
1691 4577 1834 4623 Deus
1869 4571 2048 4622 Israel
2083 4572 2205 4634 (³‚23
2241 4576 2339 4631 4‚1.
2382 4577 2436 4634 ³3
2466 4601 2529 4611 —
2567 4579 2646 4634 7,6

134 4645 238 4707 835)
260 4651 349 4700 ete.
