3050 5184
805 347 882 391 ns
923 347 1274 392 psoras-rus
1315 345 1526 390 ninum
1568 345 1645 389 m·
1690 345 1975 391 naimone.
2548 331 2665 392 439

185 481 424 552 integro
465 480 686 536 saeculo
729 479 844 535 fere
870 478 1135 536 differunt
1167 479 1348 535 variae
1385 479 1688 534 sententiae
1733 475 1804 533 de
1847 477 2151 551 prophetae
2180 486 2389 544 aetate,
2420 494 2561 550 quae
2598 493 2666 534 ex

108 568 232 622 solo
261 576 466 623 nostro
493 567 750 623 vaticinio
783 568 1150 642 cognoscitur.
1181 567 1460 636 Quoniam
1489 564 1733 622 futuram
1770 563 2181 622 Chaldaeorum
2214 565 2579 637 irruptionem
2607 566 2665 620 in

109 655 498 710 Palaestinam
535 655 686 710 velut
723 671 844 710 rem
885 670 1061 727 paene
1097 653 1478 710 incredibilem
1516 653 1811 709 annuntiat
1840 653 1967 722 (1‚5)
1986 694 2001 723 ‚
2026 669 2057 708 a
2086 669 2219 708 vero
2248 653 2527 721 aberrant,
2572 653 2664 724 qui

107 758 238 796 enm
285 750 474 799 aetate
516 741 734 798 Ioakim
774 750 871 797 aut
896 740 1158 798 sedeciae
1186 742 1384 798 vixisse
1426 748 1707 808 statuunt3
1739 739 2041 797 clarissime
2078 741 2227 796 enim
2264 739 2527 796 Ieremias
2552 740 2665 796 iam

105 845 154 884 a.
181 837 240 884 4.
279 829 502 886 loakim
529 831 824 901 imperium
855 827 1268 886 Chaldaeorum
1301 826 1670 900 praedixerat.
1706 831 1780 883 At
1800 828 1884 883 illi
1910 843 2135 900 quoque
2163 837 2381 896 errant,
2411 828 2507 900 qui
2536 843 2663 884 eum

105 916 316 972 ultimo
349 917 623 974 Ezechiae
651 926 901 990 tempore
928 916 1128 972 vixisse
1155 924 1406 972 statuunt
1419 960 1434 986 ‚
1474 931 1655 988 neque
1682 915 1833 971 enim
1862 915 2159 986 descriptio
2187 915 2601 982 iniustitiarum‚
2632 930 2665 970 a

111 1021 216 1075 qua
255 1003 538 1076 propheta
573 1005 894 1062 vaticinium
922 1003 1206 1061 exorditur
1233 1005 1416 1074 (1‚2·4)
1459 1004 1742 1076 congruit3
1768 1018 1949 1076 neque
1976 1002 2155 1075 magis
2185 1002 2380 1059 eadem
2407 1002 2666 1059 convenit

108 1092 327 1148 ultimis
356 1092 538 1148 Iosiae
563 1091 745 1148 annis.
775 1095 1039 1149 Attamen
1067 1092 1231 1164 primi
1265 1106 1484 1163 quoque
1523 1091 1655 1146 anni
1688 1090 1865 1146 Iosiae
1894 1097 2060 1162 atque
2092 1092 2379 1158 Manasse‚
2408 1090 2489 1145 uti
2518 1091 2662 1144 inte-

110 1195 278 1250 grum
304 1194 544 1251 regnum
571 1179 803 1234 Amonis
830 1179 1197 1235 excludantur
1226 1187 1470 1250 oportet,
1506 1179 1633 1250 quia
1663 1177 1927 1233 Habacuc
1957 1177 2257 1234 iniustitias
2286 1176 2539 1250 quidem,
2566 1174 2665 1232 sed

108 1282 216 1322 non
259 1265 636 1323 idololatriam
678 1267 937 1339 castigat,
971 1267 1048 1322 ita
1091 1275 1153 1322 ut
1180 1266 1434 1338 publicus
1471 1266 1667 1322 saltem
1710 1265 1988 1320 idolorum
2027 1265 2212 1320 cultus
2252 1265 2369 1321 eius
2414 1263 2665 1334 tempore

109 1369 450 1426 suppressus
491 1369 611 1410 osse
653 1354 922 1411 videatur.
963 1355 1158 1426 Itaque
1194 1353 1266 1410 ad
1301 1354 1526 1412 ultimos
1562 1353 1687 1408 illos
1714 1367 1889 1408 annos
1932 1355 2185 1408 Manasse
2226 1350 2554 1408 referendus
2583 1360 2666 1407 est

107 1441 338 1497 libellus
353 1482 372 1508 ‚
395 1441 594 1513 quibus
623 1457 724 1498 rex
751 1443 1038 1514 poenitens
1068 1450 1192 1514 post
1217 1440 1461 1499 reditum
1484 1457 1551 1496 ex
1581 1439 1883 1513 Babylonia
1912 1440 2315 1496 instauraverat
2343 1439 2518 1496 altare
2544 1442 2661 1495 Do-

109 1530 245 1584 mini
281 1531 337 1599 (2
367 1533 510 1586 Par.
539 1530 742 1600 33,16).
771 1530 874 1586 Cui
897 1530 1203 1585 sententiae
1220 1528 1385 1585 etiam
1408 1529 1591 1595 locus,
1615 1544 1782 1601 quem
1804 1527 2025 1585 libellus
2048 1537 2282 1601 occupat
2301 1529 2360 1583 in
2383 1528 2661 1582 Minorum

111 1617 428 1684 volumine,
455 1625 624 1689 atque
650 1617 876 1674 traditio
902 1615 1234 1673 Iudaeorum
1259 1621 1310 1686 (ς
1327 1621 1417 1672 27.
1453 1618 1499 1686 1)
1536 1624 1860 1672 consonant.
1883 1616 2031 1672 Hinc
2049 1617 2217 1672 etiam
2246 1615 2517 1687 propheta
2544 1615 2660 1670 Ha-

109 1705 320 1774 bacuc,
356 1705 454 1776 qui
489 1705 712 1760 Danieli
749 1704 1042 1777 prandium
1079 1704 1281 1760 afferre
1315 1705 1498 1760 iussus
1534 1712 1619 1760 est
1649 1706 1823 1774 (Dan.
1869 1709 2027 1773 14,ae
2068 1704 2243 1776 sqq.)‚
2274 1719 2305 1758 a
2337 1703 2460 1759 libri
2488 1703 2661 1757 nostri

111 1802 346 1849 auctore
380 1791 800 1865 distinguendus
827 1799 931 1848 est.

181 1947 249 2003 2.
285 1977 370 1987 —
398 1944 600 2003 Minax
643 1948 739 2004 est
779 1943 925 2003 libri
965 1949 1414 2024 arqumentum,
1458 1943 1775 2020 siquidem
1817 1943 2069 2002 iniustis
2108 1943 2356 2003 Iudaeis
2392 1959 2659 2020 poenam

110 2057 222 2117 per
254 2039 604 2100 Chaldaeos
634 2039 1039 2118 infligendam
1069 2044 1254 2118 atque
1292 2041 1671 2118 praesertim
1708 2038 2155 2101 Chaldaeorum
2191 2039 2515 2100 interitum
2543 2055 2659 2116 po-

111 2143 248 2196 stea
279 2140 642 2196 secuturum
673 2136 1002 2215 praedicit.
1028 2137 1281 2214 Duabus
1301 2136 1618 2214 partibuS,
1644 2153 1804 2214 quae
1830 2137 2101 2197 oratoria
2124 2153 2235 2196 sua
2256 2135 2455 2195 forma
2475 2135 2657 2214 plane

111 2233 619 2310 distinguuntur,
646 2232 986 2311 Prophetia
1012 2237 1276 2293 constat.

181 2353 234 2401 1.
279 2345 538 2417 Dialoqo
577 2344 821 2417 quodam
848 2344 1068 2402 Iudaeis
1095 2345 1449 2416 peccantibus
1485 2354 1543 2402 et
1578 2345 1869 2402 Chaldaeis
1912 2361 2087 2419 poena
2124 2347 2485 2403 annuntiatur
2514 2350 2657 2414 (ιβ-

364 2437 531 2504 2,2ο).
563 2463 634 2474 -
663 2433 976 2505 Prophetae
1002 2433 1072 2489 de
1093 2433 1284 2504 populi
1304 2434 1543 2504 peccatis
1562 2433 1927 2505 conquerenti
1948 2438 2143 2502 (1‚2-4)
2168 2433 2466 2505 respondet
2482 2437 2655 2504 Deus»,

365 2535 423 2575 se
449 2519 757 2578 inauditam
787 2536 1023 2591 poenam
1045 2537 1144 2592 per
1162 2519 1472 2577 Chaldaeos
1496 2535 1615 2576 esse
1634 2521 1931 2576 missurum
1960 2522 2003 2584 (1
2018 2526 2227 2589 ,5-11.).
2249 2523 2373 2591 Quo
2394 2537 2657 2593 responso

366 2608 690 2678 perterritus
739 2608 1045 2678 interrogat
1093 2607 1362 2681 propheta
1379 2651 1394 2676 ,
1445 2606 1726 2679 quomodo
1778 2623 1874 2677 per
1914 2608 2227 2663 iniustiores
2274 2606 2463 2664 hostes
2504 2616 2653 2664 tanta

363 2703 576 2766 strages
602 2693 792 2752 inferri
819 2695 990 2764 possit
1011 2696 1326 2765 (1‚12·2,1)‚
1351 2703 1518 2766 atque
1544 2697 1697 2750 Deus
1724 2695 1929 2750 iustum
1949 2695 2007 2750 in
2030 2694 2139 2750 fide
2163 2711 2260 2750 sua
2281 2711 2465 2751 veram
2490 2696 2655 2750 vitam

363 2783 718 2838 inventurum
747 2798 866 2840 esse
894 2782 1174 2854 praefatus
1201 2785 1366 2838 etiam
1397 2781 1691 2838 Chaldaeis
1718 2783 1833 2838 Vae
1861 2783 1993 2838 dicit
2026 2783 2275 2852 (2,2-2o).

175 2877 230 2928 2.
277 2872 565 2929 Carmine
607 2871 1046 2940 dithyrambica
1088 2869 1359 2942 propheta
1400 2870 1667 2926 iustitiam
1706 2879 1761 2926 et
1802 2869 2231 2926 misericordiam
2271 2871 2377 2927 Dei
2413 2870 2656 2926 celebrat

365 2963 626 3026 (ΒΛ-19).
653 2989 726 2999 —-
757 2957 1042 3014 Maiestate
1089 2958 1195 3013 Dei
1241 2957 1561 3029 apparentis
1608 2957 1885 3029 descripta
1922 2959 2123 3028 (3‚1-7)
2156 2957 2421 3013 iudicium
2462 2965 2653 3013 contra

359 3044 559 3116 impios
587 3044 934 3114 describitur,
969 3061 1079 3117 quo
1105 3045 1307 3117 populo
1331 3061 1433 3101 suo
1459 3047 1697 3102 salutem
1728 3053 2124 3117 procuraturus
2152 3045 2223 3100 sit
2252 3049 2497 3114 (3‚8-15)‚
2530 3045 2649 3100 ani·

358 3133 548 3204 mique
574 3130 990 3204 dispositionem
1018 3133 1303 3204 exprimit,
1337 3149 1444 3206 qua
1473 3132 1613 3190 illud
1637 3133 1941 3205 exspectari
1965 3133 2167 3189 debeat
2196 3136 2475 3204 (ane-19).

187 3285 246 3344 3.
277 3317 358 3327 —-
386 3283 645 3343 Dicendi
673 3301 890 3362 qenere
921 3283 1120 3343 utitur
1151 3283 1354 3355 vario,
1399 3289 1462 3342 at
1501 3300 1755 3361 semper
1782 3287 1931 3361 apto
1972 3284 2171 3344 immo
2200 3269 2651 3362 pulcherrimo,

181 3398 342 3452 Nunc
364 3395 687 3466 suppliciter
711 3404 850 3465 orat,
879 3411 1028 3451 nunc
1051 3395 1302 3451 hostibus
1325 3395 1801 3452 vehementissime
1824 3396 2211 3462 comminatur,
2238 3412 2388 3453 nunc
2415 3393 2655 3454 divinam

113 3483 456 3539 maiestatem
483 3481 556 3538 ad
583 3483 848 3540 iudicium
874 3484 1184 3540 venientem
1207 3483 1428 3539 sublimi
1457 3482 1625 3540 modo
1654 3482 1942 3550 describit3
1972 3485 2211 3540 maxime
2238 3493 2425 3540 autem
2452 3485 2509 3540 in
2538 3501 2656 3541 car-

114 3570 255 3627 mine
278 3570 402 3627 eius
437 3591 464 3622 α
497 3571 654 3626 stilus
682 3569 906 3642 grandis
933 3579 1018 3626 est
1041 3587 1108 3626 ac
1148 3572 1493 3644 magnificus,
1521 3569 1701 3628 audax
1726 3571 2056 3644 imaginibus
2084 3589 2151 3628 ex
2193 3572 2362 3629 rebus
2404 3574 2571 3648 gestis
2598 3582 2654 3629 et

117 3673 295 3714 rerum
347 3666 550 3714 natura
603 3658 973 3730 depromptis,
1031 3674 1206 3730 aeque
1265 3658 1601 3714 sublimitate
1638 3657 1891 3715 dictionis
1938 3674 2106 3732 quam
2166 3669 2539 3732 conceptuum
2602 3671 2656 3716 et

119 3745 415 3802 affectuum
452 3745 681 3818 insignis
730 3767 755 3797 ι»
795 3746 1165 3818 (Knabenb.).

194 3899 247 3954 4.
281 3929 362 3939 —
393 3895 597 3956 Huius
644 3913 894 3974 quoque
940 3897 1224 3984 vaticinii
1261 3895 1571 3956 authentia
1615 3897 1691 3956 ab
1732 3896 2026 3958 omnibus
2070 3897 2459 3970 admittitur;
2516 3898 2650 3958 eius

122 3996 326 4052 autem
381 3990 652 4052 divinam
685 3995 1096 4052 auctoritatem
1127 3998 1380 4071 praeter
1421 3996 1814 4053 constantem
1850 4011 2191 4071 synagogae
2233 3997 2294 4054 et
2339 3994 2653 4054 Ecclesiae

125 4087 522 4148 traditionem
548 4089 743 4148 etiam
768 4087 1201 4149 demonstrant
1230 4089 1465 4148 diserta
1490 4090 1562 4149 N.
1598 4090 1667 4150 T.
1700 4091 2085 4150 testimonia.

189 4201 240 4255 S.
270 4199 478 4256 Paulus
505 4199 726 4257 ludaeis
754 4200 1138 4274 pisidiensibus
1179 4201 1241 4256 in
1279 4201 1609 4258 memoriam
1636 4211 1863 4258 revocat
1903 4201 2207 4273 prophetae
2248 4203 2421 4258 nostri
2465 4203 2649 4264 verba,

127 4286 312 4357 quibus
337 4289 494 4344 Deus
521 4287 880 4359 peccantibus
909 4287 1169 4344 Israelitis
1199 4304 1436 4357 poenam
1477 4289 1821 4345 annuntiavit
1854 4289 2001 4360 (Act.
2038 4295 2197 4358 13,40
2239 4307 2323 4362 sq.
2369 4289 2453 4345 clr
2494 4291 2650 4346 Hah.

131 4379 258 4442 15),
286 4383 374 4431 ter
399 4384 584 4431 autem
611 4377 670 4430 in
697 4375 810 4432 suis
838 4376 1082 4446 epistolis
1114 4377 1500 4433 necessitatem
1537 4376 1667 4432 fidei
1705 4375 1885 4431 verbis
1923 4378 2098 4432 nostri
2139 4377 2378 4434 vaticinii
2418 4377 2655 4434 demon-

129 4467 254 4516 strat
281 4465 454 4532 (Rom.
485 4469 639 4533 1‚1⁷;
674 4463 811 4520 Gal.
848 4469 1005 4532 a.11;
1033 4464 1201 4520 Hebr.
1233 4471 1391 4528 10,37
1421 4480 1504 4536 sq.
1539 4462 1623 4520 cfr
1651 4465 1803 4520 Hah.
1834 4467 1969 4536 253).
