3050 5184
441 309 520 367 44
597 323 873 367 HISTORIA
904 322 1147 368 CANoms
1177 318 1515 375 urmusouss
1548 324 1940 368 TESTAMENTI.
1976 324 2209 367 ——cAt’.
2248 324 2339 368 111.
2374 322 2507 367 CAN.
2542 323 2683 369 Novi
2720 323 2895 367 TEST.

441 455 857 528 Apocalypsis,
881 470 1050 527 quam
1077 454 1246 528 aliqui
1283 463 1347 510 ut
1385 454 1499 511 dixi
1521 464 1795 527 seponunt
1824 456 2150 527 (ἀθετοῦσιν),
2191 455 2285 511 alii
2320 456 2463 511 inter
2490 454 2981 526 Homologumena

441 552 754 599 numerant.
781 544 948 599 Hisce
975 544 1146 622 aliqui
1183 544 1541 615 Evangelium
1577 543 1882 599 secundum
1911 543 2195 601 Hebraeos
2235 542 2568 611 adiungunt.
2608 546 2810 616 Atque
2840 540 2983 595 haec

441 632 704 701 forsitan
729 632 850 686 sint
877 635 1077 687 omnia
1103 631 1572 703 Antileqomena.
1602 630 1851 700 Quorum
1870 633 2181 704 catalogum
2208 632 2373 688 simul
2406 628 2827 687 contexendum
2856 627 2983 683 duxi

443 717 710 775 distinctis
748 719 902 775 libris
945 720 1078 788 illis,
1112 720 1208 791 qui
1247 719 1551 775 secundum
1578 720 1999 776 ecclesiasticam
2026 718 2381 778 traditionem
2419 718 2531 775 veri
2570 726 2628 773 et
2664 716 2903 791 genuini
2932 723 2992 785 et,

440 806 596 862 nullo
623 806 1034 863 contradicente
1060 807 1264 878 recepti
1294 815 1440 876 sunt,
1473 816 1640 879 atque
1667 808 1809 875 aliis,
1838 808 1931 879 qui
1958 808 2015 863 in
2044 822 2256 864 canone
2293 805 2519 879 quidem
2554 822 2670 861 non
2698 812 2860 871 sunt,
2892 798 2992 871 sed}

443 901 950 965 controvertuntur,
999 896 1272 967 plerisque
1318 904 1507 952 tamen
1565 896 1693 951 viris
1740 896 2117 952 ecclesiasticis
2170 895 2371 967 cogniti
2414 903 2571 963 sunt,
2623 908 2683 950 ut
2710 901 2796 948 -et
2838 892 2992 963 ipsos·

444 998 840 1055 cognoscamus
869 992 924 1039 et
953 983 1068 1055 (Π.)
1093 982 1240 1047 illos,
1262 984 1356 1056 qui
1379 982 1481 1039 sub
1510 985 1734 1039 nomine
1757 984 2153 1054 Apostolorum
2177 982 2322 1055 apud
2344 982 2651 1038 haereticos
2678 980 2980 1040 habentur,

446 1072 594 1126 Petri
619 1072 706 1127 vei
732 1070 979 1128 Thomae
1007 1079 1064 1126 et
1089 1071 1352 1127 Matthiae
1380 1072 1465 1127 vel
1501 1072 1741 1127 aliorum
1778 1071 2145 1143 quorumdam
2182 1071 2532 1139 evangelia...
2574 1084 2821 1141 quorum
2852 1066 2983 1122 nihil

443 1174 690 1231 unquam
731 1159 874 1216 ullus
901 1160 1300 1215 ecclesiasticus
1341 1159 1441 1228 vir,
1483 1159 1577 1231 qui
1613 1160 1669 1214 in
1712 1159 1957 1215 Ecclesia
1999 1159 2203 1227 floruit,
2248 1171 2689 1215 commemorare
2733 1155 2981 1210 voluit...

443 1246 628 1314 Quare
653 1262 720 1301 ne
747 1246 806 1302 in
833 1246 1030 1319 spuriis
1053 1245 1276 1319 quidem
1306 1246 1385 1319 (ἐν
1411 1246 1590 1319 νόθοις)
1612 1246 1924 1303 collocandi
1946 1256 2093 1315 sunt,
2124 1246 2221 1303 sed
2244 1254 2531 1318 tamquam
2550 1242 2785 1301 absurdi
2809 1251 2869 1298 et
2890 1244 2983 1296 im-

447 1333 519 1404 pii
537 1333 816 1391 reiiciendi
845 1354 912 1391 n..

514 1423 666 1478 Duas
705 1422 872 1495 igitur
912 1424 1114 1479 classes
1154 1424 1421 1480 librorum
1441 1466 1456 1491 ‚
1501 1426 1595 1495 qui
1642 1426 1783 1479 sacri
1826 1422 2014 1479 haberi
2057 1424 2279 1492 volunt,
2316 1421 2603 1492 distinguit
2642 1420 2925 1475 Eusebius
2966 1434 2978 1469 :

445 1513 488 1566 1.
515 1525 729 1579 eorum,
760 1511 927 1583 quiin
947 1511 1184 1567 Ecclesia
1203 1512 1406 1584 cogniti
1421 1520 1571 1580 sunt,
1598 1513 1671 1567 Π.
1694 1526 1906 1580 eorum,
1930 1512 2025 1583 qui
2042 1528 2074 1567 a
2102 1512 2257 1568 nullo
2280 1512 2397 1566 viro
2422 1509 2795 1566 ecclesiastico
2822 1506 2981 1562 adhi—

443 1598 544 1655 biti
565 1607 852 1670 tamquam
887 1599 1110 1656 absurdi
1137 1608 1266 1655 sunt
1293 1599 1592 1655 reiiciendi.
1637 1603 1704 1656 In
1733 1601 1913 1671 priore
1952 1608 2139 1655 autem
2174 1598 2345 1655 classe
2378 1599 2491 1654 duo
2530 1606 2661 1652 sunt
2696 1595 2931 1651 ordines
2966 1610 2977 1644 :

447 1688 491 1745 1.
519 1693 568 1743 1.
592 1686 720 1743 libri
747 1687 815 1744 ab
836 1688 1091 1743 omnibus
1119 1688 1321 1759 recepti
1349 1687 1919 1761 (Homoloqumena),
1950 1691 1996 1743 1.
2018 1694 2074 1743 2.
2106 1688 2231 1744 libri
2250 1687 2345 1759 qui
2372 1686 2427 1741 in
2446 1684 2829 1742 controversia
2862 1696 2981 1736 rer-

444 1783 635 1831 santur
653 1774 1174 1848 (Antileqomena);
1200 1778 1256 1833 in
1274 1776 1707 1849 Antilegomenis
1726 1784 1909 1832 autem
1935 1774 2219 1848 distinguit
2236 1778 2278 1831 1.
2303 1780 2357 1830 2.
2380 1792 2442 1830 a.
2466 1790 2579 1841 eoS,
2604 1773 2710 1847 qui
2730 1788 2775 1827 a
2790 1770 2979 1844 pluri-

445 1864 558 1919 mis
594 1864 990 1935 recipiuntur,
1020 1866 1067 1920 1.
1111 1871 1165 1920 2.
1207 1865 1260 1919 b.
1303 1880 1418 1931 eoS,
1449 1880 1590 1938 quos
1630 1865 1866 1937 spurios
1907 1870 2096 1932 vocat,
2141 1864 2374 1935 quique,
2402 1862 2483 1917 uti
2521 1878 2587 1917 ex
2624 1860 2981 1917 distinctione

446 1953 643 2019 elucet,
673 1966 785 2006 non
812 1952 1149 2022 recipiuntur
1171 1961 1267 2008 aut
1292 1969 1322 2008 a
1355 1954 1541 2024 paucis
1558 1961 1776 2008 tantum
1796 1968 1896 2023 per
1923 1952 2146 2025 aliquod
2174 1960 2393 2023 tempus
2420 1959 2549 2006 sunt
2574 1948 2807 2020 recepti.
2834 1948 2981 2003 Inter

451 2060 476 2090 α
515 2039 992 2111 Homologumena
1035 2060 1060 2091 n
1101 2049 1160 2095 et
1199 2060 1226 2091 κ
1263 2042 1683 2115 Antilegomena
1719 2057 1749 2096 a
1789 2040 2039 2111 piurimis
2074 2048 2295 2111 recepta
2326 2060 2350 2090 n
2384 2054 2577 2093 omnes
2603 2043 2661 2093 et
2696 2037 2861 2093 solos
2890 2034 2977 2089 ho-

447 2126 622 2183 dierni
640 2130 866 2183 canonis
895 2128 1066 2183 libros
1095 2137 1368 2197 recenset3
1398 2128 1545 2184 inter
1576 2148 1599 2180 ι
1632 2130 1848 2200 spurios
1880 2150 1903 2179 »
1928 2136 2113 2184 autem
2136 2143 2250 2195 eos,
2285 2127 2486 2199 quibus
2512 2126 2614 2195 (uti
2644 2120 2979 2196 Apocalypsi

445 2215 613 2283 Petri,
641 2216 856 2271 Pastori
882 2218 1124 2271 Hermae
1152 2220 1284 2284 etc.)
1304 2232 1412 2271 una
1432 2217 1673 2273 alterave
1700 2217 1927 2272 ecclesia
1956 2226 2109 2273 certo
2138 2215 2381 2288 quodam
2408 2224 2659 2285 tempore
2682 2211 2977 2268 auctorita·

445 2312 560 2359 tem
601 2304 842 2375 aliquam
879 2304 1147 2359 attribuit.
1189 2305 1512 2361 Accuratius
1554 2303 1688 2376 quid
1732 2304 1955 2360 nomine
1992 2305 2305 2375 spuriorum
2350 2303 2651 2373 intelligat,
2694 2317 2768 2357 ex
2816 2296 2977 2355 modo

447 2392 576 2447 satis
611 2393 782 2462 miro,
813 2407 922 2463 quo
951 2391 1021 2448 de
1049 2392 1382 2464 Apocalypsi
1408 2392 1674 2463 loquitur,
1705 2393 2114 2465 cognoscimus;
2147 2407 2271 2447 eam
2298 2392 2476 2460 enim,
2506 2391 2553 2445 si
2592 2390 2795 2461 placet,
2837 2388 2975 2443 inter

445 2479 962 2552 Homoloqumena,
987 2488 1086 2535 aut
1111 2480 1158 2535 si
1181 2480 1360 2551 placet
1380 2480 1525 2536 inter
1546 2482 1759 2551 spuria
1785 2482 1913 2553 poni
1934 2496 2093 2552 posse
2122 2480 2269 2535 dicit.
2292 2479 2489 2535 Nullus
2514 2477 2721 2535 scilicet
2742 2485 2827 2533 est
2845 2472 2975 2531 Novi

443 2570 592 2625 Test.
623 2567 782 2637 liber,
815 2568 910 2640 qui
935 2583 1079 2624 saec.
1112 2573 1165 2623 2.
1197 2576 1253 2623 et
1278 2568 1502 2623 ineunte
1521 2575 1573 2623 3.
1598 2568 1971 2641 frequentiora
1990 2579 2045 2624 et
2067 2569 2300 2624 certiora
2323 2567 2636 2623 testimonia
2663 2566 2724 2621 in
2754 2564 2973 2622 Oriente

447 2666 502 2711 et
529 2656 827 2712 Occidente
850 2654 1070 2723 habeat,
1098 2655 1176 2711 ita
1201 2664 1265 2710 ut
1291 2654 1599 2712 secundum
1620 2657 1769 2713 hunc
1796 2655 2149 2714 ecclesiarum
2180 2671 2509 2712 consensum
2533 2656 2680 2711 inter
2706 2650 2973 2708 Homolo-

447 2760 696 2817 9umena
729 2752 874 2803 esset
909 2742 1215 2815 ponendus,
1257 2743 1365 2801 Sed
1401 2744 1667 2816 quoniam
1704 2744 1997 2801 Chiliastae
2024 2760 2167 2800 saec.
2200 2750 2253 2799 3.
2286 2744 2403 2799 eius
2420 2742 2885 2813 descriptionibus
2908 2734 2971 2791 ad

447 2832 779 2889 chiliasticos
819 2847 1035 2889 errores
1075 2832 1464 2905 propagandos
1509 2832 1665 2888 abuti
1697 2841 2019 2905 coeperant,
2064 2836 2121 2888 S.
2155 2832 2475 2903 Dionysius
2512 2832 2713 2897 Alex„
2746 2840 2974 2899 magnus

447 2921 702 2993 origenis
733 2918 1063 2992 discipulus,
1090 2920 1461 2993 Apocalypsin
1492 2921 1690 2976 Ioanni
1728 2922 1993 2990 Apostolo
2028 2919 2434 2976 abiudicaverat
2458 2928 2625 2991 atque
2648 2933 2853 2986 magna
2883 2928 2971 2968 sua

449 3010 773 3065 auctoritate
798 3009 1072 3078 effecerat,
1104 3017 1166 3063 ut
1205 3008 1264 3065 in
1293 3008 1565 3079 aliquibus
1602 3009 1842 3064 ecclesiis
1880 3004 2265 3077 orientalibus,
2307 3008 2542 3063 maxime
2576 3008 2637 3061 in
2666 3002 2969 3062 Palaestina

449 3106 504 3153 et
533 3096 703 3169 Syria,
737 3112 768 3151 e
800 3112 1008 3152 canone
1037 3105 1433 3153 removeretur.
1469 3097 1601 3153 Ideo
1644 3096 1929 3163 Eusebius,
1974 3098 2018 3152 si
2066 3096 2136 3152 ad
2178 3097 2325 3152 hunc
2366 3110 2497 3151 suae
2544 3096 2739 3150 aetatis
2768 3102 2825 3150 et
2854 3103 2974 3145 suae

379 3200 390 3213 ·
450 3185 760 3256 provinciae
791 3200 951 3240 usum
977 3184 1252 3255 respicere
1290 3183 1483 3253 voluit,
1514 3186 1634 3255 ipse
1673 3199 1895 3256 quoque
1942 3200 2066 3239 eam
2092 3200 2121 3239 a
2153 3184 2429 3240 canonicis
2468 3182 2765 3255 scripturis
2793 3179 2975 3236 exclu-

448 3268 582 3329 dere
604 3281 660 3327 et
685 3271 906 3343 spuriis
931 3272 1297 3328 adnumerare
1325 3272 1531 3328 debuit.
1569 3274 1632 3328 In
1670 3272 1777 3328 hac
1812 3270 2167 3344 ambiguitate
2202 3270 2583 3328 difficultatem
2618 3271 2831 3326 solvere
2868 3280 2973 3321 non

449 3376 618 3417 ausus
648 3380 672 3411 α
707 3376 816 3431 pro
845 3360 1038 3416 lubitu
1065 3380 1088 3413 ι
1123 3358 1187 3427 (εἰ
1225 3361 1420 3431 φανείη)
1465 3376 1589 3416 eam
1614 3370 1711 3416 aut
1744 3360 2236 3431 Homologumenis
2266 3380 2292 3411 n
2326 3368 2421 3415 aut
2453 3382 2477 3407 α
2510 3359 2711 3429 spuriis
2759 3380 2785 3410 »ι
2812 3354 2971 3411 aduu-

449 3446 774 3503 metandam
808 3446 970 3516 dixit,
1002 3447 1150 3504 unde
1179 3449 1376 3521 spurii
1407 3447 1532 3503 libri
1560 3449 1619 3502 in
1646 3448 1753 3504 hac
1780 3448 2036 3503 classium
2066 3447 2449 3504 distributione
2480 3446 2713 3502 Eusebio
2741 3445 2819 3501 illi
2857 3438 2971 3499 libri

453 3544 598 3605 sunt,
625 3536 767 3607 quia
799 3535 1222 3605 particularibus
1250 3535 1533 3592 nonnullis
1560 3535 1802 3591 ecclesiis
1830 3535 1963 3591 olim
1992 3536 2131 3591 sacri
2151 3544 2208 3591 et
2235 3534 2481 3591 canonici
2506 3533 2681 3590 habiti
2699 3550 2759 3589 re
2786 3529 2971 3587 melius

453 3633 508 3681 et
531 3623 837 3679 accuratius
864 3639 1129 3695 perpensa
1159 3622 1228 3679 ab
1272 3622 1467 3679 iisdem
1493 3624 1740 3679 ecclesiis
1781 3632 1939 3678 erant
1968 3622 2174 3679 reiecti.
2206 3625 2248 3678 Ε
2276 3631 2469 3679 contra
2504 3621 2804 3693 Epistolae,
2846 3628 2972 3689 quas

453 3714 512 3768 in
540 3713 585 3768 1.
615 3717 670 3767 2.
697 3726 754 3767 a.
783 3720 1048 3780 recenset,
1078 3712 1211 3767 olim
1238 3711 1464 3783 quidem
1486 3709 1559 3767 ab
1586 3710 1861 3784 aliquibus
1890 3711 2149 3780 ecclesiis,
2182 3711 2381 3783 quibus
2410 3719 2505 3765 aut
2532 3710 2695 3781 plane
2731 3702 2970 3776 incogni-

455 3802 547 3849 tae
569 3804 665 3850 aut
695 3812 808 3851 non
835 3798 967 3853 satis
995 3806 1180 3853 certae
1211 3796 1458 3864 fuerant,
1491 3814 1606 3853 non
1634 3807 1794 3853 erant
1827 3806 2109 3868 receptae,
2154 3784 2212 3853 at
2246 3813 2277 3853 a
2311 3797 2464 3852 nulla
2492 3796 2750 3859 ecclesia,
2784 3791 2872 3849 cui
2896 3790 2973 3842 in-

457 3890 786 3952 notuerunt,
829 3876 998 3955 plane*
1032 3880 1268 3941 reiectae
1306 3902 1485 3957 neque
1522 3903 1555 3941 a
1594 3886 1829 3941 lectione
1876 3886 2116 3957 publica,
2164 3884 2210 3939 si
2258 3886 2428 3941 semel
2477 3893 2637 3941 erant
2678 3880 2968 3945 admissae,

459 3972 710 4027 exclusae
745 3982 891 4028 sunt.
929 3975 1234 4029 Maximum
1262 3974 1426 4045 igitur
1467 3975 1609 4029 inter
1652 3978 1696 4030 Ι.
1728 3980 1797 4029 ·2.
1830 3991 1889 4029 α.
1941 3982 1995 4028 et
2033 3976 2077 4028 1.
2120 3979 2173 4028 2.
2222 3974 2271 4029 b.
2316 3972 2611 4029 intercedit
2646 3970 2967 4026 discrimen,

460 4067 626 4129 atque
659 4074 773 4115 non
805 4059 910 4117 nisi
939 4062 1239 4133 improprie
1267 4062 1531 4132 epistolae
1565 4062 1694 4118 iliae
1722 4071 1991 4117 vocantur
2019 4060 2427 4133 ἀντιλεγόμεναι,
2464 4060 2590 4132 quia
2620 4072 2811 4115 revera
2838 4046 2973 4109 nulla

461 4147 688 4204 ecclesia
716 4149 793 4205 eis
821 4165 1066 4222 unquam
1090 4149 1498 4206 contradixerat
1529 4166 1686 4205 easve
1715 4150 2154 4223 impugnaverat.
2800 4140 2803 4147 ’

529 4408 562 4490 ξ
590 4414 654 4472 7.
687 4446 774 4457 —-
809 4410 1044 4475 Canon
1073 4410 1251 4476 Novi
1281 4413 1442 4476 Test.
1481 4433 1523 4476 a
1552 4412 1820 4501 saeculo
1854 4420 1915 4481 74.
1950 4414 2048 4480 ad
2068 4428 2367 4482 nostram
2396 4412 2605 4507 ‘usque
2634 4430 2931 4485 aetatem.

553 4653 606 4707 1.
661 4684 735 4693 -
775 4654 868 4712 Ab
914 4656 1164 4715 incunte
1217 4658 1274 4713 4.
1321 4674 1480 4716 saec.
1530 4674 1747 4717 omnes
1797 4660 1925 4719 fere
1966 4662 2265 4723 ecclesiae
2318 4663 2381 4723 in
2426 4666 2669 4725 cunctis
2712 4653 2975 4725 hodierni
