3050 5184
366 280 481 338 366
528 296 599 338 or:
636 297 768 341 ver.
804 297 1057 342 rasum.
1084 296 1271 339 mes
1312 296 1713 341 Pnornmlcts,
1745 318 1826 327 —
1857 300 1985 343 car.
2018 302 2059 343 1.
2095 300 2170 344 nn
2213 302 2529 347 rnornsrrs
2571 304 2875 349 umvansss.

367 442 541 482 annos
569 444 872 499 numquam
899 427 1137 483 defuisse
1164 427 1492 499 prophetaS,
1526 429 1648 483 libri
1685 429 1932 485 historici
1961 430 2190 499 docent3
2222 432 2318 488 sed
2344 434 2452 489 iam
2477 432 2605 489 inde
2627 451 2660 489 a
2689 436 2884 509 Moysis

368 523 543 570 aetate
568 516 829 571 continuo
857 526 911 571 et
940 517 1058 572 sine
1083 516 1483 587 interruptIone
1510 520 1692 573 Deum
1718 520 1980 589 populum
2007 536 2170 575 suum
2197 536 2296 593 per
2325 522 2624 593 prophetas
2643 522 2886 578 docuisse

368 611 425 657 et
443 604 748 671 monuisse,
770 604 975 659 diserte
998 604 1229 659 tradunt
1246 605 1527 661 ieremias
1551 608 1718 675 (7:25)
1741 614 1796 661 et
1814 612 1996 662 Amos
2022 612 2208 676 (2,11).
2241 608 2451 665 Eadem
2469 610 2634 682 igitur
2659 610 2882 671 ratione,

370 707 475 762 qua
504 692 731 762 reqium
758 708 989 763 munuS,
1012 691 1163 764 quod
1191 708 1221 747 a
1247 692 1411 747 Saule
1430 708 1604 764 usque
1633 692 1704 749 ad
1731 694 2014 751 sedeciam
2040 695 2276 765 duravit,
2299 698 2466 753 etiam
2488 697 2884 769 propheticum,

370 777 520 849 quod
552 780 729 835 multo
769 779 972 836 diutius
1008 780 1211 852 populo
1250 788 1370 835 erat
1406 796 1758 851 concessum,
1800 780 2140 839 ordinarium
2177 784 2296 839 iure
2337 794 2584 841 vocatur.
2629 785 2882 849 Accedit,

370 866 519 938 quod
548 869 715 923 etiam
743 868 891 923 velut
914 877 1171 924 constans
1194 876 1249 923 et
1276 866 1618 925 ordinarium
1641 884 1841 925 munus
1870 886 1902 925 a
1931 874 2050 927 Deo
2083 873 2154 927 sit
2179 872 2492 928 institutum
2521 881 2578 928 et
2605 889 2708 944 per
2729 875 2878 945 Moy-

370 968 466 1010 sen
497 956 929 1027 promulgatum.
960 956 1141 1025 Quam
1169 956 1672 1028 promulgationem
1699 958 1756 1012 in
1786 962 2238 1015 Deuteronomio
2271 960 2533 1032 (18,9-22)
2557 958 2887 1031 descriptam

370 1043 635 1113 legimus,
668 1039 831 1099 cuius'
860 1044 1040 1099 verbis
1081 1044 1244 1099 simul
1273 1042 1554 1114 docemur,
1587 1044 1698 1099 iam
1725 1045 1782 1099 in
1809 1046 1984 1117 prima
2014 1048 2357 1119 legislatione
2379 1048 2630 1103 sinaitica
2678 1050 2885 1114 (Exod.

372 1137 545 1198 20,18
590 1146 713 1202 sqq.
740 1154 753 1197 3
801 1136 969 1187 Deut.
1020 1138 1149 1195 5,19
1190 1135 1337 1203 sqq.)
1388 1130 1527 1187 illud
1577 1132 1728 1188 velut
1766 1132 2107 1189 ordinarium
2147 1151 2178 1191 a
2215 1138 2335 1191 Deo
2377 1151 2495 1191 esse
2541 1136 2888 1208 promissum.

374 1221 454 1273 De
486 1220 609 1274 solo
634 1218 859 1290 quidem
894 1220 1097 1275 Messia
1134 1219 1390 1275 nonnulli
1416 1220 1850 1291 interpretantur
1877 1222 2296 1279 Deuteronomii
2320 1224 2506 1280 locum
2549 1226 2890 1295 (praesertim

374 1312 530 1376 18‚15
560 1312 727 1378 sqq.),
756 1315 812 1362 at
838 1308 967 1363 licet
998 1308 1115 1363 eius
1143 1308 1577 1363 messianitatem
1605 1324 1718 1363 non
1746 1324 2038 1381 negemus,
2071 1309 2166 1366 sed
2200 1309 2307 1366 fide
2343 1311 2644 1367 tenendam
2681 1328 2888 1367 assera-

372 1410 522 1463 mus,
554 1410 684 1450 eum
710 1403 897 1451 tamen
924 1411 1053 1451 cum
1081 1395 1270 1450 multis
1297 1394 1552 1451 Patribus
1579 1404 1634 1451 et
1656 1396 1865 1452 maiore
1889 1398 2254 1469 interpretum
2289 1414 2522 1455 numero
2560 1398 2629 1455 de
2671 1415 2892 1455 munere

375 1483 694 1554 prophetico
722 1499 821 1539 seu
857 1483 927 1539 de
968 1484 1183 1556 integra
1230 1484 1369 1539 serie
1400 1483 1800 1553 prophetarum
1842 1500 1950 1540 una
1989 1501 2114 1541 cum
2154 1502 2346 1542 eorum
2389 1487 2568 1559 capite
2594 1496 2654 1543 et
2695 1503 2890 1542 corona

368 1570 585 1627 Christo
610 1570 1029 1644 intelligendum
1057 1586 1176 1627 esse
1204 1587 1305 1642 pro
1334 1578 1487 1627 certo
1510 1580 1794 1641 tenemus;
1825 1571 1883 1628 id
1911 1574 2058 1629 enim
2087 1575 2386 1629 clarissime
2406 1574 2568 1631 docet
2585 1584 2888 1631 contextus.

756 1759 789 1841 ἓ
818 1762 883 1823 2.
924 1794 1013 1805 —
1040 1760 1135 1822 De
1160 1778 1439 1823 numero
1476 1768 1544 1823 et
1568 1756 1991 1824 distinctione
2007 1760 2524 1849 prophetarum.

454 1954 508 2009 1.
538 1984 613 1993 —-
642 1950 993 2009 Paucorum
1016 1952 1259 2009 tantum
1284 1950 1737 2029 prophetarum
1757 1952 2014 2013 nomina
2034 1952 2098 2013 in
2126 1952 2326 2013 Sacris
2344 1952 2570 2014 Literis
2593 1958 2744 2013 sunt
2761 1972 2894 2014 con-

370 2050 643 2118 servata,
668 2050 732 2107 at
755 2046 955 2106 multo
978 2046 1193 2125 plures
1212 2048 1526 2107 exstitisse
1543 2092 1557 2119 ‚
1585 2065 1852 2124 quorum
1872 2049 2130 2109 nomina
2155 2067 2280 2110 non
2302 2049 2743 2125 innotuerunt,
2767 2068 2894 2111 cer-

368 2148 503 2204 tum
534 2147 651 2203 est.

443 2246 705 2303 Clemens
734 2247 907 2303 Alex.
940 2250 1168 2314 (Strom.
1201 2250 1246 2303 Ι.
1275 2254 1363 2314 21)
1394 2246 1682 2304 dumtaxat
1710 2250 1933 2322 triginta
1964 2250 2208 2322 quinque
2237 2250 2538 2322 prophetas
2573 2261 2630 2307 et
2661 2252 2896 2324 quinque

373 2335 747 2406 prophetissas
774 2334 844 2391 ab
872 2334 1055 2391 Adam
1086 2350 1257 2406 usque
1295 2334 1367 2390 ad
1403 2335 1684 2391 Christum
1723 2335 1886 2392 fuisse
1913 2346 2119 2403 censet,
2147 2338 2358 2394 Iudaei
2395 2338 2588 2405 (Seder
2615 2340 2784 2395 Olam
2811 2344 2890 2404 21)

370 2432 557 2479 autem
580 2422 681 2477 sibi
710 2422 1069 2495 quadraginta
1094 2432 1219 2478 octo
1248 2432 1303 2479 et
1321 2432 1534 2494 septem
1558 2424 1932 2496 prophetissas
1955 2425 2285 2494 attribuunt,
2313 2429 2374 2483 S.
2397 2428 2780 2499 Epiphanius
2807 2426 2890 2481 de-

372 2527 524 2566 mum
563 2509 631 2567 ab
658 2508 877 2566 Adamo
906 2526 1077 2583 usque
1107 2509 1178 2566 ad
1205 2510 1462 2583 Agabum
1490 2514 1641 2579 (Aet.
1689 2519 1773 2580 11,
1805 2512 1894 2584 28)
1927 2514 2277 2585 septuaginta
2313 2522 2428 2569 tres
2454 2514 2762 2585 prophetas
2789 2523 2842 2570 et
2861 2530 2886 2569 a

369 2601 503 2655 Sara
530 2613 703 2671 usque
731 2598 800 2654 ad
826 2601 889 2654 B.
922 2600 1205 2670 Virginem
1230 2598 1425 2655 decem
1448 2599 1807 2671 prophetidas
1835 2610 2109 2657 numerat.
2143 2603 2298 2672 Quae
2324 2617 2519 2658 omnes
2551 2604 2891 2659 recensiones

370 2686 693 2743 arbitrariae
722 2696 875 2749 sunt;
913 2703 944 2741 a
982 2688 1172 2760 Moyse
1207 2702 1381 2759 usque
1424 2686 1495 2743 ad
1527 2687 1882 2753 Malachiam,
1927 2690 2019 2759 qui
2063 2690 2365 2745 Nehemiae
2392 2700 2646 2761 tempore
2684 2692 2886 2748 floruit,

373 2790 507 2847 ergo
535 2790 632 2845 per
654 2775 804 2829 mille
834 2775 1053 2831 circiter
1080 2791 1281 2844 annos,
1312 2790 1620 2847 numquam
1650 2776 1798 2831 viros
1831 2773 2102 2845 defuisse,
2143 2778 2235 2848 qui
2267 2786 2554 2849 tamquam
2581 2778 2693 2833 Dei
2727 2779 2888 2834 inter—

372 2871 553 2932 pretes
574 2860 757 2917 divina
782 2864 1064 2918 voluntate
1086 2863 1433 2918 manifestata
1457 2863 1738 2919 israelitas
1760 2864 1818 2918 in
1841 2866 1988 2936 Lege
2009 2863 2138 2920 data
2167 2866 2470 2921 retinerent
2497 2874 2553 2921 et
2581 2864 2654 2921 ad
2685 2866 2890 2937 perfec-

372 2951 569 3005 tiorem
599 2950 979 3006 oeconomiam
1026 2960 1438 3022 praepararent,
1479 2960 1695 3007 certum
1723 2960 1835 3019 est,
1865 2966 2048 3023 neque
2086 2952 2269 3008 minus
2297 2962 2510 3009 certum
2553 2962 2668 3023 est,
2701 2968 2890 3025 magno

370 3053 603 3094 numero
628 3054 721 3093 eos
746 3038 1075 3110 plerumque
1100 3038 1357 3093 adfuisse.
1394 3038 1561 3095 Velut
1588 3054 1708 3095 rem
1735 3040 2005 3097 memoria
2024 3039 2249 3113 dignam
2283 3040 2516 3096 adnotat
2543 3042 2782 3113 scriptor
2808 3056 2889 3095 sa-

370 3140 479 3194 cer,
512 3126 718 3181 ultimis
743 3126 993 3182 Indicum
1022 3126 1179 3181 annis
1208 3146 1233 3176 «
1266 3124 1495 3182 verbum
1524 3127 1749 3181 Domini
1771 3143 1964 3183 rarum
1991 3144 2170 3199 neque
2200 3128 2544 3199 frequentem
2576 3128 2836 3185 visionem
2863 3148 2884 3175 υ

376 3212 539 3268 fuisse
585 3218 632 3279 (1
674 3218 808 3285 Req.
849 3218 990 3281 3‚1);
1032 3214 1147 3269 eius
1185 3213 1353 3285 igitur
1390 3222 1640 3285 tempore
1683 3215 1741 3281 (i.
1787 3231 1838 3270 e.
1891 3214 1992 3271 sub
2026 3216 2339 3283 Roboamo)
2379 3232 2467 3273 τω
2509 3225 2631 3273 erat
2667 3223 2888 3273 mutata.

372 3305 585 3356 Revera
620 3301 844 3356 Samuel
868 3302 981 3356 iam
1006 3302 1251 3373 integros
1285 3310 1473 3357 coetus
1502 3302 1778 3371 virorum,
1807 3304 1902 3373 qui
1936 3318 2129 3360 omnes
2158 3304 2480 3375 prophetico
2516 3305 2714 3375 spiritu
2749 3310 2892 3359 erant

373 3386 589 3457 imbuti,
630 3398 1064 3461 congregaverat
1096 3394 1143 3457 (1
1180 3394 1313 3461 Περ.
1354 3395 1479 3459 10,5
1504 3406 1660 3461 sqq.;
1699 3395 1856 3460 19,20
1898 3396 2074 3464 sqq.)‚
2115 3399 2282 3463 atque
2328 3392 2527 3448 similia
2573 3392 2804 3465 collegia
2841 3392 2890 3444 in

374 3476 807 3547 septemtrionali
834 3492 1003 3549 regno
1044 3477 1351 3532 invenimus
1379 3492 1507 3532 cum
1538 3478 1652 3534 Elia
1679 3486 1736 3533 et
1773 3478 1957 3534 Eliseo
1989 3483 2042 3545 (4
2069 3484 2199 3551 Περ.
2239 3485 2333 3547 2,2
2373 3496 2520 3552 sqq.;
2553 3486 2686 3547 4,ὃὸ
2726 3484 2886 3551 sqq->²

374 3578 542 3635 quam
580 3577 871 3618 numerosa
912 3573 1098 3620 autem
1136 3564 1363 3633 fuerint,
1416 3565 1596 3621 elucet
1624 3581 1692 3621 ex
1718 3570 1749 3620 3
1787 3572 1920 3638 Req.
1958 3573 2110 3635 18,4;
2141 3575 2176 3623 4
2206 3572 2339 3639 Req.
2370 3572 2484 3635 2‚2.
2525 3574 2580 3623 3.
2617 3575 2676 3623 7.
2712 3570 2890 3636 ltaque

374 3651 509 3719 iuis,
540 3666 777 3722 quorum
806 3650 1025 3707 nomina
1065 3650 1138 3707 ad
1173 3667 1273 3708 nos
1307 3662 1703 3723 pervenerunt,
1747 3654 1858 3710 sive
1903 3655 2028 3726 quia
2075 3656 2134 3709 in
2169 3653 2334 3710 rebus
2375 3654 2605 3726 publicis
2653 3652 2891 3728 gerendis

374 3740 641 3795 maiorem
670 3736 946 3793 habebant
972 3740 1386 3809 auctoritatem,
1414 3740 1526 3795 sive
1557 3741 1684 3813 quia
1713 3757 1996 3797 sermones
2031 3742 2397 3814 vaticiniaque
2425 3751 2521 3798 aut
2543 3758 2679 3798 suae
2713 3740 2890 3797 aetatis

374 3826 661 3883 historiam
690 3826 861 3882 literis
881 3826 1236 3897 mandabant,
1268 3826 1699 3885 adnumeremus
1725 3838 1945 3901 oportet
1973 3830 2152 3886 multo
2183 3831 2368 3901 plures
2396 3845 2730 3903 anonymos,
2762 3842 2888 3900 quo-

375 3931 498 3970 rum
524 3930 623 3986 per
659 3915 1005 3970 occasionem
1038 3914 1325 3971 dumtaxat
1354 3917 1564 3971 mentio
1600 3916 1665 3972 fit
1705 3916 1764 3972 in
1801 3917 2122 3989 Scriptum,
2159 3926 2322 3989 atque
2361 3918 2552 3989 procul
2592 3917 2762 3973 dubio
2791 3930 2889 3971 non

376 4003 687 4073 paucioreS,
720 4002 832 4074 qui,
866 4002 993 4059 licet
1019 4011 1301 4075 tamquam
1338 4004 1563 4073 genuini
1604 4004 1908 4077 prophetae
1943 4005 2212 4077 populum
2249 4020 2383 4061 suae
2421 4006 2615 4061 aetatis
2643 4004 2716 4061 ad
2743 4002 2890 4073 Legis

376 4090 778 4145 observantiam
811 4089 1085 4147 exhortati
1105 4090 1245 4160 siut,
1274 4090 1738 4160 nullamomnino
1764 4094 1847 4147 sui
1881 4093 2208 4148 memoriam
2237 4092 2294 4147 in
2325 4090 2552 4149 historia
2585 4092 2747 4150 nobis
2773 4089 2889 4147 reli-

377 4186 631 4249 querunt.

452 4331 510 4387 2.
539 4360 617 4371 —-
644 4328 711 4387 In
733 4328 883 4389 duas
908 4329 1141 4390 classes
1168 4330 1359 4390 hodie
1387 4329 1727 4407 prophetae
1758 4331 2051 4391 distribui
2072 4332 2298 4392 solent.
2321 4332 2708 4409 Quamquam
2731 4329 2886 4390 enim

376 4440 593 4483 omnes
624 4425 849 4484 eodem
878 4443 1137 4486 munere
1169 4427 1293 4485 sint
1326 4426 1520 4486 suncti
1562 4444 1906 4504 omnesque
1937 4427 2182 4489 divinae
2219 4428 2562 4489 voluntatis
2599 4430 2773 4489 erant
2799 4426 2884 4483 in-

378 4523 678 4595 terpretes
707 4540 743 4580 a
772 4524 899 4581 Deo
930 4522 1067 4599 ipso
1097 4522 1465 4583 immediate
1497 4523 1683 4583 electi
1713 4528 1776 4584 et
1811 4525 2163 4598 constituti,
2197 4525 2263 4585 in
2295 4525 2576 4585 muneris
2606 4520 2884 4585 exercitio

372 4620 585 4677 tamen
613 4617 827 4695 aliqua
854 4619 1369 4680 animadvertitur
1405 4619 1792 4695 differentia;
1830 4621 2008 4682 multi
2061 4623 2263 4696 enim,
2305 4626 2498 4699 atque
2529 4619 2880 4701 praesertim
