3050 5184
484 332 564 377 ΒΕ
599 334 749 379 mm
792 335 1001 379 ‘romaz
1044 334 1465 380 Aneromrxrss
1507 334 1832 379 iustorum
1873 336 1946 379 ΕΤ
1987 334 2220 380 mva.
2503 320 2620 379 2⁸15

140 467 559 542 composuisse,
593 484 751 545 quos
774 485 939 529 unus
963 485 1041 528 ex
1062 484 1283 529 eorum
1310 468 1582 547 posteris
1608 484 1828 528 versus
1853 468 2146 529 exsilium
2177 468 2618 546 babylonicum

136 558 402 621 hodierno
426 563 641 623 libello
670 564 1169 642 comprehendit.

186 673 310 729 Solis
334 676 577 731 erroneis
603 677 769 750 scopi,
804 693 971 750 quem
999 676 1277 749 confictae
1302 678 1611 734 narrationi
1637 676 1962 748 attribuunt,
1992 675 2402 733 delinitionibus
2427 692 2622 733 omnes

132 758 193 813 illi
212 760 467 832 nituntur,
494 764 591 837 qui
616 764 864 821 libellum
884 764 1090 821 Tobiae
1118 774 1215 823 aut
1236 764 1414 821 tribus
1438 764 1629 837 primis
1651 765 1882 821 saeculis
1911 770 2067 830 ante,
2103 774 2199 821 aut
2223 763 2402 820 tribus
2431 762 2622 836 primis

133 848 329 905 saeculis
349 855 483 922 post
512 851 643 908 Chr.
672 850 940 923 prodiisse
962 852 1239 910 dixerunt.
1269 852 1479 922 Quibus
1504 852 1902 923 praetermissis
1928 867 2218 908 monemus
2234 895 2249 922 ,
2275 850 2335 907 in
2362 851 2618 908 omnibus

132 936 333 991 textibus
358 941 597 1009 (praeter
627 940 802 1012 ναις.
835 948 891 995 et
926 940 1167 1009 chald.)
1192 940 1425 997 Tobiam
1452 940 1724 997 seniorem
1755 955 1844 996 res
1869 954 1997 997 suas
2027 940 2201 1011 prima
2230 954 2462 1012 persona
2489 954 2618 995 nar·

126 1036 223 1078 rare
246 1024 516 1097 (1,1-3,6),
544 1041 611 1083 ac
637 1028 797 1098 proin
823 1027 1061 1098 primam
1087 1036 1323 1099 partem,
1352 1027 1615 1101 quoniam
1645 1042 1832 1084 veram
1861 1026 2152 1083 historiam
2184 1026 2398 1083 narrari
2429 1035 2619 1083 osten-

126 1108 297 1179 dimus,
324 1112 531 1169 Tobiae
556 1114 661 1185 ipsi
688 1115 901 1171 auctori
924 1112 1149 1172 debere.
1188 1118 1360 1173 Porro
1392 1124 1623 1187 uterque
1657 1114 1856 1171 Tobias
1883 1114 2028 1171 hanc
2057 1114 2346 1171 historiam
2378 1114 2621 1170 conscri-

125 1194 227 1252 bere
244 1199 309 1254 ab
335 1200 535 1273 angelo
554 1202 691 1259 iussi
714 1211 847 1259 sunt
872 1207 1057 1274 (1230
1079 1206 1202 1273 Gr.,
1232 1207 1330 1273 It„
1360 1204 1540 1259 Hebr.
1576 1206 1718 1275 Fuq.
1751 1212 1806 1258 et
1833 1204 2072 1271 Mffnst.)
2096 1218 2200 1258 nec
2227 1202 2340 1259 ulla
2368 1202 2510 1259 ratio
2536 1210 2622 1257 est

124 1282 441 1359 admittendi,
475 1304 573 1346 eos
608 1288 739 1346 huic
773 1289 1038 1347 mandato
1073 1307 1187 1347 non
1219 1290 1646 1362 obtemperasse.
1679 1288 1844 1347 Haud
1875 1305 2081 1361 paucae
2109 1288 2337 1345 demum
2363 1289 2538 1361 patris
2563 1297 2621 1345 et

126 1369 198 1425 filii
224 1388 305 1429 res
326 1375 554 1433 intimae
578 1386 895 1446 narrantur,
926 1394 1067 1451 quae
1088 1378 1201 1435 illis
1226 1377 1361 1435 solis
1388 1378 1639 1450 cognitae
1665 1386 1844 1433 erant.
1875 1379 2030 1448 Quae
2055 1378 2242 1433 omnia
2268 1378 2464 1433 saltem
2491 1392 2618 1448 pro·

124 1456 267 1516 babile
300 1461 567 1532 reddunt,
610 1480 705 1521 eos
743 1464 813 1521 de
855 1466 1021 1523 rebus
1060 1466 1173 1523 suis
1208 1466 1582 1523 narrationem
1615 1465 1860 1537 aliquam
1904 1463 2295 1535 composuisse.
2332 1467 2617 1537 Integrum

125 1554 269 1604 autem
296 1550 521 1620 librum,
552 1552 649 1624 qui
671 1553 843 1624 patris
868 1562 923 1610 et
950 1554 1047 1609 filii
1068 1563 1309 1609 mortem
1330 1551 1515 1621 refert,
1547 1568 1661 1610 non
1685 1553 1790 1608 nisi
1810 1568 1842 1607 a
1871 1553 2176 1608 recentiore
2203 1552 2472 1623 scriptore
2499 1566 2619 1608 esse

124 1638 445 1694 terminatum
474 1638 701 1696 evidens
727 1648 837 1709 est,
870 1648 928 1697 at
952 1640 1089 1697 nibil
1116 1657 1337 1714 quoque
1358 1656 1462 1697 nos
1489 1640 1664 1714 cogit,
1695 1648 1758 1695 ut
1791 1655 1921 1696 eum
1951 1640 2142 1697 exsilio
2169 1638 2496 1711 babylonico
2524 1655 2618 1694 re-

124 1723 383 1781 centiorem
406 1741 527 1783 esse
546 1727 811 1785 dicamus.
839 1728 1059 1784 Etenim
1082 1730 1128 1784 si
1153 1728 1276 1802 quis
1294 1728 1572 1792 obiecerit,
1603 1727 1856 1798 Esdram,
1886 1727 1935 1783 si
1961 1726 2080 1783 eius
2105 1734 2286 1783 aetate
2313 1727 2424 1782 iam
2451 1725 2615 1783 exsti-

125 1809 257 1879 tisset,
282 1812 533 1870 libellum
559 1814 619 1870 in
642 1830 910 1871 canonem
932 1825 1285 1889 recepturum
1314 1816 1503 1883 luisse,
1537 1813 1962 1887 respondemus,
1996 1814 2204 1871 Esdrae
2232 1813 2292 1869 in
2319 1813 2618 1885 Babylonia

124 1902 161 1949 et
178 1898 471 1957 Palaestina
498 1900 723 1975 degenti
752 1902 954 1959 librum
980 1904 1039 1959 in
1069 1906 1292 1977 Assyria
1322 1905 1696 1975 conscriptum
1723 1918 1838 1959 non
1865 1902 2195 1958 innotuisse.

178 2070 227 2127 4.
252 2102 327 2113 —-
348 2068 587 2131 Divina
610 2072 937 2133 auctoritas
964 2072 1197 2147 libelli,
1229 2073 1514 2150 quamvis
1543 2088 1662 2132 nee
1689 2072 1768 2132 ab
1797 2070 2118 2131 hodiernis
2151 2069 2399 2131 Iudaeis
2427 2086 2546 2129 nec
2573 2086 2611 2129 a

119 2158 587 2228 protestantibus
610 2173 994 2247 agnoscatur,
1028 2173 1201 2229 extra
1234 2168 1498 2230 dubium
1520 2172 1734 2228 tamen
1761 2168 2018 2245 ponitur
2045 2166 2352 2227 Ecclesiae
2391 2164 2611 2225 defini-

122 2258 287 2335 tione,
318 2280 484 2341 quae
504 2264 853 2342 primorum
878 2266 1005 2325 iam
1032 2266 1285 2326 Petrum
1310 2264 1692 2325 testimoniis
1720 2264 1974 2335 nititur3
1997 2263 2285 2323 libellum
2313 2261 2486 2322 enim
2517 2278 2620 2321 ve-

122 2353 193 2414 lut
220 2357 501 2421 divinum
530 2360 901 2423 adhibentes
934 2378 1082 2423 eum
1126 2361 1207 2421 ab
1248 2360 1570 2439 Apostolis
1618 2378 1741 2421 una
1787 2376 1937 2421 cum
1976 2359 2241 2436 reliquis
2276 2357 2620 2435 Scripturis

27 2492 30 2545 i
122 2451 403 2517 Ecclesiae
444 2456 749 2518 traditum
787 2474 923 2519 esse
959 2456 1409 2518 demonstrant.
1448 2458 1846 2535 Quapropter
1873 2456 1982 2516 illa
2007 2472 2291 2532 quoque,
2325 2470 2485 2531 quae
2540 2452 2618 2513 de

29 2628 31 2631 y
118 2550 319 2626 angelis
344 2552 513 2613 liber
535 2552 763 2613 Tobiae
784 2554 995 2625 docet,
1011 2555 1185 2614 velut
1209 2552 1456 2614 divinae
1487 2552 1900 2614 revelationes
1925 2552 2309 2628 recipiantur
2335 2554 2617 2628 oportet;

118 2660 172 2701 ea
190 2652 389 2709 autem
422 2666 501 2709 ex
526 2650 846 2711 Parsisrno
875 2650 1174 2727 derivari,
1205 2650 1554 2711 absurdum
1581 2654 1678 2709 est
1718 2652 2170 2709 commentum.

168 2758 407 2826 Quanto
392 2778 455 2817 m
480 2762 697 2819 honore
724 2763 870 2835 apud
898 2764 1175 2837 antiquos
1204 2762 1439 2819 ludaeos
1464 2762 1605 2819 liber
1627 2761 1835 2818 Tobiae
1857 2758 2052 2831 fuerit,
2083 2768 2303 2831 praeter
2331 2758 2469 2815 duas
2506 2759 2622 2815 eius

117 2848 360 2906 versiones
406 2848 695 2907 hebraicas
738 2852 977 2907 maxime
1022 2850 1189 2907 docet
1225 2850 1546 2907 chaldaicus
1585 2858 1797 2918 textus,
1837 2849 1934 2921 qui
1978 2848 2036 2905 S.
2075 2846 2404 2921 Hieronymi
2441 2854 2620 2901 aetate

116 2930 199 2987 iam
218 2936 449 2994 usitatus
474 2946 663 3009 postea
690 2939 747 2994 in
776 2939 1233 2997 commentarium
1254 2939 1600 2995 rabbinicum
1625 2944 1710 2994 eet
1735 2944 2016 3008 receptus;
2044 2935 2115 2991 ab
2138 2933 2506 2991 alexandrinis
2527 2950 2622 2989 au-

114 3026 202 3075 tem
224 3024 442 3083 Iudaeis
464 3041 661 3098 graeca
688 3026 807 3083 eius
829 3026 1007 3083 νει-εἰσ
1035 3026 1217 3083 media
1239 3027 1383 3083 inter
1406 3026 1544 3084 alias
1569 3027 1880 3096 Scripturas
1905 3022 2116 3081 divinas
2141 3023 2330 3079 locum
2357 3021 2614 3079 obtinuit.

118 3107 257 3165 Porro
297 3129 411 3186 quo
452 3113 513 3169 in
547 3114 673 3169 loco
708 3129 839 3171 eum
880 3114 1173 3171 habuerint
1206 3117 1399 3171 Patres
1436 3113 1754 3184 apostolici,
1783 3113 1963 3169 elucet
1991 3127 2058 3167 ex
2085 3114 2146 3168 S.
2176 3110 2500 3183 polycarpi
2529 3108 2621 3177 (ad

116 3194 315 3269 Philipp.
359 3207 433 3257 ιο
458 3199 543 3257 cfr
576 3202 715 3257 Τοῦ.
753 3208 911 3269 4,1o;
947 3207 1089 3271 12‚9)
1127 3212 1183 3258 et
1208 3203 1267 3258 s.
1303 3194 1812 3257 Clementis'nom.
1845 3200 1896 3271 (2
1921 3200 2050 3257 cor.
2087 3205 2152 3255 ιο
2179 3197 2263 3255 cfr
2299 3199 2436 3254 Τοῦ.
2468 3204 2614 3267 12,8.

115 3286 162 3345 9;
185 3282 247 3341 dc
270 3289 429 3357 Virg.
464 3295 592 3357 1,10
618 3289 702 3345 cfr
730 3290 865 3346 Tob.
894 3294 1043 3360 -t,14)
1074 3289 1417 3347 testimoniis.
1450 3291 1696 3345 Exeunte
1719 3302 1866 3345 saec.
1895 3293 1951 3344 2.
1981 3287 2039 3343 in
2065 3288 2291 3343 Oriente
2320 3288 2518 3343 velut«
2541 3284 2621 3341 di-

116 3368 213 3426 vina
238 3375 519 3455 Scriptura
548 3397 575 3429 n
606 3376 875 3449 allegatur
894 3394 931 3435 a
958 3379 1251 3435 Clemente
1275 3378 1447 3433 Alex.
1482 3378 1708 3448 (Strom.
1739 3378 1789 3432 1.
1817 3381 1916 3445 213
1951 3376 2025 3430 11.
2055 3380 2154 3443 233
2184 3375 2282 3431 v1.
2317 3378 2424 3442 12),
2457 3389 2620 3445 quem

116 3462 255 3516 secuti
274 3472 407 3520 sunt
431 3466 707 3535 Origenes
727 3464 815 3536 (de
838 3466 996 3523 Orat.
1024 3471 1111 3523 11.
1144 3470 1230 3521 14.
1262 3471 1325 3523 31
1359 3470 1509 3533 etc.),
1540 3467 1600 3521 S.
1631 3462 1999 3519 Athanasius
2027 3464 2104 3519 H.
2138 3461 2320 3534 (Apol.
2346 3478 2398 3518 c.
2427 3462 2615 3519 Arian.

120 3550 363 3621 llepol.
391 3549 466 3607 ad
483 3552 671 3609 Const.
706 3560 770 3609 17
790 3556 919 3620 etc.)
946 3554 1299 3625 iunioresque
1328 3568 1542 3608 omnes,
1569 3553 1634 3607 ln
1661 3550 1962 3607 Occidente
1989 3566 2131 3605 saec.
2161 3558 2214 3607 3.
2243 3550 2469 3606 ineunte
2491 3566 2619 3607 eum

114 3633 277 3693 eadem
311 3637 529 3695 ratione
562 3640 764 3713 allegat
788 3644 847 3697 S.
882 3641 1223 3713 Cyprianus
1260 3638 1351 3708 (de
1386 3640 1607 3695 Mortal.
1653 3645 1748 3707 1ος
1796 3637 1866 3695 de
1893 3638 2102 3695 Eleem.
2141 3643 2303 3708 5,20;
2349 3636 2420 3693 de
2463 3639 2618 3693 Bono

116 3730 207 3789 Dat.
248 3732 337 3795 18;
368 3742 421 3783 e.
453 3726 575 3783 Iud.
614 3728 660 3783 Ι.
690 3729 922 3797 203111.
956 3735 1008 3784 1.
1051 3733 1120 3783 62
1162 3727 1322 3799 ete.),
1352 3742 1519 3800 quem
1562 3726 1738 3783 secuti
1777 3734 1908 3783 sunt
1945 3726 2004 3783 S.
2033 3725 2314 3782 Hilarius
2351 3725 2502 3781 Pict.
2541 3726 2618 3790 (in

118 3818 187 3872 Ps.
212 3826 393 3891 129‚⁷;
421 3830 525 3881 118
552 3830 591 3881 2
620 3830 655 3880 6
676 3825 805 3897 etc.)
831 3832 885 3881 et
911 3824 1128 3897 reliqui.
1158 3824 1415 3880 Ceterum
1434 3822 1664 3879 saeculis
1683 3822 1874 3894 primis
1896 3830 2015 3879 tam
2040 3822 2296 3895 vulgatus
2320 3828 2440 3878 erat
2463 3819 2618 3875 libel-

118 3904 185 3959 lm
205 3910 403 3968 Tobiae
432 3913 577 3968 inter
604 3912 969 3981 Christianos,
1000 3920 1067 3967 ut
1100 3912 1160 3967 iu
1188 3910 1489 3985 hypogaeis
1527 3911 1761 3982 aliisque
1796 3911 2170 3966 monumentis
2204 3911 2386 3981 imago
2412 3906 2617 3963 Tobiae

114 3993 172 4047 Sit
192 4012 291 4053 una
326 4016 396 4056 ex
424 3998 905 4073 frequentioribus.

170 4084 359 4143 Contra
395 4087 567 4143 libelli
604 4085 947 4143 divinitatem
979 4086 1233 4144 obiicitur
1269 4086 1523 4159 quidem,
1563 4087 1820 4158 angelum
1855 4087 2152 4143 mentitum
2183 4100 2331 4153 esse,
2363 4098 2535 4156 quum
2557 4100 2616 4139 se

119 4189 139 4217 ε
164 4175 423 4241 Azariam,
452 4174 704 4231 Ananiae
730 4174 913 4249 magni
941 4174 1117 4231 tilium
1142 4191 1210 4230 ex
1235 4174 1363 4230 filiis
1391 4176 1560 4229 Israel
1593 4195 1617 4225 υ
1651 4172 1874 4230 diceret.
1902 4179 1976 4229 At
1991 4173 2238 4245 angelus,
2260 4172 2355 4244 qui
2378 4170 2616 4243 speciem

117 4268 372 4317 externam
396 4262 499 4319 viri
526 4262 759 4319 alicuius
784 4270 1119 4320 assumserat
1139 4277 1379 4336 eumque
1400 4262 1852 4332 repraesentavit,
1882 4262 2000 4317 eius
2024 4275 2246 4332 quoque
2267 4261 2492 4315 nomina
2515 4258 2618 4314 sibi

114 4348 387 4406 attribuere
421 4351 619 4422 potuit,
654 4348 824 4423 idque
860 4366 929 4407 eo
965 4350 1168 4422 magiS,
1201 4365 1311 4421 quo
1348 4350 1530 4421 aptius
1567 4364 1760 4405 eorum
1789 4348 2112 4421 significatio
2149 4347 2231 4403 illi
2260 4345 2618 4404 conveniebat

121 4446 355 4515 azarias,
386 4453 583 4540 Ἱῖᾞιζ,
621 4466 647 4499 α
670 4448 933 4504 auxilium
958 4447 1185 4507 Domini
1212 4467 1261 4515 n,
1286 4444 1716 4516 filiusAnaniae,
1748 4452 1848 4531 HJ:
1853 4452 1942 4525 ἒξ,
1982 4466 2006 4499 ι
2027 4444 2289 4501 bonitatis
2307 4444 2567 4501 divinae»
2541 4448 2613 4513 »).

172 4550 416 4609 Parsismi
452 4530 761 4622 accusatio,
808 4568 951 4625 quae
1000 4560 1193 4613 contra
1234 4550 1361 4607 libri
1410 4551 1588 4607 nostri
1637 4516 2040 4624 angelologiam
2089 4548 2384 4623 profertur,
2441 4551 2618 4605 unico

117 4636 266 4693 aerbo
290 4640 499 4699 nititur.
532 4640 781 4712 Raphacl
817 4656 877 4697 se
910 4637 1046 4697 dicit
1077 4660 1103 4692 α
1134 4652 1305 4699 ιιιιιιιιι
1332 4654 1399 4695 ex
1428 4646 1676 4711 septem,
1709 4638 1806 4711 qui
1833 4637 2058 4696 adstant
2093 4646 2222 4695 ante
2257 4636 2556 4695 Dominum
2581 4656 2610 4691 ι
