3050 5184
357 308 477 368 284
578 327 652 370 DE
696 328 828 371 vm.
876 328 1129 373 'rx-:sum
1178 330 1371 375 mnms
1407 330 1748 375 msToRICIS.
1792 348 1872 359 -
1911 330 2043 377 cAP.
2089 331 2149 375 X.
2195 330 2271 376 DE
2312 330 2486 375 Lmno
2529 331 2778 375 Esrnnn-

406 458 495 516 ’3.
525 491 601 501 -
629 459 815 519 Liber
844 459 1087 536 Esther,
1124 461 1177 521 si
1209 461 1456 540 integer
1476 480 1626 523 cum
1657 464 1954 524 omnibus
1980 464 2112 525 suis
2137 463 2582 525 additamentis
2605 462 2874 523 conside-

356 558 547 628 ratur,
577 572 652 616 eo
680 556 952 617 maxime
980 557 1216 630 tendit,
1245 563 1315 619 ut
1341 560 1566 620 doceat
1585 562 1785 620 Deum
1815 558 1985 619 fideli
2016 576 2134 621 suo
2152 560 2388 638 populo
2416 576 2756 636 numquam
2780 558 2875 617 de·

359 649 638 711 futurum
682 669 889 731 neque
937 652 1141 727 illum,
1172 655 1321 715 licet
1362 657 1552 715 rebus
1609 656 1740 716 fere
1782 656 1908 715 iam
1954 655 2396 729 conclamatis,
2445 656 2702 715 interire
2749 671 2874 733 per-

360 746 733 820 missurum,
766 749 1112 811 dummodo
1140 750 1220 811 ad
1248 752 1457 828 ipsum
1486 751 1858 831 confugerit.
1891 753 2100 822 Quem
2115 753 2309 811 finem
2332 752 2466 829 ipse
2499 757 2716 812 auctor
2742 750 2879 809 satis

358 841 524 903 clare
552 844 617 903 in
648 845 899 923 epilogo
928 846 1139 907 innuit
1162 846 1389 925 (10,12.
1417 848 1542 926 13).

428 955 683 1027 Plerique
708 957 1037 1029 interpretes
1072 960 1255 1015 solum
1294 958 1620 1017 hebraicum
1658 962 1868 1018 librum
1913 962 2268 1033 respicientes
2309 970 2595 1018 auctorem
2622 960 2882 1025 originem

357 1050 413 1097 et
439 1058 661 1098 causam
692 1044 813 1100 l'esti
842 1046 1030 1101 Purim
1072 1046 1347 1119 explicare
1395 1050 1632 1104 voluisse
1674 1058 1953 1117 statuunt,
1992 1048 2161 1121 idque
2206 1048 2339 1105 satis
2384 1056 2538 1119 apte,
2585 1048 2716 1119 quia
2757 1046 2884 1101 alius

359 1130 512 1197 finis,
536 1131 582 1185 si
610 1131 983 1189 additamenta
1011 1134 1382 1208 negliguntur,
1415 1134 1639 1192 difficile
1667 1135 1976 1211 detegetur.
2010 1136 2434 1208 Quamprimum
2465 1144 2652 1191 autem
2680 1132 2884 1189 addita-

360 1226 544 1271 menta
584 1218 919 1291 inseruntur,
950 1222 1137 1277 statim
1175 1230 1403 1294 apparet
1437 1224 1691 1295 specialis
1717 1224 1815 1280 illa
1847 1222 2216 1296 providentia,
2245 1238 2354 1296 qua
2382 1226 2538 1279 Deus
2561 1222 2768 1294 populo
2794 1236 2886 1276 suc

360 1320 576 1375 semper
596 1306 915 1380 invigilavit,
942 1325 1123 1381 neque
1158 1318 1242 1366 est
1271 1309 1659 1379 dubitandum,
1686 1312 1821 1384 quin
1845 1321 2041 1368 auctor
2068 1320 2256 1368 noster
2283 1310 2480 1367 eadem
2517 1308 2634 1367 fere
2663 1309 2883 1369 ratione,

362 1407 470 1463 qua
492 1402 686 1449 auctor
713 1394 753 1450 1.
780 1394 983 1463 Iudith,
1018 1411 1143 1453 eam
1170 1399 1410 1453 maxime
1440 1398 1674 1454 voluerit
1695 1397 1976 1456 celebrare
2001 1408 2168 1471 atque
2199 1398 2497 1455 lectoribus
2521 1397 2638 1453 suis
2663 1396 2734 1453 ob
2761 1412 2887 1451 ocu-

361 1479 446 1534 los
473 1495 698 1551 ponere.
730 1484 922 1555 Neque
960 1482 1207 1555 profecto
1248 1484 1454 1542 mirum
1482 1494 1598 1555 est,
1641 1484 1792 1557 quod
1819 1489 1972 1543 Deus
2005 1486 2272 1555 IudaeoS,
2316 1486 2408 1559 qui
2453 1483 2583 1541 inde
2626 1484 2698 1541 ab
2725 1482 2888 1539 exsilii

360 1565 669 1639 babylonici
691 1569 847 1626 initio
869 1586 1087 1641 semper
1109 1572 1212 1628 sub
1237 1571 1584 1629 ethnicarum
1611 1574 1862 1645 gentium
1881 1572 2010 1647 iugo
2034 1572 2336 1647 degebant,
2365 1572 2583 1629 duobus
2606 1572 2726 1627 istis
2746 1570 2890 1626 libris

360 1656 633 1711 consolari
669 1658 905 1713 voluerit
926 1666 1093 1731 atque
1118 1658 1427 1729 exhortari,
1466 1668 1530 1716 ut
1556 1661 1911 1732 pristinarum
1941 1662 2370 1733 promissionum
2395 1661 2580 1732 ipsum
2603 1662 2888 1716 immemo-

360 1756 483 1798 rem
506 1758 620 1799 non
646 1758 767 1800 esse
796 1746 998 1801 certius
1020 1756 1417 1820 cognoscentes
1445 1748 1652 1821 Legem
1681 1758 1966 1820 acceptam
1993 1747 2213 1805 fidelius
2236 1747 2614 1805 observarent.

783 1968 819 2051 ἓ
848 1974 957 2035 39.
988 2004 1079 2018 -
1105 1971 1201 2036 De
1232 1968 1391 2035 libri
1416 1970 1658 2037 Esther.
1683 1970 2086 2037 auctoritate
2113 1982 2178 2035 et
2205 1970 2479 2059 orz‘qine.

447 2197 501 2254 i.
534 2226 613 2239 -
640 2194 880 2255 Eodem
918 2196 1137 2269 mode,
1164 2214 1291 2275 quo
1335 2198 1648 2258 librorum
1673 2198 1904 2259 Tobiae
1935 2203 2000 2258 et
2035 2198 2276 2273 Iudith,
2309 2199 2500 2258 etiam
2542 2197 2734 2258 huius
2761 2214 2890 2257 auc-

363 2294 576 2351 toritas
612 2290 897 2352 historica
933 2310 970 2352 a
1006 2292 1225 2355 multis
1258 2294 1650 2373 repudiatum
1685 2298 1751 2354 at
1789 2297 2116 2355 auctorem
2157 2310 2368 2355 veram
2403 2293 2734 2354 historiam
2767 2310 2891 2351 nar-

365 2404 500 2447 rare
526 2388 797 2449 voluisse
828 2392 1017 2467 atque
1046 2406 1327 2451 narrasse
1354 2391 1587 2451 docent
1613 2390 1841 2469 integri
1868 2391 2078 2469 operis
2106 2390 2358 2452 indoles
2398 2408 2544 2451 vere
2573 2389 2889 2454 historica,

366 2482 666 2543 continua
693 2483 839 2543 festi
862 2484 1108 2557 Purim,
1141 2485 1317 2546 cuius
1348 2486 1663 2563 originem
1703 2485 2006 2563 explicat,
2040 2484 2414 2555 celebratio,
2447 2501 2660 2545 rerum
2696 2500 2894 2545 narra-

367 2585 569 2640 tarum
624 2597 771 2641 cum
814 2582 1146 2641 Persarum
1190 2582 1485 2653 historia,
1531 2598 1720 2658 quam
1765 2582 2008 2659 profani
2057 2582 2394 2660 scriptores
2420 2581 2706 2652 tradunt,
2754 2598 2891 2641 con-

365 2677 669 2737 sonantia.

434 2790 519 2844 De
548 2788 809 2845 historica
836 2790 915 2845 rei
940 2799 1197 2847 narratae
1222 2792 1451 2847 veritate
1475 2806 1654 2861 usque
1682 2791 1750 2845 ad
1773 2790 2026 2847 exeuntis
2051 2792 2259 2845 saeculi
2293 2791 2462 2867 tinem
2490 2804 2658 2845 nemo
2686 2789 2890 2845 dubita·

368 2878 470 2945 vit3
494 2877 705 2949 primus
730 2879 969 2944 semler,
1004 2876 1362 2934 rationalismi
1391 2877 1576 2934 biblici
1605 2892 1836 2949 parens,
1870 2897 1895 2929 ι
1923 2876 2222 2933 confictam
2249 2892 2370 2933 esse
2398 2877 2714 2933 universam
2743 2892 2894 2948 para-

368 2964 578 3031 bolam,
622 2964 799 3020 fastus
835 2973 893 3020 et
938 2965 1282 3038 arrogantiae
1318 2964 1656 3021 Iudaeorum
1694 2964 2186 3037 locupletissimum
2233 2964 2614 3021 testimonium
2655 2986 2680 3015 n
2729 2965 2896 3035 impu-

367 3052 561 3107 denter
604 3054 879 3120 asseruit,
898 3067 1163 3125 sequaces
1207 3062 1394 3108 autem
1434 3052 1626 3109 habuit
1669 3068 1862 3108 omnes
1906 3052 2302 3119 rationalistaS,
2354 3053 2448 3123 qui
2487 3048 2897 3107 difficultatibus

370 3140 640 3195 historicis
674 3141 899 3211 plenum
928 3156 1047 3196 esse
1074 3156 1213 3211 opus
1236 3148 1293 3196 et
1318 3140 1583 3195 continuo
1610 3149 1804 3195 contra
1847 3139 2087 3210 persicos
2133 3153 2318 3195 mores
2357 3154 2586 3210 peccare
2615 3138 2892 3194 dictitant.

367 3225 869 3283 contradicentibus
914 3228 1103 3299 utique
1148 3228 1271 3285 aliis
1317 3227 1720 3298 protestanticis
1765 3225 2186 3298 interpretibus,
2233 3226 2328 3298 qui
2377 3225 2670 3282 hebraicae
2713 3226 2894 3283 saltem

369 3314 703 3369 recensionis
726 3312 1102 3370 characterem
1130 3314 1455 3370 historicum
1484 3312 1812 3369 defendunt.

440 3402 562 3456 Iam
580 3416 710 3456 vero
740 3401 863 3458 libri
889 3400 1089 3458 Esther
1112 3401 1359 3458 indolem
1387 3416 1516 3457 vere
1544 3416 1663 3457 esse
1689 3401 2006 3457 historicam
2033 3408 2149 3455 tam
2171 3402 2384 3457 clarum
2413 3409 2498 3457 est
2521 3444 2536 3469 ,
2569 3409 2634 3456 ut
2659 3417 2758 3472 per
2783 3402 2896 3472 plus

369 3487 479 3544 duo
502 3488 673 3545 millia
692 3504 963 3545 annorum
980 3505 1147 3546 nemo
1167 3505 1295 3545 eum
1320 3490 1508 3561 legens
1526 3504 1587 3544 se
1612 3486 1858 3544 fabulam
1875 3502 2263 3544 romanensem
2283 3488 2466 3560 legere
2489 3489 2560 3545 sit
2577 3488 2893 3560 suspicatus

370 3576 509 3631 mira
532 3576 679 3631 enim
704 3576 1053 3647 simplicitate
1078 3576 1331 3649 splendet
1357 3576 1601 3633 narratio
1617 3618 1632 3644 ,
1667 3584 1833 3647 atque
1860 3576 2268 3632 accuratissima
2293 3584 2376 3631 est
2400 3576 2569 3632 etiam
2595 3578 2654 3632 in
2681 3574 2896 3631 minori-

369 3666 473 3719 bus
521 3662 685 3719 rebus
731 3663 1053 3721 referendis,
1106 3666 1299 3737 Neque
1348 3664 1500 3719 enim
1536 3661 1825 3720 arbitrarie
1867 3662 2106 3719 conficta
2148 3662 2334 3720 dicere
2380 3664 2508 3720 licet
2560 3672 2648 3719 tot
2685 3663 2896 3719 nomina

370 3766 731 3823 personarum
764 3754 929 3821 (mc.
961 3758 1045 3809 11.
1080 3758 1180 3819 14;
1204 3758 1316 3821 2‚8.
1351 3756 1434 3807 14.
1456 3757 1557 3819 213
1588 3756 1745 3819 5‚10;
1773 3756 1864 3818 9,7
1889 3750 2040 3822 etc.)‚
2068 3759 2166 3807 aut
2191 3759 2277 3807 tot
2313 3752 2579 3824 temporis
2615 3749 2896 3807 indicatio-

370 3856 471 3895 nes
492 3840 631 3909 (1‚3;
660 3843 819 3908 2163
848 3844 959 3910 3,7.
994 3846 1088 3909 13;
1112 3847 1239 3908 8,ιῖ
1264 3840 1429 3909 etc.);
1452 3854 1558 3893 nec
1577 3837 1985 3894 fraudulentam
2009 3838 2252 3895 auctoris
2271 3838 2342 3895 ad
2368 3839 2596 3895 annales
2621 3837 2896 3895 Medorum

372 3936 429 3983 et
454 3929 749 3983 Persarum
769 3928 1217 3999 provocationem
1249 3928 1437 3997 (10‚2)‚
1472 3934 1570 3981 aut
1595 3924 1664 3979 ad
1690 3926 2094 3981 institutionem
2129 3926 2250 3982 l'esti
2277 3926 2499 3997 Purim,
2525 3925 2732 3998 quippe
2761 3922 2894 3997 quod

371 4016 483 4071 iam
507 4029 651 4070 saec.
684 4021 738 4070 2.
768 4030 821 4070 a.
853 4013 986 4071 Chr.
1018 4016 1243 4071 nomine
1276 4034 1301 4065 α
1330 4011 1688 4069 Mardochaei
1719 4012 1836 4068 dies
1867 4034 1892 4064 υ
1926 4015 1998 4069 sit
2023 4014 2366 4084 appellatum
2401 4016 2454 4083 (2
2483 4014 2677 4069 Maeli.
2705 4014 2891 4079 15,37).

440 4102 591 4157 Olim
616 4101 839 4174 quidem
866 4102 1179 4158 dubitatum
1198 4110 1309 4168 est,
1336 4100 1461 4171 quis
1479 4109 1624 4155 esset
1645 4103 1945 4170 Assuerus,
1973 4116 2086 4173 quo
2107 4109 2376 4174 regnante
2387 4100 2589 4157 Esther
2607 4100 2836 4157 Iudaeos
2859 4112 2886 4151 a

374 4194 664 4246 Persarum
693 4190 1069 4261 persecutione
1096 4198 1239 4245 esset
1262 4188 1431 4256 tuita;
1462 4196 1520 4243 at
1543 4186 1709 4243 hodie
1736 4204 1959 4259 omnes,
1990 4188 2086 4259 qui
2111 4188 2432 4245 historicam
2455 4186 2580 4245 libri
2601 4186 2887 4245 auctorita-

372 4288 486 4334 tem
522 4276 849 4346 admittunt,
879 4280 1127 4333 Xerxem
1154 4272 1577 4347 intelligendum
1619 4290 1738 4331 esse
1785 4284 1995 4332 tenent.
2025 4278 2167 4332 Nam
2214 4284 2525 4333 consonant
2549 4275 2801 4343 nomina,
2825 4272 2890 4326 si·

375 4372 599 4444 quidem
644 4372 1147 4429 Achaschverosch
1170 4362 1464 4429 ιύΊἾΊῐύΠκ
1490 4370 1680 4427 demto
1725 4372 1904 4443 Aleph
1955 4372 2291 4443 prostheticc
2337 4381 2394 4429 et
2435 4371 2888 4429 Massorethartun

375 4459 653 4515 vocalibus
672 4461 937 4531 neglectis
962 4468 1219 4515 accurate
1248 4456 1546 4530 respondet
1573 4459 1784 4529 persico
1811 4459 2299 4531 Clisay-ctrsclaed5
2326 4468 2596 4517 consonat
2620 4459 2891 4527 utriusque

375 4546 681 4615 character,
710 4545 981 4616 siquidem
1009 4547 1069 4601 in
1090 4556 1328 4617 utroque
1352 4545 1550 4601 eadem
1577 4546 1634 4601 in
1662 4544 1876 4618 agendo
1907 4545 2270 4603 inconstantia
2294 4555 2351 4603 et
2381 4545 2656 4605 dementia
2671 4589 2686 4614 ,
2712 4552 2774 4601 ut
2799 4543 2890 4599 ho·-

377 4630 511 4685 mini
538 4631 745 4701 deliro,
769 4647 935 4702 quam
964 4648 1123 4699 sano,
1150 4641 1381 4704 uterque
1408 4632 1688 4689 interdum
1717 4632 1786 4688 sit
1814 4633 2066 4702 similior,
2093 4634 2290 4691 eadem
2318 4634 2617 4691 crudelitas
2635 4632 2890 4689 ulciscen-
