<?xml version="1.0" encoding="UTF-8"?>
<!DOCTYPE html PUBLIC "-//W3C//DTD XHTML 1.0 Transitional//EN"
    "http://www.w3.org/TR/xhtml1/DTD/xhtml1-transitional.dtd">
<html xmlns="http://www.w3.org/1999/xhtml" xml:lang="en" lang="en">
 <head>
  <title>
</title>
<meta http-equiv="Content-Type" content="text/html;charset=utf-8" />
  <meta name='ocr-system' content='tesseract 3.04.00' />
  <meta name='ocr-capabilities' content='ocr_page ocr_carea ocr_par ocr_line ocrx_word'/>
</head>
<body>
  <div class='ocr_page' id='page_1' title='image "./historicaeetcri00corngoog_0444.png"; bbox 0 0 3050 5184; ppageno 0'>
   <div class='ocr_carea' id='block_1_1' title="bbox 482 250 2923 315">
    <p class='ocr_par' dir='ltr' id='par_1_1' title="bbox 482 250 2923 315">
     <span class='ocr_line' id='line_1_1' title="bbox 482 250 2923 315; baseline -0.001 -8"><span class='ocrx_word' id='word_1_1' title='bbox 482 250 599 308; x_wconf 73' lang='grc'><strong>434</strong></span> <span class='ocrx_word' id='word_1_2' title='bbox 625 266 699 309; x_wconf 84' lang='lat' dir='ltr'><strong>DE</strong></span> <span class='ocrx_word' id='word_1_3' title='bbox 730 266 866 309; x_wconf 79' lang='lat' dir='ltr'><strong>vE&#39;r.</strong></span> <span class='ocrx_word' id='word_1_4' title='bbox 904 265 1157 311; x_wconf 63' lang='lat' dir='ltr'><strong>TESTAU.</strong></span> <span class='ocrx_word' id='word_1_5' title='bbox 1188 264 1375 308; x_wconf 78' lang='lat' dir='ltr'><strong>Limus</strong></span> <span class='ocrx_word' id='word_1_6' title='bbox 1400 262 1806 307; x_wconf 70' lang='lat' dir='ltr'><strong>PROPHETIOES.</strong></span> <span class='ocrx_word' id='word_1_7' title='bbox 1827 280 1908 291; x_wconf 88' lang='lat'><strong>--</strong></span> <span class='ocrx_word' id='word_1_8' title='bbox 1935 266 2063 309; x_wconf 75' lang='lat' dir='ltr'><strong>cAP.</strong></span> <span class='ocrx_word' id='word_1_9' title='bbox 2093 269 2180 311; x_wconf 87' lang='lat' dir='ltr'><strong>v1.</strong></span> <span class='ocrx_word' id='word_1_10' title='bbox 2211 270 2286 315; x_wconf 79' lang='lat' dir='ltr'><strong>DE</strong></span> <span class='ocrx_word' id='word_1_11' title='bbox 2313 270 2635 315; x_wconf 70' lang='lat' dir='ltr'><strong>Pnopmtns</strong></span> <span class='ocrx_word' id='word_1_12' title='bbox 2657 266 2923 313; x_wconf 60' lang='lat' dir='ltr'><strong>umor-Inus.</strong></span> 
     </span>
    </p>
   </div>
   <div class='ocr_carea' id='block_1_2' title="bbox 480 395 2930 559">
    <p class='ocr_par' dir='ltr' id='par_1_2' title="bbox 480 395 2930 559">
     <span class='ocr_line' id='line_1_2' title="bbox 480 395 2930 469; baseline -0 -18"><span class='ocrx_word' id='word_1_13' title='bbox 480 407 596 452; x_wconf 83' lang='lat' dir='ltr'><strong>stca</strong></span> <span class='ocrx_word' id='word_1_14' title='bbox 624 406 811 453; x_wconf 89' lang='lat' dir='ltr'><strong>autem</strong></span> <span class='ocrx_word' id='word_1_15' title='bbox 836 397 906 454; x_wconf 87' lang='lat' dir='ltr'><strong>de</strong></span> <span class='ocrx_word' id='word_1_16' title='bbox 934 397 1203 466; x_wconf 83' lang='lat' dir='ltr'><strong>hederae,</strong></span> <span class='ocrx_word' id='word_1_17' title='bbox 1245 396 1401 451; x_wconf 88' lang='lat' dir='ltr'><strong>cuius</strong></span> <span class='ocrx_word' id='word_1_18' title='bbox 1428 395 1627 451; x_wconf 87' lang='lat' dir='ltr'><strong>umbra</strong></span> <span class='ocrx_word' id='word_1_19' title='bbox 1659 396 2070 469; x_wconf 83' lang='lat' dir='ltr'><strong>protegebatur,</strong></span> <span class='ocrx_word' id='word_1_20' title='bbox 2104 400 2284 457; x_wconf 90' lang='lat' dir='ltr'><strong>subito</strong></span> <span class='ocrx_word' id='word_1_21' title='bbox 2312 402 2540 459; x_wconf 89' lang='lat' dir='ltr'><strong>interitu</strong></span> <span class='ocrx_word' id='word_1_22' title='bbox 2561 403 2742 457; x_wconf 87' lang='lat' dir='ltr'><strong>iterum</strong></span> <span class='ocrx_word' id='word_1_23' title='bbox 2763 412 2930 453; x_wconf 81' lang='lat' dir='ltr'><strong>exacer-</strong></span> 
     </span>
     <span class='ocr_line' id='line_1_3' title="bbox 480 483 2862 559; baseline -0 -19"><span class='ocrx_word' id='word_1_24' title='bbox 480 484 641 541; x_wconf 82' lang='lat' dir='ltr'><strong>batus</strong></span> <span class='ocrx_word' id='word_1_25' title='bbox 666 487 886 559; x_wconf 82' lang='lat' dir='ltr'><strong>gravius</strong></span> <span class='ocrx_word' id='word_1_26' title='bbox 911 486 1225 558; x_wconf 86' lang='lat' dir='ltr'><strong>increpatus</strong></span> <span class='ocrx_word' id='word_1_27' title='bbox 1254 492 1309 539; x_wconf 90' lang='lat' dir='ltr'><strong>et</strong></span> <span class='ocrx_word' id='word_1_28' title='bbox 1336 492 1542 555; x_wconf 89' lang='lat' dir='ltr'><strong>quanta</strong></span> <span class='ocrx_word' id='word_1_29' title='bbox 1571 484 1644 538; x_wconf 89' lang='lat' dir='ltr'><strong>sit</strong></span> <span class='ocrx_word' id='word_1_30' title='bbox 1669 483 1851 540; x_wconf 88' lang='lat' dir='ltr'><strong>divina</strong></span> <span class='ocrx_word' id='word_1_31' title='bbox 1883 486 2264 544; x_wconf 83' lang='lat' dir='ltr'><strong>misericordia</strong></span> <span class='ocrx_word' id='word_1_32' title='bbox 2293 490 2522 545; x_wconf 81' lang='lat' dir='ltr'><strong>edoctus</strong></span> <span class='ocrx_word' id='word_1_33' title='bbox 2544 497 2626 546; x_wconf 88' lang='lat' dir='ltr'><strong>est</strong></span> <span class='ocrx_word' id='word_1_34' title='bbox 2653 490 2862 558; x_wconf 60' lang='grc' dir='ltr'><strong>(εἰη-11).</strong></span> 
     </span>
    </p>
   </div>
   <div class='ocr_carea' id='block_1_3' title="bbox 477 634 2936 906">
    <p class='ocr_par' dir='ltr' id='par_1_3' title="bbox 477 634 2936 906">
     <span class='ocr_line' id='line_1_4' title="bbox 558 634 2935 717; baseline -0.001 -22"><span class='ocrx_word' id='word_1_35' title='bbox 558 639 617 695; x_wconf 78' lang='lat'><strong>2.</strong></span> <span class='ocrx_word' id='word_1_36' title='bbox 648 670 729 680; x_wconf 90' lang='grc'><strong>--</strong></span> <span class='ocrx_word' id='word_1_37' title='bbox 766 637 972 707; x_wconf 81' lang='lat' dir='ltr'><strong>Ionas,</strong></span> <span class='ocrx_word' id='word_1_38' title='bbox 1004 636 1170 713; x_wconf 72' lang='lat' dir='ltr'><strong>filius</strong></span> <span class='ocrx_word' id='word_1_39' title='bbox 1200 634 1475 705; x_wconf 74' lang='lat' dir='ltr'><strong>Amathi,</strong></span> <span class='ocrx_word' id='word_1_40' title='bbox 1521 634 1828 712; x_wconf 89' lang='lat' dir='ltr'><strong>propheta</strong></span> <span class='ocrx_word' id='word_1_41' title='bbox 1867 636 1986 695; x_wconf 83' lang='lat' dir='ltr'><strong>fuit</strong></span> <span class='ocrx_word' id='word_1_42' title='bbox 2027 637 2092 697; x_wconf 89' lang='lat' dir='ltr'><strong>in</strong></span> <span class='ocrx_word' id='word_1_43' title='bbox 2131 656 2324 717; x_wconf 85' lang='lat' dir='ltr'><strong>regno</strong></span> <span class='ocrx_word' id='word_1_44' title='bbox 2369 635 2856 717; x_wconf 80' lang='lat' dir='ltr'><strong>septemtrionali,</strong></span> <span class='ocrx_word' id='word_1_45' title='bbox 2885 652 2935 693; x_wconf 74' lang='lat' dir='ltr'><strong>ex</strong></span> 
     </span>
     <span class='ocr_line' id='line_1_5' title="bbox 482 731 2936 810; baseline -0.001 -20"><span class='ocrx_word' id='word_1_46' title='bbox 482 732 650 793; x_wconf 85' lang='lat' dir='ltr'><strong>tribu</strong></span> <span class='ocrx_word' id='word_1_47' title='bbox 676 733 950 793; x_wconf 91' lang='lat' dir='ltr'><strong>Zabulon</strong></span> <span class='ocrx_word' id='word_1_48' title='bbox 978 732 1309 803; x_wconf 78' lang='lat' dir='ltr'><strong>oriunduS,</strong></span> <span class='ocrx_word' id='word_1_49' title='bbox 1345 735 1534 808; x_wconf 83' lang='lat' dir='ltr'><strong>atque</strong></span> <span class='ocrx_word' id='word_1_50' title='bbox 1564 735 1849 807; x_wconf 87' lang='lat' dir='ltr'><strong>tempore</strong></span> <span class='ocrx_word' id='word_1_51' title='bbox 1879 732 2204 793; x_wconf 86' lang='lat' dir='ltr'><strong>Ieroboam</strong></span> <span class='ocrx_word' id='word_1_52' title='bbox 2233 734 2308 795; x_wconf 91' lang='grc' dir='ltr'><strong>ΙΙ.</strong></span> <span class='ocrx_word' id='word_1_53' title='bbox 2339 735 2544 810; x_wconf 64' lang='lat' dir='ltr'><strong>vixit„</strong></span> <span class='ocrx_word' id='word_1_54' title='bbox 2566 736 2730 797; x_wconf 89' lang='lat' dir='ltr'><strong>cuius</strong></span> <span class='ocrx_word' id='word_1_55' title='bbox 2753 731 2936 793; x_wconf 78' lang='lat' dir='ltr'><strong>ultimis</strong></span> 
     </span>
     <span class='ocr_line' id='line_1_6' title="bbox 477 827 2149 906; baseline 0.001 -19"><span class='ocrx_word' id='word_1_56' title='bbox 477 830 685 900; x_wconf 70' lang='lat' dir='ltr'><strong>annis„</strong></span> <span class='ocrx_word' id='word_1_57' title='bbox 714 834 784 889; x_wconf 88' lang='lat' dir='ltr'><strong>ut</strong></span> <span class='ocrx_word' id='word_1_58' title='bbox 809 830 1082 901; x_wconf 83' lang='lat' dir='ltr'><strong>videtur,</strong></span> <span class='ocrx_word' id='word_1_59' title='bbox 1104 829 1171 887; x_wconf 89' lang='lat' dir='ltr'><strong>in</strong></span> <span class='ocrx_word' id='word_1_60' title='bbox 1201 828 1523 906; x_wconf 86' lang='lat' dir='ltr'><strong>Assyriam</strong></span> <span class='ocrx_word' id='word_1_61' title='bbox 1553 844 1590 887; x_wconf 88' lang='lat' dir='ltr'><strong>a</strong></span> <span class='ocrx_word' id='word_1_62' title='bbox 1618 830 1746 887; x_wconf 91' lang='lat' dir='ltr'><strong>Deo</strong></span> <span class='ocrx_word' id='word_1_63' title='bbox 1771 827 2003 889; x_wconf 86' lang='lat' dir='ltr'><strong>missus</strong></span> <span class='ocrx_word' id='word_1_64' title='bbox 2033 836 2149 891; x_wconf 86' lang='lat' dir='ltr'><strong>est.</strong></span> 
     </span>
    </p>
   </div>
   <div class='ocr_carea' id='block_1_4' title="bbox 546 932 2935 1026">
    <p class='ocr_par' dir='ltr' id='par_1_4' title="bbox 546 932 2935 1026">
     <span class='ocr_line' id='line_1_7' title="bbox 546 932 2935 1026; baseline 0.001 -30"><span class='ocrx_word' id='word_1_65' title='bbox 546 942 693 1011; x_wconf 85' lang='lat' dir='ltr'><strong>Quin</strong></span> <span class='ocrx_word' id='word_1_66' title='bbox 734 944 918 997; x_wconf 72' lang='lat' dir='ltr'><strong>Ionas</strong></span> <span class='ocrx_word' id='word_1_67' title='bbox 942 932 1117 1026; x_wconf 60' lang='lat'><strong>(³35³,</strong></span> <span class='ocrx_word' id='word_1_68' title='bbox 1146 940 1457 1007; x_wconf 81' lang='lat' dir='ltr'><strong>columba‚·</strong></span> <span class='ocrx_word' id='word_1_69' title='bbox 1487 938 1695 1008; x_wconf 76' lang='grc' dir='ltr'>Ἰωνᾶς),</span> <span class='ocrx_word' id='word_1_70' title='bbox 1729 938 1893 1003; x_wconf 67' lang='lat' dir='ltr'><strong>filius</strong></span> <span class='ocrx_word' id='word_1_71' title='bbox 1913 942 2187 1007; x_wconf 78' lang='lat' dir='ltr'><strong>Amathi,</strong></span> <span class='ocrx_word' id='word_1_72' title='bbox 2206 942 2275 1000; x_wconf 87' lang='lat' dir='ltr'><strong>de</strong></span> <span class='ocrx_word' id='word_1_73' title='bbox 2299 960 2409 1016; x_wconf 86' lang='lat' dir='ltr'><strong>quo</strong></span> <span class='ocrx_word' id='word_1_74' title='bbox 2429 944 2648 1001; x_wconf 89' lang='lat' dir='ltr'><strong>libellus</strong></span> <span class='ocrx_word' id='word_1_75' title='bbox 2668 951 2831 999; x_wconf 83' lang='lat' dir='ltr'><strong>noster</strong></span> <span class='ocrx_word' id='word_1_76' title='bbox 2845 940 2935 1011; x_wconf 79' lang='lat' dir='ltr'><strong>agit.</strong></span> 
     </span>
    </p>
   </div>
   <div class='ocr_carea' id='block_1_5' title="bbox 375 1024 2939 1131">
    <p class='ocr_par' dir='ltr' id='par_1_5' title="bbox 375 1024 2939 1131">
     <span class='ocr_line' id='line_1_8' title="bbox 375 1024 2939 1131; baseline 0 -24"><span class='ocrx_word' id='word_1_77' title='bbox 375 1024 383 1033; x_wconf 42' lang='lat'>⁸</span> <span class='ocrx_word' id='word_1_78' title='bbox 480 1053 623 1109; x_wconf 87' lang='lat' dir='ltr'><strong>idem</strong></span> <span class='ocrx_word' id='word_1_79' title='bbox 641 1053 735 1109; x_wconf 89' lang='lat' dir='ltr'><strong>ille</strong></span> <span class='ocrx_word' id='word_1_80' title='bbox 758 1054 830 1109; x_wconf 88' lang='lat' dir='ltr'><strong>sit</strong></span> <span class='ocrx_word' id='word_1_81' title='bbox 852 1072 876 1106; x_wconf 76' lang='grc' dir='ltr'>ι</span> <span class='ocrx_word' id='word_1_82' title='bbox 900 1054 1197 1127; x_wconf 72' lang='lat' dir='ltr'><strong>propheta</strong></span> <span class='ocrx_word' id='word_1_83' title='bbox 1222 1058 1422 1123; x_wconf 71' lang='grc' dir='ltr'><em>Ιοηαε,</em></span> <span class='ocrx_word' id='word_1_84' title='bbox 1444 1053 1610 1125; x_wconf 78' lang='lat' dir='ltr'><strong>filius</strong></span> <span class='ocrx_word' id='word_1_85' title='bbox 1630 1055 1884 1111; x_wconf 64' lang='lat' dir='ltr'><strong>Amatha·</strong></span> <span class='ocrx_word' id='word_1_86' title='bbox 1908 1076 1957 1124; x_wconf 73' lang='grc' dir='ltr'><strong>ιι,</strong></span> <span class='ocrx_word' id='word_1_87' title='bbox 1983 1058 2080 1128; x_wconf 88' lang='lat' dir='ltr'><strong>qui</strong></span> <span class='ocrx_word' id='word_1_88' title='bbox 2100 1057 2428 1115; x_wconf 88' lang='lat' dir='ltr'><strong>Ieroboamo</strong></span> <span class='ocrx_word' id='word_1_89' title='bbox 2455 1061 2528 1116; x_wconf 88' lang='lat'><strong>11.</strong></span> <span class='ocrx_word' id='word_1_90' title='bbox 2552 1058 2829 1131; x_wconf 80' lang='lat' dir='ltr'><strong>praedixit,</strong></span> <span class='ocrx_word' id='word_1_91' title='bbox 2851 1070 2939 1109; x_wconf 85' lang='lat' dir='ltr'><strong>eum</strong></span> 
     </span>
    </p>
   </div>
   <div class='ocr_carea' id='block_1_6' title="bbox 479 1140 2943 1331">
    <p class='ocr_par' dir='ltr' id='par_1_6' title="bbox 479 1140 2943 1331">
     <span class='ocr_line' id='line_1_9' title="bbox 479 1140 2938 1217; baseline 0.003 -23"><span class='ocrx_word' id='word_1_92' title='bbox 479 1140 860 1197; x_wconf 88' lang='lat' dir='ltr'><strong>restituturum</strong></span> <span class='ocrx_word' id='word_1_93' title='bbox 888 1157 1007 1197; x_wconf 90' lang='lat' dir='ltr'><strong>esse</strong></span> <span class='ocrx_word' id='word_1_94' title='bbox 1032 1141 1171 1199; x_wconf 87' lang='lat' dir='ltr'><strong>fines</strong></span> <span class='ocrx_word' id='word_1_95' title='bbox 1194 1143 1349 1215; x_wconf 88' lang='lat' dir='ltr'><strong>regni</strong></span> <span class='ocrx_word' id='word_1_96' title='bbox 1374 1142 1549 1198; x_wconf 87' lang='lat' dir='ltr'><strong>Israel</strong></span> <span class='ocrx_word' id='word_1_97' title='bbox 1577 1147 1630 1210; x_wconf 79' lang='lat'><strong>(4</strong></span> <span class='ocrx_word' id='word_1_98' title='bbox 1663 1146 1790 1212; x_wconf 68' lang='lat' dir='ltr'><strong>Rea.</strong></span> <span class='ocrx_word' id='word_1_99' title='bbox 1821 1144 2024 1217; x_wconf 54' lang='lat'><strong>1435),</strong></span> <span class='ocrx_word' id='word_1_100' title='bbox 2048 1146 2258 1201; x_wconf 89' lang='lat' dir='ltr'><strong>nemini</strong></span> <span class='ocrx_word' id='word_1_101' title='bbox 2285 1155 2368 1201; x_wconf 91' lang='lat' dir='ltr'><strong>est</strong></span> <span class='ocrx_word' id='word_1_102' title='bbox 2397 1145 2646 1203; x_wconf 88' lang='lat' dir='ltr'><strong>dubium.</strong></span> <span class='ocrx_word' id='word_1_103' title='bbox 2681 1146 2740 1201; x_wconf 92' lang='lat' dir='ltr'><strong>ln</strong></span> <span class='ocrx_word' id='word_1_104' title='bbox 2769 1166 2788 1194; x_wconf 77' lang='grc' dir='ltr'>ι</span> <span class='ocrx_word' id='word_1_105' title='bbox 2817 1140 2938 1201; x_wconf 72' lang='grc' dir='ltr'><strong>θεώ,</strong></span> 
     </span>
     <span class='ocr_line' id='line_1_10' title="bbox 479 1229 2943 1331; baseline -0.001 -39"><span class='ocrx_word' id='word_1_106' title='bbox 479 1252 621 1308; x_wconf 86' lang='lat' dir='ltr'><strong>quae</strong></span> <span class='ocrx_word' id='word_1_107' title='bbox 645 1246 729 1293; x_wconf 88' lang='lat' dir='ltr'><strong>est</strong></span> <span class='ocrx_word' id='word_1_108' title='bbox 755 1237 1024 1310; x_wconf 89' lang='lat' dir='ltr'><strong>inOpher</strong></span> <span class='ocrx_word' id='word_1_109' title='bbox 1054 1260 1081 1291; x_wconf 70' lang='grc' dir='ltr'><strong><em>ι</em></strong></span> <span class='ocrx_word' id='word_1_110' title='bbox 1118 1231 1308 1331; x_wconf 57' lang='grc' dir='ltr'><strong>(Ἶξέῃζῐ</strong></span> <span class='ocrx_word' id='word_1_111' title='bbox 1348 1229 1451 1317; x_wconf 58' lang='lat'>1¹³3)</span> <span class='ocrx_word' id='word_1_112' title='bbox 1477 1239 1646 1311; x_wconf 82' lang='lat' dir='ltr'><strong>igitur</strong></span> <span class='ocrx_word' id='word_1_113' title='bbox 1681 1248 1844 1295; x_wconf 89' lang='lat' dir='ltr'><strong>natus</strong></span> <span class='ocrx_word' id='word_1_114' title='bbox 1886 1249 1996 1306; x_wconf 87' lang='lat' dir='ltr'><strong>est,</strong></span> <span class='ocrx_word' id='word_1_115' title='bbox 2053 1240 2416 1313; x_wconf 85' lang='lat' dir='ltr'><strong>Gethhepber</strong></span> <span class='ocrx_word' id='word_1_116' title='bbox 2460 1250 2649 1298; x_wconf 86' lang='lat' dir='ltr'><strong>autem</strong></span> <span class='ocrx_word' id='word_1_117' title='bbox 2692 1240 2757 1295; x_wconf 89' lang='lat' dir='ltr'><strong>ad</strong></span> <span class='ocrx_word' id='word_1_118' title='bbox 2789 1238 2943 1293; x_wconf 86' lang='lat' dir='ltr'><strong>tribum</strong></span> 
     </span>
    </p>
   </div>
   <div class='ocr_carea' id='block_1_7' title="bbox 469 1350 2950 2391">
    <p class='ocr_par' dir='ltr' id='par_1_7' title="bbox 469 1350 2950 2391">
     <span class='ocr_line' id='line_1_11' title="bbox 476 1350 2941 1428; baseline -0.001 -23"><span class='ocrx_word' id='word_1_119' title='bbox 476 1350 725 1407; x_wconf 89' lang='lat' dir='ltr'><strong>Zabulon</strong></span> <span class='ocrx_word' id='word_1_120' title='bbox 752 1352 1013 1423; x_wconf 84' lang='lat' dir='ltr'><strong>pertinuit</strong></span> <span class='ocrx_word' id='word_1_121' title='bbox 1042 1356 1176 1421; x_wconf 86' lang='lat' dir='ltr'><strong>(Ios.</strong></span> <span class='ocrx_word' id='word_1_122' title='bbox 1213 1360 1297 1425; x_wconf 80' lang='grc'><strong>19,</strong></span> <span class='ocrx_word' id='word_1_123' title='bbox 1332 1358 1419 1421; x_wconf 80' lang='grc'><strong>13)</strong></span> <span class='ocrx_word' id='word_1_124' title='bbox 1445 1362 1613 1425; x_wconf 87' lang='lat' dir='ltr'><strong>atque</strong></span> <span class='ocrx_word' id='word_1_125' title='bbox 1637 1361 1778 1409; x_wconf 86' lang='lat' dir='ltr'><strong>teste</strong></span> <span class='ocrx_word' id='word_1_126' title='bbox 1805 1356 1858 1410; x_wconf 91' lang='lat' dir='ltr'><strong>S.</strong></span> <span class='ocrx_word' id='word_1_127' title='bbox 1893 1354 2236 1428; x_wconf 87' lang='lat' dir='ltr'><strong>Hieronymo</strong></span> <span class='ocrx_word' id='word_1_128' title='bbox 2263 1354 2343 1424; x_wconf 86' lang='lat' dir='ltr'><strong>(in</strong></span> <span class='ocrx_word' id='word_1_129' title='bbox 2380 1358 2503 1411; x_wconf 85' lang='lat' dir='ltr'><strong>Ion.</strong></span> <span class='ocrx_word' id='word_1_130' title='bbox 2543 1354 2714 1425; x_wconf 81' lang='lat' dir='ltr'><strong>Ptol.)</strong></span> <span class='ocrx_word' id='word_1_131' title='bbox 2757 1374 2779 1404; x_wconf 74' lang='grc' dir='ltr'>ι</span> <span class='ocrx_word' id='word_1_132' title='bbox 2808 1353 2856 1407; x_wconf 89' lang='lat' dir='ltr'><strong>in</strong></span> <span class='ocrx_word' id='word_1_133' title='bbox 2880 1365 2941 1403; x_wconf 84' lang='lat' dir='ltr'><strong>se·</strong></span> 
     </span>
     <span class='ocr_line' id='line_1_12' title="bbox 476 1438 2944 1514; baseline 0.002 -21"><span class='ocrx_word' id='word_1_134' title='bbox 476 1440 659 1495; x_wconf 89' lang='lat' dir='ltr'><strong>cundo</strong></span> <span class='ocrx_word' id='word_1_135' title='bbox 681 1440 975 1512; x_wconf 85' lang='lat' dir='ltr'><strong>saphorim</strong></span> <span class='ocrx_word' id='word_1_136' title='bbox 996 1442 1291 1513; x_wconf 85' lang='lat' dir='ltr'><strong>(sephoris)</strong></span> <span class='ocrx_word' id='word_1_137' title='bbox 1321 1441 1599 1507; x_wconf 89' lang='lat' dir='ltr'><strong>milliario,</strong></span> <span class='ocrx_word' id='word_1_138' title='bbox 1630 1456 1772 1513; x_wconf 88' lang='lat' dir='ltr'><strong>quae</strong></span> <span class='ocrx_word' id='word_1_139' title='bbox 1801 1440 1967 1497; x_wconf 90' lang='lat' dir='ltr'><strong>hodie</strong></span> <span class='ocrx_word' id='word_1_140' title='bbox 1997 1443 2307 1514; x_wconf 87' lang='lat' dir='ltr'><strong>appellatur</strong></span> <span class='ocrx_word' id='word_1_141' title='bbox 2333 1443 2717 1511; x_wconf 81' lang='lat' dir='ltr'><strong>Diocaesarea,</strong></span> <span class='ocrx_word' id='word_1_142' title='bbox 2745 1438 2944 1497; x_wconf 80' lang='lat' dir='ltr'><strong>euntibus</strong></span> 
     </span>
     <span class='ocr_line' id='line_1_13' title="bbox 475 1526 2942 1601; baseline -0 -19"><span class='ocrx_word' id='word_1_143' title='bbox 475 1526 819 1584; x_wconf 70' lang='lat' dir='ltr'><strong>&#39;tiberiadem</strong></span> <span class='ocrx_word' id='word_1_144' title='bbox 847 1528 997 1585; x_wconf 88' lang='lat' dir='ltr'><strong>haud</strong></span> <span class='ocrx_word' id='word_1_145' title='bbox 1025 1528 1245 1600; x_wconf 88' lang='lat' dir='ltr'><strong>grandis</strong></span> <span class='ocrx_word' id='word_1_146' title='bbox 1272 1538 1355 1585; x_wconf 91' lang='lat' dir='ltr'><strong>est</strong></span> <span class='ocrx_word' id='word_1_147' title='bbox 1382 1528 1612 1598; x_wconf 80' lang='lat' dir='ltr'><strong>viculuS,</strong></span> <span class='ocrx_word' id='word_1_148' title='bbox 1639 1528 1734 1585; x_wconf 90' lang='lat' dir='ltr'><strong>ubi</strong></span> <span class='ocrx_word' id='word_1_149' title='bbox 1762 1536 1818 1585; x_wconf 89' lang='lat' dir='ltr'><strong>et</strong></span> <span class='ocrx_word' id='word_1_150' title='bbox 1839 1530 2156 1601; x_wconf 86' lang='lat' dir='ltr'><strong>sepulcrum</strong></span> <span class='ocrx_word' id='word_1_151' title='bbox 2187 1530 2304 1586; x_wconf 89' lang='lat' dir='ltr'><strong>eius</strong></span> <span class='ocrx_word' id='word_1_152' title='bbox 2324 1530 2639 1587; x_wconf 85' lang='lat' dir='ltr'><strong>ostenditur</strong></span> <span class='ocrx_word' id='word_1_153' title='bbox 2665 1550 2716 1585; x_wconf 68' lang='grc' dir='ltr'><strong>υ.</strong></span> <span class='ocrx_word' id='word_1_154' title='bbox 2743 1529 2942 1584; x_wconf 85' lang='lat' dir='ltr'><strong>Ceterum</strong></span> 
     </span>
     <span class='ocr_line' id='line_1_14' title="bbox 476 1614 2944 1690; baseline -0.002 -19"><span class='ocrx_word' id='word_1_155' title='bbox 476 1616 545 1671; x_wconf 91' lang='lat' dir='ltr'><strong>de</strong></span> <span class='ocrx_word' id='word_1_156' title='bbox 559 1616 861 1688; x_wconf 89' lang='lat' dir='ltr'><strong>prophetae</strong></span> <span class='ocrx_word' id='word_1_157' title='bbox 878 1618 1053 1673; x_wconf 84' lang='lat' dir='ltr'><strong>nostri</strong></span> <span class='ocrx_word' id='word_1_158' title='bbox 1071 1616 1181 1672; x_wconf 85' lang='lat' dir='ltr'><strong>vita</strong></span> <span class='ocrx_word' id='word_1_159' title='bbox 1200 1616 1334 1671; x_wconf 89' lang='lat' dir='ltr'><strong>nihil</strong></span> <span class='ocrx_word' id='word_1_160' title='bbox 1354 1616 1489 1673; x_wconf 86' lang='lat' dir='ltr'><strong>certi</strong></span> <span class='ocrx_word' id='word_1_161' title='bbox 1504 1614 1664 1672; x_wconf 90' lang='lat' dir='ltr'><strong>nobis</strong></span> <span class='ocrx_word' id='word_1_162' title='bbox 1683 1625 1769 1672; x_wconf 90' lang='lat' dir='ltr'><strong>est</strong></span> <span class='ocrx_word' id='word_1_163' title='bbox 1787 1616 2053 1673; x_wconf 89' lang='lat' dir='ltr'><strong>traditum</strong></span> <span class='ocrx_word' id='word_1_164' title='bbox 2069 1626 2288 1689; x_wconf 87' lang='lat' dir='ltr'><strong>praeter</strong></span> <span class='ocrx_word' id='word_1_165' title='bbox 2306 1634 2391 1686; x_wconf 87' lang='lat' dir='ltr'><strong>ea,</strong></span> <span class='ocrx_word' id='word_1_166' title='bbox 2411 1633 2554 1690; x_wconf 85' lang='lat' dir='ltr'><strong>quae</strong></span> <span class='ocrx_word' id='word_1_167' title='bbox 2573 1618 2636 1673; x_wconf 91' lang='lat' dir='ltr'><strong>in</strong></span> <span class='ocrx_word' id='word_1_168' title='bbox 2653 1626 2827 1673; x_wconf 86' lang='lat' dir='ltr'><strong>nostro</strong></span> <span class='ocrx_word' id='word_1_169' title='bbox 2843 1614 2944 1669; x_wconf 86' lang='lat' dir='ltr'><strong>libro</strong></span> 
     </span>
     <span class='ocr_line' id='line_1_15' title="bbox 474 1699 2944 1777; baseline 0 -18"><span class='ocrx_word' id='word_1_170' title='bbox 474 1704 749 1776; x_wconf 87' lang='lat' dir='ltr'><strong>leguntur.</strong></span> <span class='ocrx_word' id='word_1_171' title='bbox 781 1734 853 1744; x_wconf 90' lang='lat'><em>-</em></span> <span class='ocrx_word' id='word_1_172' title='bbox 877 1706 1149 1776; x_wconf 86' lang='lat' dir='ltr'><strong>Tempore</strong></span> <span class='ocrx_word' id='word_1_173' title='bbox 1174 1712 1359 1760; x_wconf 89' lang='lat' dir='ltr'><strong>autem</strong></span> <span class='ocrx_word' id='word_1_174' title='bbox 1388 1703 1698 1760; x_wconf 89' lang='lat' dir='ltr'><strong>leroboami</strong></span> <span class='ocrx_word' id='word_1_175' title='bbox 1726 1706 2102 1773; x_wconf 78' lang='lat'><strong>11.(802·762.)</strong></span> <span class='ocrx_word' id='word_1_176' title='bbox 2127 1713 2243 1762; x_wconf 89' lang='lat' dir='ltr'><strong>tres</strong></span> <span class='ocrx_word' id='word_1_177' title='bbox 2265 1720 2426 1777; x_wconf 82' lang='lat' dir='ltr'><strong>reges</strong></span> <span class='ocrx_word' id='word_1_178' title='bbox 2453 1706 2720 1761; x_wconf 86' lang='lat' dir='ltr'><strong>thronum</strong></span> <span class='ocrx_word' id='word_1_179' title='bbox 2745 1699 2944 1773; x_wconf 76' lang='lat' dir='ltr'><strong>Assyriae</strong></span> 
     </span>
     <span class='ocr_line' id='line_1_16' title="bbox 469 1789 2946 1865; baseline -0.002 -20"><span class='ocrx_word' id='word_1_180' title='bbox 469 1802 832 1863; x_wconf 84' lang='lat' dir='ltr'><strong>occuparunt,</strong></span> <span class='ocrx_word' id='word_1_181' title='bbox 865 1792 1319 1848; x_wconf 89' lang='lat' dir='ltr'><strong>Rammanarirar</strong></span> <span class='ocrx_word' id='word_1_182' title='bbox 1348 1794 1668 1861; x_wconf 64' lang='grc' dir='ltr'>(δια-782.)</span> <span class='ocrx_word' id='word_1_183' title='bbox 1695 1792 1787 1862; x_wconf 90' lang='lat' dir='ltr'><strong>qui</strong></span> <span class='ocrx_word' id='word_1_184' title='bbox 1814 1792 1954 1847; x_wconf 86' lang='lat' dir='ltr'><strong>fines</strong></span> <span class='ocrx_word' id='word_1_185' title='bbox 1991 1793 2148 1865; x_wconf 85' lang='lat' dir='ltr'><strong>regni</strong></span> <span class='ocrx_word' id='word_1_186' title='bbox 2184 1792 2297 1849; x_wconf 75' lang='lat' dir='ltr'><strong>late</strong></span> <span class='ocrx_word' id='word_1_187' title='bbox 2331 1792 2641 1849; x_wconf 86' lang='lat' dir='ltr'><strong>extendens</strong></span> <span class='ocrx_word' id='word_1_188' title='bbox 2671 1793 2825 1848; x_wconf 86' lang='lat' dir='ltr'><strong>etiam</strong></span> <span class='ocrx_word' id='word_1_189' title='bbox 2847 1789 2946 1843; x_wconf 81' lang='lat' dir='ltr'><strong>cite·</strong></span> 
     </span>
     <span class='ocr_line' id='line_1_17' title="bbox 476 1878 2946 1948; baseline 0 -15"><span class='ocrx_word' id='word_1_190' title='bbox 476 1880 677 1935; x_wconf 77' lang='lat' dir='ltr'><strong>rior-em</strong></span> <span class='ocrx_word' id='word_1_191' title='bbox 705 1879 893 1935; x_wconf 85' lang='lat' dir='ltr'><strong>Asiam</strong></span> <span class='ocrx_word' id='word_1_192' title='bbox 919 1879 1267 1935; x_wconf 84' lang='lat' dir='ltr'><strong>tributariam</strong></span> <span class='ocrx_word' id='word_1_193' title='bbox 1290 1879 1433 1948; x_wconf 76' lang='lat' dir='ltr'><strong>fecit,</strong></span> <span class='ocrx_word' id='word_1_194' title='bbox 1460 1878 1809 1936; x_wconf 83' lang='lat' dir='ltr'><strong>salmanasar</strong></span> <span class='ocrx_word' id='word_1_195' title='bbox 1826 1881 1927 1935; x_wconf 87' lang='lat'><strong>111.</strong></span> <span class='ocrx_word' id='word_1_196' title='bbox 1959 1880 2045 1935; x_wconf 84' lang='lat' dir='ltr'><strong>vel</strong></span> <span class='ocrx_word' id='word_1_197' title='bbox 2067 1881 2135 1935; x_wconf 87' lang='lat' dir='ltr'><strong>V.</strong></span> <span class='ocrx_word' id='word_1_198' title='bbox 2167 1884 2507 1948; x_wconf 75' lang='grc'>(781.·772.),</span> <span class='ocrx_word' id='word_1_199' title='bbox 2534 1880 2643 1937; x_wconf 80' lang='lat' dir='ltr'><strong>sub</strong></span> <span class='ocrx_word' id='word_1_200' title='bbox 2661 1880 2805 1935; x_wconf 82' lang='lat' dir='ltr'><strong>&#39;cuius</strong></span> <span class='ocrx_word' id='word_1_201' title='bbox 2819 1888 2946 1947; x_wconf 77' lang='lat' dir='ltr'><strong>regno</strong></span> 
     </span>
     <span class='ocr_line' id='line_1_18' title="bbox 476 1966 2947 2039; baseline -0.002 -18"><span class='ocrx_word' id='word_1_202' title='bbox 476 1967 763 2039; x_wconf 84' lang='lat' dir='ltr'><strong>imperium</strong></span> <span class='ocrx_word' id='word_1_203' title='bbox 794 1966 904 2023; x_wconf 90' lang='lat' dir='ltr'><strong>iam</strong></span> <span class='ocrx_word' id='word_1_204' title='bbox 945 1966 1223 2023; x_wconf 86' lang='lat' dir='ltr'><strong>declinare</strong></span> <span class='ocrx_word' id='word_1_205' title='bbox 1254 1966 1437 2038; x_wconf 88' lang='lat' dir='ltr'><strong>coepit</strong></span> <span class='ocrx_word' id='word_1_206' title='bbox 1476 1966 1873 2021; x_wconf 88' lang='lat' dir='ltr'><strong>rebellionibus</strong></span> <span class='ocrx_word' id='word_1_207' title='bbox 1915 1970 2314 2037; x_wconf 85' lang='lat' dir='ltr'><strong>Armenorum,</strong></span> <span class='ocrx_word' id='word_1_208' title='bbox 2359 1976 2416 2023; x_wconf 87' lang='lat' dir='ltr'><strong>et</strong></span> <span class='ocrx_word' id='word_1_209' title='bbox 2453 1966 2779 2024; x_wconf 83' lang='lat' dir='ltr'><strong>Assurdanil</strong></span> <span class='ocrx_word' id='word_1_210' title='bbox 2814 1966 2947 2029; x_wconf 75' lang='lat'><strong>[771.-</strong></span> 
     </span>
     <span class='ocr_line' id='line_1_19' title="bbox 474 2052 2946 2127; baseline -0.001 -18"><span class='ocrx_word' id='word_1_211' title='bbox 474 2059 640 2123; x_wconf 81' lang='grc'>754.),</span> <span class='ocrx_word' id='word_1_212' title='bbox 667 2055 819 2111; x_wconf 89' lang='lat' dir='ltr'><strong>cuius</strong></span> <span class='ocrx_word' id='word_1_213' title='bbox 845 2063 1095 2127; x_wconf 89' lang='lat' dir='ltr'><strong>tempore</strong></span> <span class='ocrx_word' id='word_1_214' title='bbox 1123 2054 1195 2111; x_wconf 87' lang='lat' dir='ltr'><strong>ad</strong></span> <span class='ocrx_word' id='word_1_215' title='bbox 1222 2062 1434 2111; x_wconf 89' lang='lat' dir='ltr'><strong>tantam</strong></span> <span class='ocrx_word' id='word_1_216' title='bbox 1462 2053 1802 2109; x_wconf 85' lang='lat' dir='ltr'><strong>debilitatem</strong></span> <span class='ocrx_word' id='word_1_217' title='bbox 1829 2052 2118 2110; x_wconf 89' lang='lat' dir='ltr'><strong>redactum</strong></span> <span class='ocrx_word' id='word_1_218' title='bbox 2141 2063 2226 2110; x_wconf 86' lang='lat' dir='ltr'><strong>est</strong></span> <span class='ocrx_word' id='word_1_219' title='bbox 2249 2070 2512 2127; x_wconf 87' lang='lat' dir='ltr'><strong>regnum,</strong></span> <span class='ocrx_word' id='word_1_220' title='bbox 2541 2064 2610 2110; x_wconf 89' lang='lat' dir='ltr'><strong>ut</strong></span> <span class='ocrx_word' id='word_1_221' title='bbox 2629 2056 2746 2111; x_wconf 87' lang='lat' dir='ltr'><strong>eius</strong></span> <span class='ocrx_word' id='word_1_222' title='bbox 2775 2066 2946 2109; x_wconf 84' lang='lat' dir='ltr'><strong>succes-</strong></span> 
     </span>
     <span class='ocr_line' id='line_1_20' title="bbox 471 2140 2950 2213; baseline -0.002 -15"><span class='ocrx_word' id='word_1_223' title='bbox 471 2144 583 2199; x_wconf 86' lang='lat' dir='ltr'><strong>sori</strong></span> <span class='ocrx_word' id='word_1_224' title='bbox 600 2141 922 2198; x_wconf 83' lang='lat' dir='ltr'><strong>Assurnirar</strong></span> <span class='ocrx_word' id='word_1_225' title='bbox 939 2146 1258 2209; x_wconf 78' lang='grc'><strong>(753.-745.)</strong></span> <span class='ocrx_word' id='word_1_226' title='bbox 1278 2141 1588 2198; x_wconf 86' lang='lat' dir='ltr'><strong>Chaldaeus</strong></span> <span class='ocrx_word' id='word_1_227' title='bbox 1605 2140 1746 2197; x_wconf 89' lang='lat' dir='ltr'><strong>Phul</strong></span> <span class='ocrx_word' id='word_1_228' title='bbox 1762 2141 2030 2198; x_wconf 87' lang='lat' dir='ltr'><strong>thronum</strong></span> <span class='ocrx_word' id='word_1_229' title='bbox 2047 2142 2261 2213; x_wconf 88' lang='lat' dir='ltr'><strong>eripere</strong></span> <span class='ocrx_word' id='word_1_230' title='bbox 2282 2151 2483 2213; x_wconf 87' lang='lat' dir='ltr'><strong>posset.</strong></span> <span class='ocrx_word' id='word_1_231' title='bbox 2505 2142 2950 2199; x_wconf 82' lang='lat' dir='ltr'><strong>verisimillimum</strong></span> 
     </span>
     <span class='ocr_line' id='line_1_21' title="bbox 473 2226 2949 2302; baseline -0.003 -15"><span class='ocrx_word' id='word_1_232' title='bbox 473 2239 573 2300; x_wconf 60' lang='lat' dir='ltr'><strong>est,</strong></span> <span class='ocrx_word' id='word_1_233' title='bbox 604 2232 799 2287; x_wconf 88' lang='lat' dir='ltr'><strong>Ionam</strong></span> <span class='ocrx_word' id='word_1_234' title='bbox 822 2230 923 2287; x_wconf 91' lang='lat' dir='ltr'><strong>sub</strong></span> <span class='ocrx_word' id='word_1_235' title='bbox 950 2246 1060 2285; x_wconf 88' lang='lat' dir='ltr'><strong>uno</strong></span> <span class='ocrx_word' id='word_1_236' title='bbox 1089 2245 1157 2285; x_wconf 84' lang='lat' dir='ltr'><strong>ex</strong></span> <span class='ocrx_word' id='word_1_237' title='bbox 1189 2228 1403 2285; x_wconf 89' lang='lat' dir='ltr'><strong>duobus</strong></span> <span class='ocrx_word' id='word_1_238' title='bbox 1432 2228 1642 2285; x_wconf 88' lang='lat' dir='ltr'><strong>ultimis</strong></span> <span class='ocrx_word' id='word_1_239' title='bbox 1677 2228 1916 2302; x_wconf 87' lang='lat' dir='ltr'><strong>regibus,</strong></span> <span class='ocrx_word' id='word_1_240' title='bbox 1962 2228 2290 2286; x_wconf 83' lang='lat' dir='ltr'><strong>Assurdanil</strong></span> <span class='ocrx_word' id='word_1_241' title='bbox 2327 2238 2424 2285; x_wconf 89' lang='lat' dir='ltr'><strong>aut</strong></span> <span class='ocrx_word' id='word_1_242' title='bbox 2461 2232 2808 2296; x_wconf 82' lang='lat' dir='ltr'><strong>Assurnirar,</strong></span> <span class='ocrx_word' id='word_1_243' title='bbox 2832 2226 2949 2283; x_wconf 82' lang='lat' dir='ltr'><strong>Nini·</strong></span> 
     </span>
     <span class='ocr_line' id='line_1_22' title="bbox 472 2316 2948 2391; baseline -0 -19"><span class='ocrx_word' id='word_1_244' title='bbox 472 2335 576 2374; x_wconf 89' lang='lat' dir='ltr'><strong>ven</strong></span> <span class='ocrx_word' id='word_1_245' title='bbox 598 2317 905 2385; x_wconf 88' lang='lat' dir='ltr'><strong>advenisse,</strong></span> <span class='ocrx_word' id='word_1_246' title='bbox 933 2333 1043 2389; x_wconf 90' lang='lat' dir='ltr'><strong>quo</strong></span> <span class='ocrx_word' id='word_1_247' title='bbox 1063 2325 1313 2389; x_wconf 89' lang='lat' dir='ltr'><strong>tempore</strong></span> <span class='ocrx_word' id='word_1_248' title='bbox 1351 2333 1465 2371; x_wconf 93' lang='lat' dir='ltr'><strong>non</strong></span> <span class='ocrx_word' id='word_1_249' title='bbox 1504 2324 1723 2371; x_wconf 83' lang='lat' dir='ltr'><strong>tantum</strong></span> <span class='ocrx_word' id='word_1_250' title='bbox 1749 2316 2261 2387; x_wconf 88' lang='lat' dir='ltr'><strong>perturbationibus</strong></span> <span class='ocrx_word' id='word_1_251' title='bbox 2291 2317 2518 2374; x_wconf 89' lang='lat' dir='ltr'><strong>internis</strong></span> <span class='ocrx_word' id='word_1_252' title='bbox 2548 2319 2835 2391; x_wconf 87' lang='lat' dir='ltr'><strong>imperium</strong></span> <span class='ocrx_word' id='word_1_253' title='bbox 2857 2328 2948 2371; x_wconf 85' lang='lat' dir='ltr'><strong>con·</strong></span> 
     </span>
    </p>
   </div>
   <div class='ocr_carea' id='block_1_8' title="bbox 470 2404 2950 2563">
    <p class='ocr_par' dir='ltr' id='par_1_8' title="bbox 470 2404 2950 2563">
     <span class='ocr_line' id='line_1_23' title="bbox 470 2404 2950 2479; baseline -0.002 -18"><span class='ocrx_word' id='word_1_254' title='bbox 470 2404 797 2475; x_wconf 87' lang='lat' dir='ltr'><strong>cutiebatur,</strong></span> <span class='ocrx_word' id='word_1_255' title='bbox 828 2404 925 2461; x_wconf 87' lang='lat' dir='ltr'><strong>sed</strong></span> <span class='ocrx_word' id='word_1_256' title='bbox 949 2404 1204 2479; x_wconf 87' lang='lat' dir='ltr'><strong>gravibus</strong></span> <span class='ocrx_word' id='word_1_257' title='bbox 1232 2420 1452 2477; x_wconf 86' lang='lat' dir='ltr'><strong>quoque</strong></span> <span class='ocrx_word' id='word_1_258' title='bbox 1482 2404 1806 2475; x_wconf 87' lang='lat' dir='ltr'><strong>pestilentiis</strong></span> <span class='ocrx_word' id='word_1_259' title='bbox 1831 2406 2168 2463; x_wconf 86' lang='lat' dir='ltr'><strong>vastabatur.</strong></span> <span class='ocrx_word' id='word_1_260' title='bbox 2193 2406 2546 2477; x_wconf 83' lang='lat' dir='ltr'><strong>Quapropter</strong></span> <span class='ocrx_word' id='word_1_261' title='bbox 2571 2408 2626 2463; x_wconf 85' lang='lat' dir='ltr'><strong>si</strong></span> <span class='ocrx_word' id='word_1_262' title='bbox 2646 2422 2680 2463; x_wconf 91' lang='lat' dir='ltr'><strong>a</strong></span> <span class='ocrx_word' id='word_1_263' title='bbox 2709 2405 2950 2478; x_wconf 79' lang='lat' dir='ltr'><strong>praecipua</strong></span> 
     </span>
     <span class='ocr_line' id='line_1_24' title="bbox 470 2492 2950 2563; baseline -0.003 -13"><span class='ocrx_word' id='word_1_264' title='bbox 470 2493 842 2550; x_wconf 84' lang='lat' dir='ltr'><strong>conversionis</strong></span> <span class='ocrx_word' id='word_1_265' title='bbox 862 2492 1228 2549; x_wconf 80' lang='lat' dir='ltr'><strong>Ninivitarum</strong></span> <span class='ocrx_word' id='word_1_266' title='bbox 1254 2507 1438 2560; x_wconf 90' lang='lat' dir='ltr'><strong>causa,</strong></span> <span class='ocrx_word' id='word_1_267' title='bbox 1470 2493 1506 2546; x_wconf 88' lang='lat' dir='ltr'><strong>i.</strong></span> <span class='ocrx_word' id='word_1_268' title='bbox 1541 2508 1589 2546; x_wconf 91' lang='lat' dir='ltr'><strong>e.</strong></span> <span class='ocrx_word' id='word_1_269' title='bbox 1622 2506 1654 2546; x_wconf 91' lang='lat' dir='ltr'><strong>a</strong></span> <span class='ocrx_word' id='word_1_270' title='bbox 1683 2492 1857 2563; x_wconf 85' lang='lat' dir='ltr'><strong>gratia</strong></span> <span class='ocrx_word' id='word_1_271' title='bbox 1887 2492 2072 2548; x_wconf 87' lang='lat' dir='ltr'><strong>divina</strong></span> <span class='ocrx_word' id='word_1_272' title='bbox 2101 2492 2326 2548; x_wconf 88' lang='lat' dir='ltr'><strong>illorum</strong></span> <span class='ocrx_word' id='word_1_273' title='bbox 2359 2492 2571 2549; x_wconf 91' lang='lat' dir='ltr'><strong>animos</strong></span> <span class='ocrx_word' id='word_1_274' title='bbox 2602 2494 2892 2549; x_wconf 84' lang='lat' dir='ltr'><strong>illustrante</strong></span> <span class='ocrx_word' id='word_1_275' title='bbox 2913 2496 2950 2542; x_wconf 78' lang='lat' dir='ltr'><strong>ct</strong></span> 
     </span>
    </p>
   </div>
   <div class='ocr_carea' id='block_1_9' title="bbox 465 2577 2956 2919">
    <p class='ocr_par' dir='ltr' id='par_1_9' title="bbox 465 2577 2956 2919">
     <span class='ocr_line' id='line_1_25' title="bbox 468 2577 2953 2653; baseline -0.002 -15"><span class='ocrx_word' id='word_1_276' title='bbox 468 2589 743 2649; x_wconf 89' lang='lat' dir='ltr'><strong>movente,</strong></span> <span class='ocrx_word' id='word_1_277' title='bbox 764 2579 1083 2637; x_wconf 87' lang='lat' dir='ltr'><strong>abstrahere</strong></span> <span class='ocrx_word' id='word_1_278' title='bbox 1105 2580 1312 2647; x_wconf 89' lang='lat' dir='ltr'><strong>liceret,</strong></span> <span class='ocrx_word' id='word_1_279' title='bbox 1336 2595 1449 2635; x_wconf 92' lang='lat' dir='ltr'><strong>non</strong></span> <span class='ocrx_word' id='word_1_280' title='bbox 1471 2577 1776 2635; x_wconf 88' lang='lat' dir='ltr'><strong>admodum</strong></span> <span class='ocrx_word' id='word_1_281' title='bbox 1803 2578 1949 2635; x_wconf 80' lang='lat' dir='ltr'><strong>soret</strong></span> <span class='ocrx_word' id='word_1_282' title='bbox 1977 2580 2308 2650; x_wconf 87' lang='lat' dir='ltr'><strong>mirandum,</strong></span> <span class='ocrx_word' id='word_1_283' title='bbox 2337 2578 2487 2651; x_wconf 87' lang='lat' dir='ltr'><strong>quod</strong></span> <span class='ocrx_word' id='word_1_284' title='bbox 2505 2580 2841 2653; x_wconf 85' lang='lat' dir='ltr'><strong>praedicatio</strong></span> <span class='ocrx_word' id='word_1_285' title='bbox 2865 2592 2953 2647; x_wconf 64' lang='lat' dir='ltr'><strong>pro</strong></span> 
     </span>
     <span class='ocr_line' id='line_1_26' title="bbox 468 2667 2954 2742; baseline -0.001 -17"><span class='ocrx_word' id='word_1_286' title='bbox 468 2670 668 2742; x_wconf 85' lang='lat' dir='ltr'><strong>phetae</strong></span> <span class='ocrx_word' id='word_1_287' title='bbox 700 2677 917 2725; x_wconf 86' lang='lat' dir='ltr'><strong>tantam</strong></span> <span class='ocrx_word' id='word_1_288' title='bbox 952 2668 1380 2724; x_wconf 83' lang='lat' dir='ltr'><strong>commotionem</strong></span> <span class='ocrx_word' id='word_1_289' title='bbox 1412 2668 1731 2736; x_wconf 79' lang='lat' dir='ltr'><strong>excitasset3</strong></span> <span class='ocrx_word' id='word_1_290' title='bbox 1773 2668 2028 2741; x_wconf 83' lang='lat' dir='ltr'><strong>Assyrios</strong></span> <span class='ocrx_word' id='word_1_291' title='bbox 2061 2668 2210 2723; x_wconf 88' lang='lat' dir='ltr'><strong>enim</strong></span> <span class='ocrx_word' id='word_1_292' title='bbox 2244 2667 2660 2738; x_wconf 87' lang='lat' dir='ltr'><strong>superstitiosos</strong></span> <span class='ocrx_word' id='word_1_293' title='bbox 2699 2669 2852 2725; x_wconf 73' lang='lat' dir='ltr'><strong>fuisse</strong></span> <span class='ocrx_word' id='word_1_294' title='bbox 2890 2678 2954 2717; x_wconf 77' lang='lat' dir='ltr'><strong>va·</strong></span> 
     </span>
     <span class='ocr_line' id='line_1_27' title="bbox 465 2754 2956 2830; baseline -0.003 -17"><span class='ocrx_word' id='word_1_295' title='bbox 465 2767 695 2830; x_wconf 85' lang='lat' dir='ltr'><strong>tumque</strong></span> <span class='ocrx_word' id='word_1_296' title='bbox 717 2772 946 2813; x_wconf 86' lang='lat' dir='ltr'><strong>suorum</strong></span> <span class='ocrx_word' id='word_1_297' title='bbox 972 2756 1152 2811; x_wconf 87' lang='lat' dir='ltr'><strong>verbis</strong></span> <span class='ocrx_word' id='word_1_298' title='bbox 1194 2754 1364 2811; x_wconf 84' lang='lat' dir='ltr'><strong>fidem</strong></span> <span class='ocrx_word' id='word_1_299' title='bbox 1408 2754 1723 2811; x_wconf 87' lang='lat' dir='ltr'><strong>adhibuisse</strong></span> <span class='ocrx_word' id='word_1_300' title='bbox 1769 2769 1949 2826; x_wconf 86' lang='lat' dir='ltr'><strong>neque</strong></span> <span class='ocrx_word' id='word_1_301' title='bbox 1977 2754 2214 2810; x_wconf 87' lang='lat' dir='ltr'><strong>aliarum</strong></span> <span class='ocrx_word' id='word_1_302' title='bbox 2257 2756 2506 2827; x_wconf 85' lang='lat' dir='ltr'><strong>gentium</strong></span> <span class='ocrx_word' id='word_1_303' title='bbox 2546 2754 2658 2813; x_wconf 83' lang='lat' dir='ltr'><strong>diis</strong></span> <span class='ocrx_word' id='word_1_304' title='bbox 2699 2755 2956 2829; x_wconf 86' lang='lat' dir='ltr'><strong>potentiam</strong></span> 
     </span>
     <span class='ocr_line' id='line_1_28' title="bbox 468 2841 1982 2919; baseline -0.002 -17"><span class='ocrx_word' id='word_1_305' title='bbox 468 2862 713 2919; x_wconf 85' lang='lat' dir='ltr'><strong>negasse,</strong></span> <span class='ocrx_word' id='word_1_306' title='bbox 740 2860 933 2902; x_wconf 89' lang='lat' dir='ltr'><strong>eorum</strong></span> <span class='ocrx_word' id='word_1_307' title='bbox 960 2845 1345 2916; x_wconf 88' lang='lat' dir='ltr'><strong>inscriptiones</strong></span> <span class='ocrx_word' id='word_1_308' title='bbox 1372 2842 1692 2916; x_wconf 87' lang='lat' dir='ltr'><strong>superstites</strong></span> <span class='ocrx_word' id='word_1_309' title='bbox 1719 2841 1940 2899; x_wconf 89' lang='lat' dir='ltr'><strong>docent.</strong></span> <span class='ocrx_word' id='word_1_310' title='bbox 1975 2910 1982 2915; x_wconf 38' lang='grc'><em>,</em></span> 
     </span>
    </p>
   </div>
   <div class='ocr_carea' id='block_1_10' title="bbox 464 2991 2960 3169">
    <p class='ocr_par' dir='ltr' id='par_1_10' title="bbox 464 2991 2960 3169">
     <span class='ocr_line' id='line_1_29' title="bbox 544 2991 2960 3071; baseline -0.004 -14"><span class='ocrx_word' id='word_1_311' title='bbox 544 3001 601 3057; x_wconf 89' lang='grc'><strong>3.</strong></span> <span class='ocrx_word' id='word_1_312' title='bbox 636 3030 712 3041; x_wconf 91' lang='grc'>-</span> <span class='ocrx_word' id='word_1_313' title='bbox 739 2996 1045 3056; x_wconf 67' lang='lat' dir='ltr'><strong>Historia-a</strong></span> <span class='ocrx_word' id='word_1_314' title='bbox 1073 2998 1398 3054; x_wconf 80' lang='lat' dir='ltr'><strong>auctoritas</strong></span> <span class='ocrx_word' id='word_1_315' title='bbox 1426 2991 1616 3053; x_wconf 76' lang='lat' dir='ltr'><strong>libelli</strong></span> <span class='ocrx_word' id='word_1_316' title='bbox 1643 2992 1892 3052; x_wconf 89' lang='lat' dir='ltr'><strong>Domini</strong></span> <span class='ocrx_word' id='word_1_317' title='bbox 1925 2995 1994 3053; x_wconf 91' lang='lat' dir='ltr'><strong>N.</strong></span> <span class='ocrx_word' id='word_1_318' title='bbox 2019 2992 2221 3071; x_wconf 89' lang='lat' dir='ltr'><strong>ipsius</strong></span> <span class='ocrx_word' id='word_1_319' title='bbox 2251 2993 2623 3055; x_wconf 80' lang='lat' dir='ltr'><strong>testimonio</strong></span> <span class='ocrx_word' id='word_1_320' title='bbox 2655 3000 2820 3055; x_wconf 84' lang='lat' dir='ltr'><strong>extra</strong></span> <span class='ocrx_word' id='word_1_321' title='bbox 2848 3008 2960 3051; x_wconf 85' lang='lat' dir='ltr'><strong>eon·</strong></span> 
     </span>
     <span class='ocr_line' id='line_1_30' title="bbox 464 3089 2536 3169; baseline -0.001 -17"><span class='ocrx_word' id='word_1_322' title='bbox 464 3094 834 3152; x_wconf 84' lang='lat' dir='ltr'><strong>troversiam</strong></span> <span class='ocrx_word' id='word_1_323' title='bbox 865 3092 1119 3169; x_wconf 85' lang='lat' dir='ltr'><strong>ponitur</strong></span> <span class='ocrx_word' id='word_1_324' title='bbox 1144 3093 1330 3168; x_wconf 84' lang='lat' dir='ltr'><strong>atque</strong></span> <span class='ocrx_word' id='word_1_325' title='bbox 1358 3090 1586 3149; x_wconf 87' lang='lat' dir='ltr'><strong>frustra</strong></span> <span class='ocrx_word' id='word_1_326' title='bbox 1613 3106 1648 3147; x_wconf 85' lang='lat' dir='ltr'><strong>a</strong></span> <span class='ocrx_word' id='word_1_327' title='bbox 1675 3089 2084 3149; x_wconf 81' lang='lat' dir='ltr'><strong>rationalistis</strong></span> <span class='ocrx_word' id='word_1_328' title='bbox 2109 3090 2536 3167; x_wconf 86' lang='lat' dir='ltr'><strong>impugnatur.</strong></span> 
     </span>
    </p>
   </div>
   <div class='ocr_carea' id='block_1_11' title="bbox 451 3198 3011 4505">
    <p class='ocr_par' dir='ltr' id='par_1_11' title="bbox 454 3198 3011 4157">
     <span class='ocr_line' id='line_1_31' title="bbox 534 3198 2958 3277; baseline -0.001 -18"><span class='ocrx_word' id='word_1_329' title='bbox 534 3206 801 3260; x_wconf 87' lang='lat' dir='ltr'><strong>Dominus</strong></span> <span class='ocrx_word' id='word_1_330' title='bbox 826 3207 921 3273; x_wconf 92' lang='lat' dir='ltr'><strong>N.,</strong></span> <span class='ocrx_word' id='word_1_331' title='bbox 960 3220 1132 3276; x_wconf 90' lang='lat' dir='ltr'><strong>quum</strong></span> <span class='ocrx_word' id='word_1_332' title='bbox 1164 3202 1358 3259; x_wconf 87' lang='lat' dir='ltr'><strong>eadem</strong></span> <span class='ocrx_word' id='word_1_333' title='bbox 1386 3202 1443 3257; x_wconf 91' lang='lat' dir='ltr'><strong>in</strong></span> <span class='ocrx_word' id='word_1_334' title='bbox 1472 3202 1756 3259; x_wconf 88' lang='lat' dir='ltr'><strong>occasione</strong></span> <span class='ocrx_word' id='word_1_335' title='bbox 1783 3210 1838 3257; x_wconf 90' lang='lat' dir='ltr'><strong>et</strong></span> <span class='ocrx_word' id='word_1_336' title='bbox 1874 3201 2069 3258; x_wconf 88' lang='lat' dir='ltr'><strong>eadem</strong></span> <span class='ocrx_word' id='word_1_337' title='bbox 2095 3204 2340 3272; x_wconf 90' lang='lat' dir='ltr'><strong>ratione,</strong></span> <span class='ocrx_word' id='word_1_338' title='bbox 2369 3219 2478 3275; x_wconf 87' lang='lat' dir='ltr'><strong>qua</strong></span> <span class='ocrx_word' id='word_1_339' title='bbox 2513 3204 2584 3261; x_wconf 90' lang='lat' dir='ltr'><strong>de</strong></span> <span class='ocrx_word' id='word_1_340' title='bbox 2625 3205 2816 3277; x_wconf 89' lang='lat' dir='ltr'><strong>regina</strong></span> <span class='ocrx_word' id='word_1_341' title='bbox 2847 3198 2958 3256; x_wconf 70' lang='lat' dir='ltr'><strong>Saba</strong></span> 
     </span>
     <span class='ocr_line' id='line_1_32' title="bbox 464 3286 2958 3364; baseline -0.001 -17"><span class='ocrx_word' id='word_1_342' title='bbox 464 3292 534 3349; x_wconf 89' lang='lat' dir='ltr'><strong>ad</strong></span> <span class='ocrx_word' id='word_1_343' title='bbox 559 3292 911 3349; x_wconf 88' lang='lat' dir='ltr'><strong>Salomonem</strong></span> <span class='ocrx_word' id='word_1_344' title='bbox 938 3292 1219 3361; x_wconf 87' lang='lat' dir='ltr'><strong>veniente,</strong></span> <span class='ocrx_word' id='word_1_345' title='bbox 1252 3290 1321 3347; x_wconf 92' lang='lat' dir='ltr'><strong>de</strong></span> <span class='ocrx_word' id='word_1_346' title='bbox 1351 3292 1485 3345; x_wconf 85' lang='lat' dir='ltr'><strong>Iona</strong></span> <span class='ocrx_word' id='word_1_347' title='bbox 1514 3290 1572 3345; x_wconf 89' lang='lat' dir='ltr'><strong>in</strong></span> <span class='ocrx_word' id='word_1_348' title='bbox 1603 3298 1792 3346; x_wconf 87' lang='lat' dir='ltr'><strong>ventre</strong></span> <span class='ocrx_word' id='word_1_349' title='bbox 1820 3290 1926 3345; x_wconf 88' lang='lat' dir='ltr'><strong>ceti</strong></span> <span class='ocrx_word' id='word_1_350' title='bbox 1954 3290 2171 3345; x_wconf 78' lang='lat' dir='ltr'><strong>vivente</strong></span> <span class='ocrx_word' id='word_1_351' title='bbox 2203 3298 2260 3346; x_wconf 88' lang='lat' dir='ltr'><strong>et</strong></span> <span class='ocrx_word' id='word_1_352' title='bbox 2292 3289 2362 3346; x_wconf 94' lang='lat' dir='ltr'><strong>de</strong></span> <span class='ocrx_word' id='word_1_353' title='bbox 2389 3292 2651 3349; x_wconf 87' lang='lat' dir='ltr'><strong>Ninivitis</strong></span> <span class='ocrx_word' id='word_1_354' title='bbox 2689 3294 2746 3348; x_wconf 91' lang='lat' dir='ltr'><strong>in</strong></span> <span class='ocrx_word' id='word_1_355' title='bbox 2773 3286 2958 3364; x_wconf 86' lang='lat' dir='ltr'><strong>praedi·</strong></span> 
     </span>
     <span class='ocr_line' id='line_1_33' title="bbox 462 3378 2959 3453; baseline -0.001 -17"><span class='ocrx_word' id='word_1_356' title='bbox 462 3380 675 3437; x_wconf 85' lang='lat' dir='ltr'><strong>catione</strong></span> <span class='ocrx_word' id='word_1_357' title='bbox 720 3378 1021 3451; x_wconf 89' lang='lat' dir='ltr'><strong>prophetae</strong></span> <span class='ocrx_word' id='word_1_358' title='bbox 1066 3378 1463 3451; x_wconf 90' lang='lat' dir='ltr'><strong>poenitentiam</strong></span> <span class='ocrx_word' id='word_1_359' title='bbox 1508 3378 1800 3451; x_wconf 83' lang='lat' dir='ltr'><strong>agentibus</strong></span> <span class='ocrx_word' id='word_1_360' title='bbox 1839 3378 2102 3450; x_wconf 89' lang='lat' dir='ltr'><strong>loquatur</strong></span> <span class='ocrx_word' id='word_1_361' title='bbox 2146 3378 2385 3448; x_wconf 69' lang='lat' dir='ltr'><strong>(Macclt.</strong></span> <span class='ocrx_word' id='word_1_362' title='bbox 2437 3384 2602 3447; x_wconf 60' lang='lat'><strong>¹239</strong></span> <span class='ocrx_word' id='word_1_363' title='bbox 2651 3396 2809 3453; x_wconf 84' lang='lat' dir='ltr'><strong>sqq.;</strong></span> <span class='ocrx_word' id='word_1_364' title='bbox 2853 3382 2959 3433; x_wconf 72' lang='lat' dir='ltr'><strong>Luc.</strong></span> 
     </span>
     <span class='ocr_line' id='line_1_34' title="bbox 466 3466 2962 3539; baseline -0.002 -16"><span class='ocrx_word' id='word_1_365' title='bbox 466 3474 625 3538; x_wconf 81' lang='lat'><strong>11,29</strong></span> <span class='ocrx_word' id='word_1_366' title='bbox 648 3472 817 3539; x_wconf 88' lang='lat' dir='ltr'><strong>sqq.),</strong></span> <span class='ocrx_word' id='word_1_367' title='bbox 846 3466 1099 3537; x_wconf 87' lang='lat' dir='ltr'><strong>eandem,</strong></span> <span class='ocrx_word' id='word_1_368' title='bbox 1127 3482 1297 3539; x_wconf 91' lang='lat' dir='ltr'><strong>quam</strong></span> <span class='ocrx_word' id='word_1_369' title='bbox 1318 3466 1475 3523; x_wconf 89' lang='lat' dir='ltr'><strong>libris</strong></span> <span class='ocrx_word' id='word_1_370' title='bbox 1496 3468 1735 3538; x_wconf 83' lang='lat' dir='ltr'><strong>Regum,</strong></span> <span class='ocrx_word' id='word_1_371' title='bbox 1767 3468 1804 3521; x_wconf 90' lang='lat' dir='ltr'><strong>i.</strong></span> <span class='ocrx_word' id='word_1_372' title='bbox 1831 3483 1880 3523; x_wconf 89' lang='lat' dir='ltr'><strong>e.</strong></span> <span class='ocrx_word' id='word_1_373' title='bbox 1910 3481 2039 3521; x_wconf 86' lang='lat' dir='ltr'><strong>vere</strong></span> <span class='ocrx_word' id='word_1_374' title='bbox 2066 3466 2417 3535; x_wconf 85' lang='lat' dir='ltr'><strong>historicam,</strong></span> <span class='ocrx_word' id='word_1_375' title='bbox 2447 3468 2834 3525; x_wconf 84' lang='lat' dir='ltr'><strong>auctoritatem</strong></span> <span class='ocrx_word' id='word_1_376' title='bbox 2859 3478 2962 3520; x_wconf 84' lang='lat' dir='ltr'><strong>nar·</strong></span> 
     </span>
     <span class='ocr_line' id='line_1_35' title="bbox 460 3554 2964 3630; baseline -0.001 -17"><span class='ocrx_word' id='word_1_377' title='bbox 460 3557 661 3613; x_wconf 90' lang='lat' dir='ltr'><strong>rationi</strong></span> <span class='ocrx_word' id='word_1_378' title='bbox 686 3564 907 3611; x_wconf 88' lang='lat' dir='ltr'><strong>nostrae</strong></span> <span class='ocrx_word' id='word_1_379' title='bbox 935 3556 1202 3611; x_wconf 86' lang='lat' dir='ltr'><strong>attribuit.</strong></span> <span class='ocrx_word' id='word_1_380' title='bbox 1230 3555 1331 3611; x_wconf 90' lang='lat' dir='ltr'><strong>Cui</strong></span> <span class='ocrx_word' id='word_1_381' title='bbox 1357 3556 1673 3611; x_wconf 90' lang='lat' dir='ltr'><strong>testimonio</strong></span> <span class='ocrx_word' id='word_1_382' title='bbox 1701 3556 1806 3610; x_wconf 91' lang='lat' dir='ltr'><strong>alia</strong></span> <span class='ocrx_word' id='word_1_383' title='bbox 1835 3554 2041 3611; x_wconf 88' lang='lat' dir='ltr'><strong>addere</strong></span> <span class='ocrx_word' id='word_1_384' title='bbox 2069 3554 2410 3626; x_wconf 85' lang='lat' dir='ltr'><strong>superfluum</strong></span> <span class='ocrx_word' id='word_1_385' title='bbox 2438 3570 2504 3611; x_wconf 92' lang='lat' dir='ltr'><strong>eo</strong></span> <span class='ocrx_word' id='word_1_386' title='bbox 2530 3556 2718 3630; x_wconf 86' lang='lat' dir='ltr'><strong>magis</strong></span> <span class='ocrx_word' id='word_1_387' title='bbox 2746 3564 2852 3622; x_wconf 86' lang='lat' dir='ltr'><strong>est,</strong></span> <span class='ocrx_word' id='word_1_388' title='bbox 2879 3568 2964 3623; x_wconf 67' lang='lat' dir='ltr'><strong>quw</strong></span> 
     </span>
     <span class='ocr_line' id='line_1_36' title="bbox 458 3641 2962 3714; baseline -0.003 -13"><span class='ocrx_word' id='word_1_389' title='bbox 458 3646 665 3701; x_wconf 85' lang='lat' dir='ltr'><strong>leviora</strong></span> <span class='ocrx_word' id='word_1_390' title='bbox 688 3652 835 3713; x_wconf 90' lang='lat' dir='ltr'><strong>sunt,</strong></span> <span class='ocrx_word' id='word_1_391' title='bbox 860 3658 999 3714; x_wconf 90' lang='lat' dir='ltr'><strong>quae</strong></span> <span class='ocrx_word' id='word_1_392' title='bbox 1018 3642 1366 3699; x_wconf 89' lang='lat' dir='ltr'><strong>obiiciuntur.</strong></span> <span class='ocrx_word' id='word_1_393' title='bbox 1392 3643 1658 3699; x_wconf 88' lang='lat' dir='ltr'><strong>Unanimi</strong></span> <span class='ocrx_word' id='word_1_394' title='bbox 1679 3641 1908 3714; x_wconf 90' lang='lat' dir='ltr'><strong>quidem</strong></span> <span class='ocrx_word' id='word_1_395' title='bbox 1930 3658 2202 3699; x_wconf 89' lang='lat' dir='ltr'><strong>consensu</strong></span> <span class='ocrx_word' id='word_1_396' title='bbox 2221 3642 2600 3699; x_wconf 82' lang='lat' dir='ltr'><strong>rationalistae</strong></span> <span class='ocrx_word' id='word_1_397' title='bbox 2621 3644 2962 3700; x_wconf 82' lang='lat' dir='ltr'><strong>narrationem</strong></span> 
     </span>
     <span class='ocr_line' id='line_1_37' title="bbox 459 3729 2966 3805; baseline -0.003 -17"><span class='ocrx_word' id='word_1_398' title='bbox 459 3735 801 3805; x_wconf 85' lang='lat' dir='ltr'><strong>impugnant,</strong></span> <span class='ocrx_word' id='word_1_399' title='bbox 827 3739 887 3786; x_wconf 89' lang='lat' dir='ltr'><strong>at</strong></span> <span class='ocrx_word' id='word_1_400' title='bbox 913 3730 1010 3786; x_wconf 89' lang='lat' dir='ltr'><strong>alii</strong></span> <span class='ocrx_word' id='word_1_401' title='bbox 1028 3730 1265 3787; x_wconf 89' lang='lat' dir='ltr'><strong>naturali</strong></span> <span class='ocrx_word' id='word_1_402' title='bbox 1284 3730 1527 3802; x_wconf 87' lang='lat' dir='ltr'><strong>quadam</strong></span> <span class='ocrx_word' id='word_1_403' title='bbox 1552 3729 1912 3801; x_wconf 89' lang='lat' dir='ltr'><strong>explicatione</strong></span> <span class='ocrx_word' id='word_1_404' title='bbox 1936 3730 2204 3788; x_wconf 85' lang='lat' dir='ltr'><strong>miracula</strong></span> <span class='ocrx_word' id='word_1_405' title='bbox 2221 3739 2447 3787; x_wconf 88' lang='lat' dir='ltr'><strong>narrata</strong></span> <span class='ocrx_word' id='word_1_406' title='bbox 2466 3747 2764 3789; x_wconf 80' lang='lat' dir='ltr'><strong>removere</strong></span> <span class='ocrx_word' id='word_1_407' title='bbox 2790 3743 2966 3788; x_wconf 88' lang='lat' dir='ltr'><strong>conan-</strong></span> 
     </span>
     <span class='ocr_line' id='line_1_38' title="bbox 458 3813 2965 3892; baseline -0.001 -17"><span class='ocrx_word' id='word_1_408' title='bbox 458 3831 567 3889; x_wconf 87' lang='lat' dir='ltr'><strong>tur,</strong></span> <span class='ocrx_word' id='word_1_409' title='bbox 598 3820 695 3875; x_wconf 88' lang='lat' dir='ltr'><strong>alii</strong></span> <span class='ocrx_word' id='word_1_410' title='bbox 728 3819 1001 3892; x_wconf 86' lang='lat' dir='ltr'><strong>integram</strong></span> <span class='ocrx_word' id='word_1_411' title='bbox 1029 3817 1315 3874; x_wconf 89' lang='lat' dir='ltr'><strong>historiam</strong></span> <span class='ocrx_word' id='word_1_412' title='bbox 1349 3817 1411 3873; x_wconf 87' lang='lat' dir='ltr'><strong>in</strong></span> <span class='ocrx_word' id='word_1_413' title='bbox 1440 3818 1767 3891; x_wconf 85' lang='lat' dir='ltr'><strong>allegoriam</strong></span> <span class='ocrx_word' id='word_1_414' title='bbox 1795 3817 1884 3874; x_wconf 79' lang='lat' dir='ltr'><strong>vel</strong></span> <span class='ocrx_word' id='word_1_415' title='bbox 1907 3816 2160 3890; x_wconf 90' lang='lat' dir='ltr'><strong>mythum</strong></span> <span class='ocrx_word' id='word_1_416' title='bbox 2195 3826 2601 3889; x_wconf 86' lang='lat' dir='ltr'><strong>transmutant,</strong></span> <span class='ocrx_word' id='word_1_417' title='bbox 2636 3813 2965 3877; x_wconf 81' lang='lat' dir='ltr'><strong>recentissimi</strong></span> 
     </span>
     <span class='ocr_line' id='line_1_39' title="bbox 456 3902 3011 3985; baseline -0.002 -20"><span class='ocrx_word' id='word_1_418' title='bbox 456 3908 595 3967; x_wconf 89' lang='lat' dir='ltr'><strong>nihil</strong></span> <span class='ocrx_word' id='word_1_419' title='bbox 633 3908 740 3963; x_wconf 86' lang='lat' dir='ltr'><strong>nisi</strong></span> <span class='ocrx_word' id='word_1_420' title='bbox 784 3908 1104 3979; x_wconf 88' lang='lat' dir='ltr'><strong>parabolam</strong></span> <span class='ocrx_word' id='word_1_421' title='bbox 1145 3907 1205 3962; x_wconf 85' lang='lat' dir='ltr'><strong>in</strong></span> <span class='ocrx_word' id='word_1_422' title='bbox 1251 3904 1437 3963; x_wconf 87' lang='lat' dir='ltr'><strong>libello</strong></span> <span class='ocrx_word' id='word_1_423' title='bbox 1478 3906 1716 3978; x_wconf 90' lang='lat' dir='ltr'><strong>proponi</strong></span> <span class='ocrx_word' id='word_1_424' title='bbox 1749 3914 2026 3975; x_wconf 90' lang='lat' dir='ltr'><strong>statuunt,</strong></span> <span class='ocrx_word' id='word_1_425' title='bbox 2053 3905 2152 3962; x_wconf 87' lang='lat' dir='ltr'><strong>sed</strong></span> <span class='ocrx_word' id='word_1_426' title='bbox 2181 3906 2469 3963; x_wconf 89' lang='lat' dir='ltr'><strong>cuiusnam</strong></span> <span class='ocrx_word' id='word_1_427' title='bbox 2495 3909 2578 3963; x_wconf 89' lang='lat' dir='ltr'><strong>rei</strong></span> <span class='ocrx_word' id='word_1_428' title='bbox 2617 3908 2698 3965; x_wconf 90' lang='lat' dir='ltr'><strong>sit</strong></span> <span class='ocrx_word' id='word_1_429' title='bbox 2735 3902 2966 3980; x_wconf 80' lang='lat' dir='ltr'><strong>parabola</strong></span> <span class='ocrx_word' id='word_1_430' title='bbox 3010 3970 3011 3985; x_wconf 16' lang='grc' dir='ltr'>ἢ</span> 
     </span>
     <span class='ocr_line' id='line_1_40' title="bbox 454 3993 3011 4069; baseline -0.002 -16"><span class='ocrx_word' id='word_1_431' title='bbox 454 3998 729 4067; x_wconf 83' lang='lat' dir='ltr'><strong>ignorant.</strong></span> <span class='ocrx_word' id='word_1_432' title='bbox 761 3995 973 4065; x_wconf 89' lang='lat' dir='ltr'><strong>Quibus</strong></span> <span class='ocrx_word' id='word_1_433' title='bbox 1000 3994 1311 4068; x_wconf 87' lang='lat' dir='ltr'><strong>systematis</strong></span> <span class='ocrx_word' id='word_1_434' title='bbox 1325 4034 1343 4063; x_wconf 93' lang='lat'><strong>,</strong></span> <span class='ocrx_word' id='word_1_435' title='bbox 1378 4002 1574 4066; x_wconf 90' lang='lat' dir='ltr'><strong>utpote</strong></span> <span class='ocrx_word' id='word_1_436' title='bbox 1603 4010 1826 4066; x_wconf 87' lang='lat' dir='ltr'><strong>prorsus</strong></span> <span class='ocrx_word' id='word_1_437' title='bbox 1855 3993 2185 4063; x_wconf 87' lang='lat' dir='ltr'><strong>arbitrariis,</strong></span> <span class='ocrx_word' id='word_1_438' title='bbox 2219 3994 2628 4065; x_wconf 84' lang='lat' dir='ltr'><strong>praetermissis</strong></span> <span class='ocrx_word' id='word_1_439' title='bbox 2667 3998 2966 4069; x_wconf 77' lang='lat' dir='ltr'><strong>argumenta</strong></span> <span class='ocrx_word' id='word_1_440' title='bbox 3010 3994 3011 4029; x_wconf 46' lang='grc' dir='ltr'>ἒ</span> 
     </span>
     <span class='ocr_line' id='line_1_41' title="bbox 454 4081 3011 4157; baseline 0 -18"><span class='ocrx_word' id='word_1_441' title='bbox 454 4084 643 4154; x_wconf 88' lang='lat' dir='ltr'><strong>paucis</strong></span> <span class='ocrx_word' id='word_1_442' title='bbox 664 4082 1055 4151; x_wconf 86' lang='lat' dir='ltr'><strong>indicabimus,</strong></span> <span class='ocrx_word' id='word_1_443' title='bbox 1088 4081 1289 4156; x_wconf 90' lang='lat' dir='ltr'><strong>quibus</strong></span> <span class='ocrx_word' id='word_1_444' title='bbox 1315 4081 1431 4137; x_wconf 86' lang='lat' dir='ltr'><strong>nixi</strong></span> <span class='ocrx_word' id='word_1_445' title='bbox 1456 4081 1776 4138; x_wconf 88' lang='lat' dir='ltr'><strong>historicam</strong></span> <span class='ocrx_word' id='word_1_446' title='bbox 1799 4081 1926 4139; x_wconf 91' lang='lat' dir='ltr'><strong>libri</strong></span> <span class='ocrx_word' id='word_1_447' title='bbox 1949 4082 2338 4138; x_wconf 88' lang='lat' dir='ltr'><strong>auctoritatem</strong></span> <span class='ocrx_word' id='word_1_448' title='bbox 2356 4084 2714 4157; x_wconf 87' lang='lat' dir='ltr'><strong>impugnant.</strong></span> <span class='ocrx_word' id='word_1_449' title='bbox 3010 4088 3011 4145; x_wconf 64' lang='lat' dir='ltr'><strong>Q</strong></span> 
     </span>
    </p>

    <p class='ocr_par' dir='ltr' id='par_1_12' title="bbox 451 4168 3011 4505">
     <span class='ocr_line' id='line_1_42' title="bbox 522 4168 3011 4243; baseline 0.001 -18"><span class='ocrx_word' id='word_1_450' title='bbox 522 4171 767 4227; x_wconf 87' lang='lat' dir='ltr'><strong>Primum</strong></span> <span class='ocrx_word' id='word_1_451' title='bbox 790 4178 847 4226; x_wconf 90' lang='lat' dir='ltr'><strong>et</strong></span> <span class='ocrx_word' id='word_1_452' title='bbox 868 4172 1225 4241; x_wconf 88' lang='lat' dir='ltr'><strong>praecipuum</strong></span> <span class='ocrx_word' id='word_1_453' title='bbox 1253 4171 1598 4226; x_wconf 89' lang='lat' dir='ltr'><strong>constituunt</strong></span> <span class='ocrx_word' id='word_1_454' title='bbox 1622 4186 1824 4243; x_wconf 78' lang='lat' dir='ltr'><strong>magna</strong></span> <span class='ocrx_word' id='word_1_455' title='bbox 1849 4170 2136 4239; x_wconf 87' lang='lat' dir='ltr'><strong>miracula,</strong></span> <span class='ocrx_word' id='word_1_456' title='bbox 2162 4185 2306 4242; x_wconf 86' lang='lat' dir='ltr'><strong>quae</strong></span> <span class='ocrx_word' id='word_1_457' title='bbox 2331 4179 2665 4238; x_wconf 86' lang='lat' dir='ltr'><strong>narrantur;</strong></span> <span class='ocrx_word' id='word_1_458' title='bbox 2699 4174 2790 4227; x_wconf 91' lang='lat' dir='ltr'><strong>cui</strong></span> <span class='ocrx_word' id='word_1_459' title='bbox 2815 4168 2970 4226; x_wconf 82' lang='lat' dir='ltr'><strong>obiec-</strong></span> <span class='ocrx_word' id='word_1_460' title='bbox 3010 4186 3011 4227; x_wconf 32' lang='grc' dir='ltr'>ξ</span> 
     </span>
     <span class='ocr_line' id='line_1_43' title="bbox 454 4256 2971 4330; baseline -0.002 -18"><span class='ocrx_word' id='word_1_461' title='bbox 454 4260 589 4315; x_wconf 88' lang='lat' dir='ltr'><strong>tioni</strong></span> <span class='ocrx_word' id='word_1_462' title='bbox 614 4258 750 4315; x_wconf 88' lang='lat' dir='ltr'><strong>nihil</strong></span> <span class='ocrx_word' id='word_1_463' title='bbox 789 4258 943 4314; x_wconf 88' lang='lat' dir='ltr'><strong>aliud</strong></span> <span class='ocrx_word' id='word_1_464' title='bbox 970 4260 1329 4330; x_wconf 83' lang='lat' dir='ltr'><strong>opponimus,</strong></span> <span class='ocrx_word' id='word_1_465' title='bbox 1360 4259 1465 4314; x_wconf 88' lang='lat' dir='ltr'><strong>nisi</strong></span> <span class='ocrx_word' id='word_1_466' title='bbox 1493 4256 1644 4330; x_wconf 83' lang='lat' dir='ltr'><strong>quod</strong></span> <span class='ocrx_word' id='word_1_467' title='bbox 1679 4258 1861 4315; x_wconf 88' lang='lat' dir='ltr'><strong>eidem</strong></span> <span class='ocrx_word' id='word_1_468' title='bbox 1896 4259 2008 4315; x_wconf 90' lang='lat' dir='ltr'><strong>iam</strong></span> <span class='ocrx_word' id='word_1_469' title='bbox 2035 4274 2137 4314; x_wconf 88' lang='lat' dir='ltr'><strong>suo</strong></span> <span class='ocrx_word' id='word_1_470' title='bbox 2179 4268 2430 4329; x_wconf 88' lang='lat' dir='ltr'><strong>tempore</strong></span> <span class='ocrx_word' id='word_1_471' title='bbox 2467 4259 2736 4329; x_wconf 86' lang='lat' dir='ltr'><strong>opposuit</strong></span> <span class='ocrx_word' id='word_1_472' title='bbox 2778 4256 2836 4314; x_wconf 88' lang='lat' dir='ltr'><strong>S.</strong></span> <span class='ocrx_word' id='word_1_473' title='bbox 2867 4260 2971 4311; x_wconf 65' lang='lat' dir='ltr'><strong>Aa·</strong></span> 
     </span>
     <span class='ocr_line' id='line_1_44' title="bbox 452 4344 3011 4419; baseline -0.002 -18"><span class='ocrx_word' id='word_1_474' title='bbox 452 4347 720 4418; x_wconf 69' lang='lat' dir='ltr'><strong>quatinus</strong></span> <span class='ocrx_word' id='word_1_475' title='bbox 748 4346 841 4414; x_wconf 91' lang='lat' dir='ltr'><strong>(ad</strong></span> <span class='ocrx_word' id='word_1_476' title='bbox 870 4349 1131 4419; x_wconf 88' lang='lat' dir='ltr'><strong>Deograt.</strong></span> <span class='ocrx_word' id='word_1_477' title='bbox 1160 4362 1249 4417; x_wconf 88' lang='lat' dir='ltr'><strong>ep.</strong></span> <span class='ocrx_word' id='word_1_478' title='bbox 1284 4352 1478 4413; x_wconf 79' lang='lat' dir='ltr'><strong>102,ao</strong></span> <span class='ocrx_word' id='word_1_479' title='bbox 1508 4350 1618 4417; x_wconf 90' lang='lat' dir='ltr'><strong>sq.)</strong></span> <span class='ocrx_word' id='word_1_480' title='bbox 1653 4368 1666 4402; x_wconf 70' lang='grc' dir='ltr'><strong><em>ε</em></strong></span> <span class='ocrx_word' id='word_1_481' title='bbox 1702 4368 1728 4398; x_wconf 77' lang='grc' dir='ltr'><strong>α</strong></span> <span class='ocrx_word' id='word_1_482' title='bbox 1757 4345 1905 4417; x_wconf 90' lang='lat' dir='ltr'><strong>quod</strong></span> <span class='ocrx_word' id='word_1_483' title='bbox 1936 4353 2033 4401; x_wconf 91' lang='lat' dir='ltr'><strong>aut</strong></span> <span class='ocrx_word' id='word_1_484' title='bbox 2060 4345 2244 4402; x_wconf 90' lang='lat' dir='ltr'><strong>omnia</strong></span> <span class='ocrx_word' id='word_1_485' title='bbox 2273 4344 2535 4403; x_wconf 87' lang='lat' dir='ltr'><strong>miracula</strong></span> <span class='ocrx_word' id='word_1_486' title='bbox 2565 4344 2850 4402; x_wconf 87' lang='lat' dir='ltr'><strong>credenda</strong></span> <span class='ocrx_word' id='word_1_487' title='bbox 2877 4355 2972 4395; x_wconf 89' lang='lat' dir='ltr'><strong>non</strong></span> <span class='ocrx_word' id='word_1_488' title='bbox 3010 4354 3011 4391; x_wconf 71' lang='lat'><em>3</em></span> 
     </span>
     <span class='ocr_line' id='line_1_45' title="bbox 451 4432 2970 4505; baseline -0.002 -18"><span class='ocrx_word' id='word_1_489' title='bbox 451 4434 589 4503; x_wconf 89' lang='lat' dir='ltr'><strong>sint,</strong></span> <span class='ocrx_word' id='word_1_490' title='bbox 620 4442 715 4489; x_wconf 89' lang='lat' dir='ltr'><strong>aut</strong></span> <span class='ocrx_word' id='word_1_491' title='bbox 742 4434 881 4490; x_wconf 88' lang='lat' dir='ltr'><strong>haec</strong></span> <span class='ocrx_word' id='word_1_492' title='bbox 908 4450 1008 4489; x_wconf 91' lang='lat' dir='ltr'><strong>cur</strong></span> <span class='ocrx_word' id='word_1_493' title='bbox 1036 4450 1146 4489; x_wconf 90' lang='lat' dir='ltr'><strong>non</strong></span> <span class='ocrx_word' id='word_1_494' title='bbox 1176 4432 1494 4501; x_wconf 87' lang='lat' dir='ltr'><strong>credantur,</strong></span> <span class='ocrx_word' id='word_1_495' title='bbox 1529 4448 1694 4490; x_wconf 88' lang='lat' dir='ltr'><strong>causa</strong></span> <span class='ocrx_word' id='word_1_496' title='bbox 1723 4432 1874 4489; x_wconf 88' lang='lat' dir='ltr'><strong>nulla</strong></span> <span class='ocrx_word' id='word_1_497' title='bbox 1903 4432 1974 4489; x_wconf 92' lang='lat' dir='ltr'><strong>sit</strong></span> <span class='ocrx_word' id='word_1_498' title='bbox 2002 4454 2028 4485; x_wconf 70' lang='lat' dir='ltr'><strong>n</strong></span> <span class='ocrx_word' id='word_1_499' title='bbox 2064 4442 2170 4489; x_wconf 88' lang='lat' dir='ltr'><strong>etc.</strong></span> <span class='ocrx_word' id='word_1_500' title='bbox 2198 4464 2266 4473; x_wconf 91' lang='grc'>-</span> <span class='ocrx_word' id='word_1_501' title='bbox 2294 4436 2468 4489; x_wconf 89' lang='lat' dir='ltr'><strong>Porro</strong></span> <span class='ocrx_word' id='word_1_502' title='bbox 2504 4432 2661 4489; x_wconf 88' lang='lat' dir='ltr'><strong>credi</strong></span> <span class='ocrx_word' id='word_1_503' title='bbox 2693 4448 2854 4505; x_wconf 87' lang='lat' dir='ltr'><strong>posse</strong></span> <span class='ocrx_word' id='word_1_504' title='bbox 2886 4444 2970 4483; x_wconf 81' lang='lat' dir='ltr'><strong>ne-</strong></span> 
     </span>
    </p>
   </div>
   <div class='ocr_carea' id='block_1_12' title="bbox 450 4518 2971 4683">
    <p class='ocr_par' dir='ltr' id='par_1_13' title="bbox 450 4518 2971 4683">
     <span class='ocr_line' id='line_1_46' title="bbox 450 4518 2971 4594; baseline 0.001 -19"><span class='ocrx_word' id='word_1_505' title='bbox 450 4528 583 4591; x_wconf 83' lang='lat' dir='ltr'><strong>gant</strong></span> <span class='ocrx_word' id='word_1_506' title='bbox 614 4519 915 4577; x_wconf 88' lang='lat' dir='ltr'><strong>adversarii</strong></span> <span class='ocrx_word' id='word_1_507' title='bbox 953 4522 1273 4577; x_wconf 86' lang='lat' dir='ltr'><strong>missionem</strong></span> <span class='ocrx_word' id='word_1_508' title='bbox 1312 4520 1614 4594; x_wconf 83' lang='lat' dir='ltr'><strong>prophetae</strong></span> <span class='ocrx_word' id='word_1_509' title='bbox 1651 4521 1934 4578; x_wconf 88' lang='lat' dir='ltr'><strong>israelitici</strong></span> <span class='ocrx_word' id='word_1_510' title='bbox 1969 4520 2043 4577; x_wconf 88' lang='lat' dir='ltr'><strong>ad</strong></span> <span class='ocrx_word' id='word_1_511' title='bbox 2085 4520 2361 4590; x_wconf 88' lang='lat' dir='ltr'><strong>ethnicos;</strong></span> <span class='ocrx_word' id='word_1_512' title='bbox 2405 4528 2466 4576; x_wconf 90' lang='lat' dir='ltr'><strong>at</strong></span> <span class='ocrx_word' id='word_1_513' title='bbox 2509 4534 2626 4576; x_wconf 84' lang='lat' dir='ltr'><strong>non</strong></span> <span class='ocrx_word' id='word_1_514' title='bbox 2669 4518 2971 4577; x_wconf 61' lang='lat' dir='ltr'><strong>attendunt,</strong></span> 
     </span>
     <span class='ocr_line' id='line_1_47' title="bbox 456 4608 2964 4683; baseline -0 -23"><span class='ocrx_word' id='word_1_515' title='bbox 456 4608 749 4664; x_wconf 87' lang='lat' dir='ltr'><strong>Dominum</strong></span> <span class='ocrx_word' id='word_1_516' title='bbox 795 4610 1013 4681; x_wconf 86' lang='lat' dir='ltr'><strong>populis</strong></span> <span class='ocrx_word' id='word_1_517' title='bbox 1058 4610 1333 4682; x_wconf 86' lang='lat' dir='ltr'><strong>plerisque</strong></span> <span class='ocrx_word' id='word_1_518' title='bbox 1380 4609 1631 4680; x_wconf 88' lang='lat' dir='ltr'><strong>ethnicis,</strong></span> <span class='ocrx_word' id='word_1_519' title='bbox 1665 4610 2074 4683; x_wconf 87' lang='lat' dir='ltr'><strong>quamprimum</strong></span> <span class='ocrx_word' id='word_1_520' title='bbox 2103 4625 2230 4666; x_wconf 93' lang='lat' dir='ltr'><strong>cum</strong></span> <span class='ocrx_word' id='word_1_521' title='bbox 2259 4608 2466 4682; x_wconf 87' lang='lat' dir='ltr'><strong>populo</strong></span> <span class='ocrx_word' id='word_1_522' title='bbox 2493 4612 2674 4665; x_wconf 86' lang='lat' dir='ltr'><strong>electo</strong></span> <span class='ocrx_word' id='word_1_523' title='bbox 2705 4620 2964 4665; x_wconf 86' lang='lat' dir='ltr'><strong>commer-</strong></span> 
     </span>
    </p>
   </div>
   <div class='ocr_carea' id='block_1_13' title="bbox 3002 462 3019 1257">
    <p class='ocr_par' dir='ltr' id='par_1_14' title="bbox 3002 462 3019 1257">
     <span class='ocr_line' id='line_1_48' title="bbox 3002 462 3019 1257; baseline 0 0"><span class='ocrx_word' id='word_1_524' title='bbox 3002 462 3019 1257; x_wconf 95' lang='lat' dir='ltr'><strong> </strong></span> 
     </span>
    </p>
   </div>
   <div class='ocr_carea' id='block_1_14' title="bbox 2988 1592 3033 4059">
    <p class='ocr_par' dir='ltr' id='par_1_15' title="bbox 2988 1592 3033 4059">
     <span class='ocr_line' id='line_1_49' title="bbox 2988 1592 3033 4059; baseline 0 0"><span class='ocrx_word' id='word_1_525' title='bbox 2988 1592 3033 4059; x_wconf 95' lang='lat' dir='ltr'><strong> </strong></span> 
     </span>
    </p>
   </div>
  </div>
 </body>
</html>
