3050 5184
442 276 560 337 270
640 293 714 337 nr:
755 294 893 339 ver.
939 294 1193 338 rnsrau.
1242 294 1425 339 umus
1465 292 1925 339 ms'romc1s.—
1967 292 2092 335 car.
2140 292 2247 335 vu.
2296 290 2370 337 nu
2410 290 2604 335 umus
2639 290 2864 334 usnam.

442 424 685 481 taxcrxis
708 425 779 496 (a.
808 430 958 492 468.)
986 426 1042 480 in
1068 426 1438 481 Palaestinam
1465 440 1722 481 reversus
1757 432 1859 491 est,
1894 423 2049 479 facile
2082 438 2259 495 usque
2300 420 2368 479 ad
2408 422 2566 478 Darii
2592 422 2755 477 Nothi
2795 426 2935 482 1423:

442 514 567 578 405)
584 554 597 580 ‚
620 513 941 569 Artaxerxis
968 513 1298 569 successoris
1312 555 1327 582 ‚
1354 521 1605 583 tempora
1635 512 1816 567 vivere
1841 511 2034 581 potuit.
3022 516 3023 523 ’

955 718 991 801 §
1020 721 1126 781 32.
1159 754 1250 767 —
1278 718 1375 783 De
1408 714 1721 783 librorum
1753 713 2004 781 Esdrae
2035 714 2454 782 auctoritate.

519 927 574 986 1.
613 960 690 970 —-
728 928 817 987 Ex
868 926 1139 987 duorum
1182 926 1488 987 librorum
1529 925 1762 987 Esdrao
1798 926 2036 1003 origine
2077 942 2298 987 eorum
2325 931 2654 986 auctoritas
2687 926 2944 984 historica
3022 940 3023 1011 ss

440 1025 729 1100 apparet3
776 1024 978 1083 maior
1016 1023 1186 1082 enim
1229 1038 1446 1084 eorum
1485 1038 1627 1100 pars
1659 1022 2008 1099 composita
2049 1027 2145 1083 est
2183 1020 2423 1084 duobus
2466 1020 2943 1087 commentariis,

440 1135 597 1196 quos
639 1118 865 1180 Esdras
910 1124 976 1180 et
1014 1118 1349 1179 Nehemias
1391 1119 1472 1180 de
1512 1118 1646 1178 suis
1681 1118 1966 1196 ipsorum
2004 1119 2190 1181 rebus
2228 1118 2422 1196 gestis
2461 1119 2946 1197 conscripserunt
3022 1108 3023 1181 Ῐ

441 1214 510 1292 (Ι.
551 1214 716 1275 7.-11.
757 1214 891 1294 13);
943 1214 1142 1275 altera
1178 1232 1327 1275 vero
1369 1213 1640 1293 publicis
1677 1213 2073 1276 documentis
2110 1214 2407 1279 continuo
2449 1214 2741 1275 munitur
2781 1219 2948 1290 atque
3022 1202 3023 1213 ’

438 1310 708 1372 duorum
736 1312 1183 1390 prophetarum
1208 1311 1594 1389 aequalium,
1615 1311 1846 1389 Aggaei
1875 1313 1940 1371 et
1963 1310 2318 1385 Zachariae,
2338 1310 2517 1373 libris
2537 1312 2944 1372 confirmatur.
3022 1358 3023 1363 ,

504 1422 658 1480 Libri
680 1424 890 1480 Esdrae
909 1465 926 1492 ‚
952 1424 1214 1497 quoniam
1241 1439 1345 1481 nec
1376 1438 1576 1496 magna
1612 1423 1878 1479 miracula
1915 1432 2144 1479 narrant
2179 1440 2283 1479 nec
2323 1423 2394 1479 de
2431 1422 2696 1485 vaticiniis
2731 1423 2952 1493 impletis
3022 1490 3023 1501 ἵ

436 1511 759 1583 loquuntur,
790 1512 1139 1584 paucioribus
1166 1510 1632 1568 rationalistarum
1659 1510 2056 1568 obiectionibus
2083 1519 2211 1566 sunt
2251 1511 2516 1580 lacessiti3
2549 1527 2728 1583 pauca
2755 1520 2950 1569 tantum

453 1607 683 1654 monent
696 1640 713 1663 ,
736 1614 879 1671 quae
913 1597 1265 1670 paucioribus
1288 1598 1674 1670 expediuntur.
1707 1598 2064 1654 Familiarum
2091 1614 2220 1653 cum
2246 1597 2586 1657 zorobabele
2621 1614 2952 1655 reversarum
3022 1612 3023 1663 ᾗ

438 1684 549 1741 duo
578 1685 909 1743 exhibentur
934 1686 1173 1759 catalogi
1201 1688 1264 1753 (1.
1307 1693 1392 1753 2.;
1424 1688 1495 1742 11.
1526 1690 1626 1755 7.),
1660 1687 1754 1758 qui
1789 1686 1844 1740 in
1880 1686 2133 1742 universo
2172 1684 2396 1759 quidem
2436 1702 2670 1743 numero
2709 1686 2952 1743 reducum
3022 1696 3023 1735 1

436 1774 815 1845 consentiunt,
857 1775 914 1829 in
950 1774 1265 1831 nominibus
1306 1783 1489 1829 autem
1532 1783 1588 1829 et
1624 1772 1994 1846 singularibus
2027 1774 2276 1831 numeris
2311 1774 2594 1840 differunt,
2637 1784 2808 1847 atque
2841 1774 2954 1829 satis
3022 1760 3023 1811 3

437 1861 643 1917 multae
679 1876 898 1935 quoque
933 1861 1293 1917 inveniuntur
1328 1859 1672 1917 differentiae
1697 1860 1754 1916 in
1791 1859 2004 1917 duabus
2040 1860 2544 1919 enumerationibus
2585 1860 2860 1918 donorum
2893 1859 2954 1915 ad
3022 1878 3023 1941 ζ

442 1951 713 2019 templum
758 1947 1159 2005 aedificandum
1205 1949 1535 2004 collatorum
1578 1949 1640 2019 (Ι.
1689 1953 1819 2016 2,68
1855 1963 2011 2019 sqq.;
2053 1949 2130 2004 Π.
2174 1953 2302 2013 7,70
2341 1948 2505 2021 sqq).
2533 1950 2633 2004 Cui
2661 1948 2954 2005 difficultati
3022 1942 3023 1995 l

444 2036 872 2107 respondemus,
911 2038 1287 2108 antiquissimo
1324 2038 1435 2092 iam
1461 2044 1741 2107 tempore,
1773 2044 2072 2107 antequam
2099 2051 2295 2109 graeca
2323 2035 2593 2091 librorum
2621 2039 2802 2093 versio
2832 2037 2956 2091 facta

440 2132 543 2193 est,
574 2125 841 2181 nonnulla
860 2125 1110 2181 membra
1131 2132 1451 2180 enumerata
1472 2139 1503 2180 a
1524 2122 1762 2179 librariis
1780 2139 1898 2179 esse
1922 2122 2120 2179 omissa
2141 2131 2240 2179 aut
2257 2123 2465 2192 vitiata,
2495 2140 2678 2196 neque
2699 2124 2955 2181 donorum
3022 2126 3023 2197 l

435 2213 716 2283 catalogos
760 2212 828 2268 ab
876 2212 1133 2268 omnibus
1168 2210 1383 2268 mendis
1420 2227 1539 2267 esse
1579 2211 1880 2281 immunes,
1919 2210 2050 2267 licet
2085 2210 2145 2265 in
2183 2210 2268 2266 his
2300 2209 2360 2265 id
2388 2226 2608 2283 quoque
2649 2214 2958 2284 respiciatur
3022 2242 3023 2277 4

436 2308 717 2371 oporteat,
760 2298 905 2355 dona
939 2300 997 2354 in
1034 2300 1217 2371 priore
1254 2298 1570 2355 summatim
1607 2298 1862 2365 indicari,
1900 2299 1957 2353 in
1995 2299 2167 2354 altero
2205 2299 2512 2355 accuratius
2539 2300 2872 2357 enumerari.
2899 2330 2956 2338 -—
3022 2298 3023 2373 ᾖ

422 2386 632 2450 ,Altera
675 2384 971 2443 difficultas
1008 2395 1091 2442 est
1126 2386 1541 2459 chronologica.
1580 2384 1894 2443 Secundum
1932 2387 1978 2441 Ι.
2028 2392 2120 2455 3‚8
2165 2400 2288 2458 sqq.
2332 2385 2562 2443 reduces
2598 2388 2792 2443 statim
2827 2404 2878 2443 a.
2911 2394 2956 2440 2.

443 2476 593 2544 Cyri
636 2471 990 2530 fundamenta
1027 2474 1220 2547 templi
1264 2474 1529 2546 iecerunt,
1566 2481 1624 2529 at
1659 2472 1974 2531 chaldaicae
2013 2474 2346 2530 narrationis
2381 2482 2575 2530 auctor
2621 2474 2810 2544 docet,
2848 2482 2960 2529 ante
3022 2504 3023 2543 3

434 2568 492 2617 2.
518 2578 570 2617 a.
594 2562 776 2618 Darii
792 2562 987 2633 templi
1008 2561 1449 2619 aedificationem
1472 2578 1587 2617 non
1605 2576 1722 2617 esse
1744 2561 2062 2618 inchoatam
2080 2562 2151 2633 (1.
2173 2568 2287 2631 5,2.
2322 2567 2428 2629 16),
2455 2570 2621 2634 atque
2645 2579 2780 2619 cum
2803 2563 2958 2618 altera
3022 2568 3023 2571 ’

440 2649 707 2705 relatione
746 2649 1017 2707 consentit
1050 2656 1319 2721 Aqqaeus
1349 2654 1481 2717 (1‚2.
1517 2657 1572 2704 4.
1603 2656 1658 2706 8.
1691 2654 1785 2715 14ς
1815 2654 1984 2716 2,12).
2013 2649 2169 2717 Quae
2205 2649 2411 2721 optime
2451 2650 2736 2707 conciliari
2765 2651 2959 2706 clarum
3022 2710 3023 2717 ἵ

441 2745 552 2804 est;
590 2753 717 2792 nam
756 2740 803 2793 1.
835 2744 961 2805 3‚10
994 2737 1064 2793 de
1099 2736 1459 2811 fundacione
1487 2736 1776 2793 dumtaxat
1803 2752 1983 2791 sermo
2007 2744 2109 2806 est,
2150 2744 2208 2792 et
2231 2742 2321 2805 4‚1
2354 2730 2628 2793 indicatur
2667 2740 2843 2803 ratio,
2875 2752 2960 2793 cur
3022 2730 3023 2735 ’

437 2822 831 2896 aedificatum
866 2842 979 2881 non
1007 2825 1077 2880 sit
1103 2826 1400 2896 templum;
1432 2842 1463 2881 e
1499 2833 1692 2881 contra
1729 2830 1819 2891 5‚2
1849 2840 1961 2879 non
1990 2822 2060 2879 de
2090 2822 2441 2893 fundatione,
2475 2824 2574 2881 sed
2601 2824 2675 2881 de
2715 2826 2958 2883 aedifica-

437 2914 604 2968 tionis
635 2910 787 2968 initio
818 2914 948 2985 agit.
976 2912 1103 2984 Cyri
1128 2912 1350 2969 decreto
1374 2911 1592 2968 Iudaeis
1618 2912 1902 2983 permissio
1925 2910 2233 2967 revertendi
2268 2912 2399 2968 ideo
2433 2921 2553 2968 erat
2589 2928 2872 2979 concessa,
2909 2916 2960 2965 u!
3022 2912 3023 2971 ἰ

434 3001 820 3071 aedificarent
840 3000 1124 3073 templum
1144 3002 1211 3071 (I.
1232 3006 1341 3069 1‚2.
1366 2998 1447 3071 3);
1476 3014 1646 3071 quare
1668 3014 1783 3055 non
1809 3008 1892 3054 est
1913 2999 2163 3067 dubium,
2195 3000 2329 3073 quin
2357 2999 2586 3056 reduces
2613 3016 2765 3073 opus
2790 3001 2960 3059 statim
3022 3008 3023 3077 ᾗ

432 3088 543 3144 sint
569 3088 841 3161 aggressi3
878 3097 937 3144 at
963 3097 1086 3159 post
1116 3087 1470 3143 fundamenta
1500 3087 1670 3154 iacta,
1700 3085 1829 3143 licet
1859 3086 2296 3143 aedificationem
2326 3104 2438 3143 non
2466 3087 2628 3160 plane
2657 3089 2958 3145 intermise-
3022 3096 3023 3157 l

435 3177 547 3231 rint
570 3177 756 3246 (5‚16)‚
778 3174 1023 3231 hostiu‘m
1052 3184 1237 3231 tamen
1255 3174 1463 3230 insidiis
1482 3174 1728 3245 impediti
1747 3188 2068 3246 progressus
2085 3190 2201 3230 non
2222 3173 2496 3245 fecerunt;
2525 3175 2655 3231 ideo
2685 3174 2960 3249 conquesti
3022 3164 3023 3197 ³

432 3272 581 3331 sunt,
630 3262 779 3334 quod
826 3261 1147 3319 aedificandi
1194 3262 1384 3334 templi
1422 3261 1672 3317 nondum
1711 3262 2018 3317 advenisset
2056 3270 2278 3334 tempus
2323 3267 2495 3335 (Aqq.
2548 3264 2685 3335 1,2)‚
2735 3274 2895 3336 atque
2933 3280 2957 3316 a
3022 3262 3023 3283 ¹

435 3350 721 3422 prophetis
749 3350 946 3405 moniti
965 3360 1111 3416 sunt,
1146 3359 1207 3405 ut
1224 3348 1452 3406 tandem
1479 3347 1778 3423 aliquando
1807 3350 1962 3420 operi
1985 3365 2210 3406 manum
2237 3348 2598 3407 admoverent
2627 3356 2799 3425 (Αῃᾳ.
2835 3356 2957 3414 1,7ἳ.;
3022 3354 3023 3393 ἒ

434 3438 509 3492 ita
540 3436 746 3493 factum
769 3446 869 3505 est,
894 3446 957 3492 ut
981 3438 1252 3510 propheta
1282 3434 1428 3493 diem
1454 3435 1629 3506 illam,
1662 3452 1768 3508 qua
1797 3452 2025 3492 excusso
2053 3446 2279 3509 torpore
2299 3453 2416 3493 rem
2441 3453 2640 3510 urgere
2669 3446 2958 3511 coeperunt
3022 3510 3023 3513 Ἴ

432 3525 643 3593 ludaei,
678 3526 826 3581 velut
851 3522 999 3579 diem
1028 3524 1362 3581 fundationis
1392 3524 1618 3581 haberet
1648 3524 1806 3598 (Agg.
1833 3524 2006 3597 2‚18).

508 3678 567 3735 2.
591 3674 757 3733 —In
782 3676 951 3735 Novo
984 3678 1150 3735 Test.
1184 3675 1261 3735 ad
1286 3674 1513 3738 Esdrae
1539 3675 1730 3735 libros
1759 3675 1932 3737 nulla
1959 3674 2278 3736 invenitur
2295 3675 2538 3746 allusio,
2565 3694 2780 3755 neque
2801 3682 2958 3737 certa

431 3773 496 3832 in
524 3770 704 3831 libris
736 3771 1341 3845 deuterocanonicis;
1370 3772 1625 3832 traditio
1650 3777 1861 3832 autem
1886 3789 2108 3833 eorum
2131 3768 2481 3835 auctoritati
2501 3772 2753 3834 divinae
2778 3776 2958 3835 invic-
3022 3770 3023 3841 ᾗ

442 3872 583 3928 tum
630 3867 891 3947 praebet
925 3867 1436 3945 fundamentum,
1470 3886 1664 3946 quum
1703 3868 1965 3930 Iudaeos
1996 3874 2060 3929 et
2093 3869 2468 3931 Christianos
2493 3870 2586 3931 eis
2612 3888 2872 3949 semper
2903 3870 2956 3927 in
3022 3902 3023 3927 ι

426 3982 663 4027 canone
693 3982 805 4027 suo
824 3964 1031 4027 locum
1058 3966 1419 4026 attribuisse
1443 3971 1734 4026 testetur.
3022 3948 3023 4013 ἶ

496 4079 651 4148 Quae
670 4084 704 4133 2
734 4078 1209 4147 Maclc.1,18-2‚13
1239 4078 1309 4134 de
1336 4078 1605 4135 Nehemia
1633 4087 1946 4147 narrantur,
1969 4095 2039 4134 ex
2057 4079 2260 4136 nostris
2276 4079 2430 4137 libris
2451 4096 2566 4137 non
2585 4090 2720 4137 sunt
2747 4082 2954 4137 hausta.

428 4166 573 4220 Num
597 4165 840 4223 Siracida
868 4165 1061 4222 laudes
1091 4166 1473 4234 zorobabeliS‚
1507 4167 1733 4235 Iosuae‚
1761 4165 2060 4223 Nehemiae
2089 4166 2293 4236 (Eoo-li.
2328 4172 2492 4238 49,1a
2523 4174 2669 4241 sqq.)
2700 4186 2774 4225 ex
2803 4184 2961 4241 opere

425 4261 615 4308 nostro
659 4251 1017 4324 desumserit‚
1055 4253 1226 4325 aliqui
1272 4252 1554 4323 dubitant,
1601 4254 1727 4325 quia
1770 4253 1973 4310 Esdras
2017 4270 2131 4311 non
2165 4256 2508 4324 nominatur,
2557 4258 2645 4311 cui
2680 4265 2876 4313 tamen
2909 4257 2960 4310 in

426 4340 835 4397 restaurationis
880 4357 1045 4413 opere
1092 4341 1218 4397 libri
1274 4338 1449 4397 nostri
1495 4342 1698 4412 primas
1743 4351 1926 4413 partes
1970 4340 2294 4398 attribuant.
2338 4349 2412 4399 At
2453 4342 2800 4415 respondent
2846 4344 2958 4407 alii.

428 4428 697 4496 vaticinia,
720 4444 861 4500 quae
880 4428 1184 4485 Malachiae
1207 4428 1431 4484 nomine
1454 4428 1715 4500 inscripta
1744 4438 1893 4496 sunt,
1919 4446 1950 4484 a
1979 4430 2167 4486 multis
2194 4430 2434 4503 antiquis
2463 4432 2690 4487 attribui
2722 4432 2957 4489 Esdraez
3022 4472 3023 4475 η

428 4512 731 4569 Siracidam
756 4516 945 4589 igitur,
976 4533 1149 4588 quum
1177 4516 1246 4572 de
1273 4515 1568 4573 duodecim
1590 4517 1872 4588 prophetis
1897 4517 2009 4575 iam
2031 4530 2176 4575 esset
2204 4520 2446 4589 locutus,
2481 4518 2712 4575 Esdram
2739 4519 2964 4594 proprio

428 4600 651 4656 nomine
679 4602 878 4658 iterum
909 4620 1345 4661 commemorare
1374 4604 1632 4661 noluisse.
