3050 5184
439 262 556 319 212
663 276 736 319 na
781 276 915 319 var.
963 274 1215 319 rasum.
1261 272 1452 316 manis
1495 269 1847 315 ms‘romcrs.
1898 290 1975 299 -
2018 272 2150 316 car.
2206 275 2249 317 1.
2296 274 2371 317 ns
2415 272 2860 317 rsn‘rnrsocno.

443 406 544 473 (cfr
571 408 752 463 Exod.
785 413 940 475 2o,6;
973 408 1151 461 Levit.
1187 410 1310 474 19‚2
1340 408 1506 475 sqq.),
1540 404 1755 460 interna
1787 404 2049 459 sanctitas
2075 413 2130 460 et
2168 420 2325 461 amor
2360 406 2466 461 Dei
2492 402 2961 463 commendantur-3
3009 430 3010 435 ¹

443 504 500 549 at
525 494 664 551 haec
701 493 1007 567 frequentia
1039 492 1388 565 paraenetica
1425 491 1845 547 Deuteronomii
1882 490 2068 547 indole
2110 492 2246 549 satis
2274 493 2593 566 explicatur.
2640 494 2875 549 Demum
2904 489 2964 544 de
3009 496 3010 537 i

443 582 759 640 immediato
786 582 1120 639 commercio
1149 581 1252 635 Dei
1279 596 1407 635 cum
1434 579 1563 636 filiis
1591 579 1765 635 Israel
1794 578 1970 645 idem,
2004 580 2153 652 quod
2190 585 2355 637 Dent.
2394 586 2522 649 5‚2o
2558 596 2714 652 sqq.,
2754 577 2967 635 traditur

442 670 640 726 Exod.
680 676 845 739 20‚18
880 686 966 742 sq.
1004 701 1076 710 —
1106 670 1260 725 Haec
1293 677 1480 724 autem
1517 667 1703 722 omnia
1743 675 1873 722 sunt
1911 668 2192 739 exempla,
2226 668 2425 725 auibus
2459 668 2571 724 nixi
2610 667 2967 723 diversitatem

443 756 821 814 doctrinarum
850 758 1103 814 nonnulli
1131 764 1401 813 asserunt.

524 904 582 960 5.
611 933 690 943 -·-
720 902 790 959 11.
836 923 865 953 «
909 900 1146 959 Comms
1186 912 1625 959 sAcERnorsms
1654 921 1684 952 »
1724 898 1979 957 nomine
2018 898 2450 959 recentissima
2488 920 2519 952 «
2560 898 2965 958 criticorum»

447 995 660 1056 schola
688 994 866 1056 illam
893 995 1294 1057 Pentateuchi
1326 998 1568 1073 partem
1599 993 1927 1072 intelligit,
1967 1010 2153 1071 quam
2178 995 2375 1055 altera
2396 1012 2559 1071 opus
2586 994 2901 1054 Elohistae
2926 992 2965 1050 l.
3009 1050 3010 1055 ,

446 1096 551 1152 aut
580 1093 939 1153 Annalistae
969 1096 1073 1154 aut
1105 1116 1134 1146 «
1171 1091 1621 1152 documentum
1660 1090 2130 1151 fundamentale
2164 1114 2195 1146 »
2238 1088 2729 1171 (Grundscbrii't)
2772 1088 2967 1167 appel-

447 1188 560 1259 lat,
589 1192 654 1248 at
681 1188 1266 1266 praedecessoribus
1291 1188 1422 1248 suis
1447 1188 1881 1247 contradicens
1903 1204 2039 1247 eam
2060 1192 2205 1265 post
2224 1187 2515 1248 exsilium
2540 1186 2965 1265 babylonicum

449 1289 729 1345 exortam
763 1302 901 1345 esse
926 1287 1168 1345 asserit.

520 1391 740 1461 Integro
773 1392 1029 1445 Levitico
1067 1389 1434 1461 affinibusque
1470 1388 1669 1444 Exodi
1698 1392 1949 1457 (25·31.;
1992 1394 2213 1455 35·40.)
2241 1397 2298 1445 et
2324 1391 2566 1445 Numer.
2598 1392 2650 1455 (ι
2670 1418 2698 1429 -
2719 1394 2827 1451 10.;
2860 1392 2967 1442 15.-

452 1482 560 1546 19.;
584 1482 842 1545 25.-36.)
873 1478 1143 1550 capitibus
1171 1485 1388 1533 constat
1416 1486 1585 1548 atque
1618 1475 1933 1532 historicam
1958 1476 2077 1533 eius
2100 1474 2569 1533 introductionem
2600 1476 2847 1531 formant
2870 1474 2965 1529 elo-

450 1564 674 1621 histicae
703 1565 1006 1637 particulae
1034 1566 1314 1623 Geneseos
1338 1572 1394 1619 et
1420 1564 1621 1635 prioris
1648 1564 1852 1629 Exodi,
1880 1565 2291 1620 conclusionem
2320 1573 2503 1621 autem
2529 1579 2747 1637 paucae
2782 1565 2966 1618 Deute-

449 1653 683 1709 ronomii
703 1662 758 1709 et
780 1655 911 1709 satis
928 1653 1136 1708 multae
1154 1654 1194 1708 l.
1219 1654 1382 1708 losue
1401 1652 1708 1723 pericopae.
1730 1653 1855 1721 Quo
1876 1668 2001 1707 cum
2024 1652 2144 1708 iure
2162 1652 2301 1708 haee
2321 1668 2351 1707 a
2374 1652 2587 1723 reliquo
2608 1650 2967 1707 Pentateucho

447 1749 793 1813 separentur,
833 1757 972 1812 opus
1008 1756 1121 1795 non
1159 1748 1243 1797 est
1279 1739 1462 1795 denuo
1499 1740 1803 1812 inquirere,
1844 1739 2115 1812 siquidem
2153 1738 2349 1797 iisdem
2394 1738 2804 1806 fundamentis,
2847 1753 2965 1809 quae

447 1830 560 1884 iam
585 1828 1044 1896 examinavimus,
1073 1843 1280 1884 novum
1319 1843 1539 1900 quoque
1576 1836 1811 1902 systema
1844 1828 2122 1896 innititur3
2153 1828 2498 1899 inquiramus
2526 1836 2723 1883 autem
2751 1834 2963 1899 oportet,

451 1932 562 1987 quo
590 1932 716 1971 cum
753 1918 872 1971 iure
909 1916 1178 1988 legislatio
1215 1916 1353 1971 haec
1389 1924 1515 1987 post
1548 1915 1805 1972 exsilium
1842 1924 2031 1971 exorta
2074 1913 2309 1972 dicatur.
2340 1916 2473 1972 Uno
2504 1916 2627 1971 solo
2662 1922 2966 1987 argumento

449 2011 683 2059 utuntur
709 2003 836 2059 novi
863 2024 888 2054 <t
917 2006 1090 2060 critici
1127 2024 1184 2073 »ς
1218 2012 1398 2060 totum
1423 2004 1635 2059 cultum
1660 2004 1715 2058 in
1745 2024 1770 2054 «ι
1799 2002 1987 2059 codice
2012 2002 2339 2059 sacerdotali
2370 2024 2395 2055 ι»
2433 2003 2838 2076 praescriptum
2860 2010 2965 2057 ante
3009 2020 3010 2023 ¹

451 2090 704 2146 exsilium
736 2108 838 2147 nec
866 2092 1216 2148 observatum
1255 2108 1359 2146 nec
1386 2092 1667 2163 cognitum
1694 2092 1861 2147 fuisse
1893 2099 2173 2159 asserunt3
2208 2092 2449 2163 quinque
2478 2100 2672 2147 autem
2702 2090 2963 2162 capitibus,

451 2194 594 2249 quae
619 2196 684 2234 ex
713 2178 906 2235 ordine
934 2180 1174 2235 examini
1201 2178 1577 2248 subiiciemuS,
1608 2180 1835 2234 unicum
1863 2194 2025 2235 suum
2054 2188 2440 2251 argumentum
2466 2179 2769 2249 explicant.
3009 2168 3010 2171 ¹

531 2324 589 2381 6.
616 2353 698 2369 —·-
721 2322 1107 2399 Praeprimis
1143 2338 1401 2382 erronee
1439 2322 1698 2395 docent,
1728 2326 2017 2382 unitatem
2050 2322 2167 2383 loci
2194 2322 2389 2381 cultus
2418 2321 2484 2381 in
2509 2323 2794 2383 Levitico
2820 2336 2965 2399 prae-

452 2418 747 2495 scriptam
783 2422 925 2479 ante
956 2418 1245 2479 exsilium
1279 2435 1540 2496 prorsus
1578 2418 1771 2479 fuisse
1810 2418 2193 2496 incognitam
2231 2422 2419 2495 atque
2453 2440 2483 2472 «ι
2516 2417 2961 2479 tabernaculum

452 2514 721 2575 foederis
754 2538 784 2569 »
816 2532 852 2574 a
878 2514 1125 2576 iuniore
1151 2516 1454 2592 scriptore
1483 2515 1563 2574 ad
1602 2515 1801 2574 instar
1827 2514 2046 2591 templi
2088 2530 2227 2573 esse
2264 2514 2603 2573 confictum
2624 2561 2639 2589 ‚
2685 2518 2757 2575 ut
2792 2514 2961 2589 legem

453 2610 532 2671 de
563 2612 802 2672 unitate
841 2611 960 2671 loci
1001 2612 1205 2671 cultus
1245 2628 1280 2671 a
1314 2613 1525 2687 Moyse
1565 2610 1845 2671 derivare
1885 2615 2117 2688 posset.
2162 2610 2358 2673 Certis
2398 2610 2567 2669 enim
2604 2607 2963 2671 testimoniis

453 2710 724 2779 constat,
761 2731 790 2761 «
833 2694 1312 2767 tabernaculum
1348 2706 1623 2767 foederis
1658 2730 1686 2761 >›
1719 2706 1865 2766 inde
1904 2724 1941 2765 a
1976 2706 2246 2766 mosaica
2283 2708 2485 2765 aetate
2526 2722 2739 2783 usque
2772 2705 2847 2765 ad
2881 2720 2962 2763 ex·

453 2807 757 2865 structum
787 2804 1095 2881 templum
1127 2820 1376 2882 semper
1404 2820 1516 2880 pro
1552 2803 1836 2881 legitimo
1863 2808 2077 2862 centro
2108 2803 2313 2863 cultus
2342 2802 2624 2879 religiosi
2658 2820 2795 2864 esse
2822 2799 2965 2861 habi-

452 2904 591 2961 tum
611 2947 625 2974 ,
651 2903 794 2978 post
814 2906 1193 2961 exstructum
1217 2900 1524 2977 templum
1542 2904 1757 2959 autem
1777 2903 2056 2959 montem
2082 2899 2233 2960 Sion
2257 2898 2458 2958 solum
2488 2898 2689 2959 fuisse
2714 2898 2964 2976 legitimo

455 2998 654 3058 cultui
685 2996 1090 3057 destinatum.
1123 2999 1250 3056 Lex
1279 2997 1471 3073 igitur
1492 2995 1569 3056 de
1590 2996 1827 3056 unitate
1848 2996 1967 3056 loci
1990 2995 2219 3065 cultuS,
2246 2994 2365 3055 etsi
2387 2995 2575 3054 certis
2597 2993 2965 3074 temporibus

453 3094 661 3153 minus
685 3093 845 3153 bene
874 3094 956 3152 sit
981 3093 1333 3162 observata,
1364 3093 1563 3152 immo
1593 3097 1879 3169 tempore
1906 3092 2259 3170 primorum
2288 3090 2557 3151 duorum
2582 3109 2805 3171 regum
2832 3087 2963 3149 obli-

453 3190 622 3249 vioni
648 3189 776 3249 fere
809 3189 996 3250 fuerit
1024 3188 1197 3258 data,
1227 3206 1476 3265 semper
1505 3189 1765 3249 exstitit.

527 3298 612 3358 a.)
641 3295 722 3349 Ut
742 3292 811 3348 ab
845 3291 1241 3365 antiquioribus
1263 3293 1603 3365 temporibus
1624 3293 1970 3364 incipiamus,
1992 3292 2049 3348 in
2073 3301 2190 3350 toto
2212 3294 2355 3349 libro
2380 3296 2542 3349 Iosue
2564 3308 2637 3349 ne
2664 3294 2963 3350 levissimum

455 3379 679 3452 quidem
710 3381 984 3436 invenitur
1011 3381 1300 3454 vestigium
1327 3380 1727 3438 sacrificiorum
1755 3382 1877 3436 aliis
1902 3381 1963 3436 in
1988 3380 2126 3437 locis
2154 3380 2497 3449 oblatorum3
2526 3382 2717 3439 omnia
2754 3378 2963 3453 ageban-

455 3478 547 3523 tur
587 3486 610 3519 ι
643 3484 830 3524 coram
861 3469 1102 3525 Domino
1140 3490 1164 3520 n
1208 3469 1279 3525 ad
1307 3470 1508 3525 ostium
1553 3490 1579 3521 α
1618 3469 1960 3525 tabernaculi
1992 3468 2227 3525 foederis
2264 3490 2317 3537 n,
2349 3467 2497 3540 quod
2526 3469 2729 3526 fixerat
2754 3472 2899 3525 Iosue
2920 3464 2963 3517 in

457 3556 568 3613 Silo
606 3560 738 3622 (Ios.
779 3563 920 3627 18,1.
954 3564 1006 3613 8.
1051 3562 1146 3625 103
1187 3562 1611 3626 19‚51;22,29).
1652 3556 1761 3613 Sed
1802 3566 2094 3629 postquam
2136 3556 2324 3613 sedem
2362 3556 2614 3611 stabilem
2653 3565 2870 3613 nactum
2897 3556 2963 3605 est

453 3644 900 3713 tabernaculum,
941 3646 1055 3700 eius
1095 3644 1274 3701 forma
1316 3645 1555 3702 exterior
1596 3644 1999 3715 aliquantulum
2042 3652 2124 3699 est
2165 3652 2409 3709 mutata;
2450 3646 2681 3716 antiqua
2724 3644 2861 3701 enim
2894 3644 2962 3695 est

457 3732 679 3789 traditio
711 3732 928 3789 iudaica
962 3733 1021 3789 in
1057 3732 1366 3789 'thalmude
1403 3742 1725 3789 conservata
1766 3732 2055 3799 (Mischna.
2096 3734 2279 3787 Tract.
2320 3730 2609 3787 Sebaehim
2658 3737 2821 3801 1⁴2⁶),
2864 3748 2885 3777 ε
2917 3725 2961 3778 '11¹

456 3822 568 3878 Silo
595 3838 709 3877 non
735 3820 898 3877 fuisse
935 3820 1399 3894 contignationem
1430 3822 1700 3893 ligneam,
1733 3818 1829 3875 sed
1868 3828 2202 3875 structuram
2230 3818 2479 3890 lapidum
2515 3818 2777 3887 inferius,
2808 3826 2857 3873 et
2880 3828 2961 3869 au-

457 3909 577 3966 laea
614 3908 863 3980 superius
902 3930 962 3979 »3
999 3910 1201 3965 domus
1229 3908 1396 3981 igitur
1433 3917 1578 3976 erat,
1620 3924 1763 3979 quae
1801 3907 2005 3963 aulaeis
2042 3914 2295 3963 contecta
2332 3907 2569 3977 speciem
2606 3898 2960 3963 tabernaculi

457 3997 757 4066 retinebat3
787 4014 957 4070 quare
981 4007 1218 4070 utroque
1244 3996 1467 4053 nomine
1496 4014 1519 4047 ι
1553 3994 1752 4052 domus
1779 3996 1882 4051 Dei
1906 4016 1931 4047 n
1968 4004 2024 4051 et
2052 4016 2077 4045 α
2103 3993 2524 4050 tabernaculum
2552 3994 2788 4051 foederis
2810 4014 2833 4043 n
2860 3996 2961 4058 apte

457 4084 882 4158 appellabatur¹.
911 4086 1139 4159 Antiqui
1162 4085 1351 4157 utique
1377 4084 1723 4140 tabernaculi
1748 4100 1781 4139 a
1801 4086 1992 4157 Moyse
2012 4082 2300 4147 exstructi,
2327 4080 2475 4153 quod
2503 4080 2859 4155 quadraginta
2884 4090 2957 4130 an-

457 4189 657 4231 norum
685 4174 1126 4247 peregrinatione
1153 4175 1346 4246 procul
1375 4172 1543 4229 dubio
1582 4180 1703 4227 erat
1730 4172 2059 4237 contritum,
2094 4179 2311 4242 praeter
2339 4170 2511 4225 altare
2543 4169 2957 4227 holocaustorum

458 4270 513 4317 et
558 4278 686 4318 vasa
732 4278 886 4319 sacra
933 4262 1069 4318 nibil
1111 4270 1424 4333 supererat,
1475 4260 1579 4315 nisi
1626 4258 1825 4315 rudera
1872 4268 1928 4315 et
1973 4258 2269 4331 reliquiae;
2320 4258 2441 4313 iure
2486 4266 2675 4313 tamen
2722 4252 2955 4313 silonitica

465 4370 489 4399 a
521 4348 718 4405 domus
745 4350 845 4406 Dei
873 4373 896 4401 2>
927 4349 1283 4405 continuabat
1301 4348 1593 4420 antiquum
1625 4368 1649 4400 α
1673 4347 2093 4403 tabernaculum
2119 4344 2359 4402 foederis
2384 4366 2409 4397 »
2436 4344 2743 4417 eodemque
2766 4338 2955 4399 nomine

521 4524 586 4587 (l)
615 4526 740 4575 Hinc
763 4526 916 4575 ctiam
945 4525 1050 4575 Ios.
1079 4530 1219 4586 22,29
1245 4544 1268 4569 α
1291 4522 1673 4575 tabernaculum
1700 4522 1917 4573 foederis
1942 4542 1965 4566 υ
1992 4523 2091 4573 iam
2120 4524 2334 4571 vocatur
2360 4514 2426 4561 ’Ὶῖ
2456 4510 2647 4601 pitin,
2678 4541 2704 4565 κ
2722 4512 2949 4571 habitatio

459 4604 661 4653 Domini
685 4620 739 4666 »ς
765 4603 828 4655 de
856 4603 1031 4655 eodem
1061 4604 1194 4654 enim
1223 4604 1335 4653 loco
1359 4616 1643 4655 sermonem
1666 4616 1773 4653 esse
1800 4606 1900 4661 18,1
1934 4605 1986 4652 et
2020 4604 2149 4661 19ρι
2176 4602 2229 4651 et
2254 4604 2416 4660 2229.
2446 4600 2562 4651 luec
2586 4600 2769 4651 clarius
2793 4598 2876 4648 esl.
