3050 5184
426 335 547 394 630
1498 352 1872 396 APPENDICES.

429 480 559 536 dam
599 482 767 538 talem
806 483 1095 540 historiam
1133 485 1217 540 vel
1249 483 1321 539 ad
1349 483 1668 540 scribendas
1709 483 1972 556 pulchras
2003 498 2240 554 gnomas
2277 503 2302 535 ι
2335 480 2406 538 ad
2431 478 2694 552 singulas
2719 476 2958 534 historiar

428 571 733 625 sententias
769 572 1119 644 singulasque
1158 589 1392 644 gnomas
1436 589 1558 628 sese
1601 588 1712 628 uon
1769 571 2072 628 extendere
2124 572 2276 627 iuxta
2325 569 2604 626 Bonsrerii
2643 565 2952 624 sententiam

434 656 666 727 videtur,
696 673 879 731 neque
902 661 1135 730 positiva
1164 660 1257 716 illa
1284 661 1598 716 assistentia
1625 647 1818 716 in‘illis
1849 658 2110 715 historiae
2149 658 2397 731 partibus
2419 657 2646 728 illisque
2674 657 2742 710 in
2771 669 2950 726 gnom-

416 743 655 800 adfuisse
688 755 965 816 censetur,
998 763 1134 819 quas
1170 749 1409 819 scriptor
1438 750 1590 804 solus
1618 749 1738 804 sine
1765 763 1954 804 errore
1983 746 2226 803 scribere
2261 746 2462 818 potuit.
2493 743 2610 801 Sed
2637 743 2718 799 de
2741 743 2952 814 inspira-

416 833 579 888 tionis
608 835 931 891 extensione
956 851 1086 891 mox
1112 837 1216 892 crit
1245 837 1568 893 dicendum.

497 987 556 1044 4.
597 1019 676 1028 —
708 988 985 1048 Iamvero
1024 1004 1223 1064 quum
1256 989 1429 1048 iuxta
1470 989 1832 1066 Scripturae
1875 992 1940 1049 et
1987 986 2372 1049 Traditionis
2413 985 2802 1046 testimonia
2843 983 2958 1043 libr}

418 1083 615 1141 nostri
652 1084 811 1142 sacri
848 1085 1051 1144 Deum
1094 1085 1355 1162 quidem
1388 1085 1664 1146 habeant
1702 1091 2050 1157 auctorem,
2095 1084 2207 1144 sed
2250 1085 2330 1144 ab
2369 1081 2754 1143 hominibus
2799 1081 2962 1158 inspi-

418 1183 595 1237 rante
634 1179 695 1238 S.
732 1179 975 1257 Spiritu
1010 1182 1349 1259 conscripti
1384 1187 1561 1256 sunt,
1591 1183 1713 1242 tria
1751 1182 1817 1242 in
1858 1198 2078 1242 eorum
2119 1181 2364 1259 origine
2401 1179 2780 1240 obtinuisse
2821 1183 2964 1237 recte·

420 1280 821 1337 asseruntur:
846 1279 1301 1356 supranaturali
1340 1279 1760 1342 illustratione
1798 1282 1964 1339 Deus
2003 1279 2242 1350 effecit,
2285 1281 2355 1337 ut
2381 1281 2595 1337 totum
2639 1291 2962 1352 argumen-

420 1375 578 1446 tum,
607 1373 775 1450 quod
800 1392 913 1454 per
938 1380 1182 1437 certum
1208 1376 1446 1437 librum
1470 1393 1614 1436 cum
1642 1376 2008 1437 hominibus
2037 1375 2506 1436 communicare
2535 1373 2780 1446 voluit,
2811 1389 2966 1432 mens
3027 1387 3029 1398 ·

422 1469 748 1546 scriptoris
780 1473 1141 1552 conciperet
1180 1471 1622 1546 scribendum;
1655 1474 1856 1551 gratia
1895 1473 2124 1533 deinde
2161 1489 2272 1532 sua
2309 1470 2543 1532 efficaci
2585 1470 2966 1530 voluntatem

423 1566 769 1644 scriptoriS,
801 1573 870 1630 ut
910 1569 1065 1630 illud
1104 1570 1306 1630 literis
1337 1571 1764 1648 consignaret,
1799 1570 2142 1648 permovit;
2177 1569 2474 1630 continua
2509 1566 2792 1627 demum
2830 1567 2966 1624 assi-

423 1661 651 1722 stentia
675 1682 789 1724 sua
816 1666 1205 1726 scribentem
1236 1666 1496 1736 direxit,
1527 1671 1597 1727 ut
1626 1685 1848 1728 omnes
1875 1672 1939 1727 et
1967 1667 2129 1726 solas
2149 1667 2476 1737 verItateS,
2508 1681 2673 1741 quas
2707 1665 2850 1742 ipse
2881 1661 2968 1720 illo

426 1757 489 1816 in
517 1758 682 1819 libro
722 1761 911 1821 scribi
942 1762 1170 1834 voluit,
1204 1762 1309 1823 hic
1336 1768 1482 1841 apta
1516 1764 1779 1824 vestiret
1815 1763 2046 1841 forma,
2078 1781 2200 1840 qua
2233 1780 2450 1822 earum
2487 1779 2760 1821 sensum
2799 1762 2966 1838 plens·

422 1853 737 1916 redderet.
770 1859 987 1935 Neque
1011 1876 1160 1919 vero
1192 1860 1556 1936 requiritur,
1589 1865 1658 1920 ut
1686 1861 1887 1920 Deum
1913 1861 2186 1936 singulas
2213 1876 2466 1937 quoque
2492 1876 2686 1917 voces
2719 1875 2968 1934 expres-
3029 1869 3031 1926 :

422 1949 754 2030 sionesque
785 1954 1080 2032 scriptori
1112 1957 1503 2034 suggessisse
1535 1957 1820 2017 dicamus
1841 1957 1932 2035 (id
1951 1955 2121 2034 quod
2145 1973 2292 2016 cum
2319 1955 2685 2016 iunioribus
2715 1955 2972 2013 nonnul·
3029 1943 3031 2008 i

420 2046 500 2106 lis
528 2047 840 2129 theologis
878 2051 1067 2111 etiam
1099 2053 1297 2130 aliqui
1338 2055 1555 2114 Patres
1593 2054 1888 2114 videntur
1922 2053 2294 2132 insinuare),
2329 2053 2482 2112 licet
2508 2051 2800 2112 libenter
2836 2067 2974 2110 con-

420 2145 741 2220 cedamus,
772 2147 835 2208 id
864 2149 1201 2225 aliquoties
1228 2151 1605 2227 contigisse,
1635 2151 1744 2210 ubi
1775 2151 2080 2210 nimirum
2111 2150 2274 2210 Deus
2312 2149 2694 2226 mysterium
2717 2147 2970 2225 aliquod

420 2243 674 2320 proprie
719 2242 961 2305 dictum
1002 2246 1210 2323 prima
1246 2248 1383 2307 vice
1426 2247 1725 2306 revelavit
1759 2251 1866 2308 aut
1897 2247 2208 2308 vocabulo
2255 2247 2393 2324 ipso
2435 2245 2538 2324 (ex
2571 2263 2666 2322 gr.
2717 2247 2972 2304 nornin-⁴

417 2337 573 2414 λόγου
613 2340 801 2419 Verbi)
842 2343 941 2401 vel
983 2343 1124 2420 ipsa
1160 2343 1449 2403 vocabuli
1490 2344 1690 2403 forma
1731 2341 1894 2421 (Gal.
1935 2343 2104 2422 Mo)
2147 2346 2266 2402 etc.
2307 2342 2588 2418 aliquam
2631 2343 2970 2401 veritatem
3031 2397 3033 2400 Α

420 2435 761 2511 significari
792 2437 1012 2498 voluit.

486 2591 566 2647 Ut
602 2593 737 2664 quid
773 2595 845 2650 sit
882 2595 1173 2668 inspiratio
1205 2597 1411 2652 clarius
1439 2597 1754 2664 illucescat,
1795 2597 2178 2652 consideretur
2210 2603 2431 2667 oportet
2449 2638 2464 2663 ,
2505 2595 2802 2667 quomodo
2835 2597 2972 2651 duar·

418 2679 690 2737 librorum
735 2698 1022 2739 sacrorum
1064 2699 1263 2740 causae
1309 2684 1642 2754 efficienteS,
1705 2687 1884 2752 Deus,
1937 2686 2031 2757 qui
2079 2693 2272 2755 utpote
2313 2699 2508 2738 eorum
2555 2691 2764 2738 auctor
2811 2701 2972 2740 causa

419 2770 671 2840 princeps
699 2778 809 2839 est,
852 2779 909 2826 et
940 2772 1196 2843 scriptor,
1228 2773 1324 2843 qui
1364 2772 1517 2828 velut
1552 2775 1986 2829 instrumentum
2025 2772 2108 2828 vel
2139 2772 2394 2827 minister
2429 2771 2500 2826 ad
2543 2772 2666 2826 eius
2695 2773 2970 2844 originem

418 2855 628 2929 aliquid
670 2859 927 2926 contulit,
976 2875 1094 2916 sese
1122 2859 1180 2915 in
1208 2876 1274 2916 eo
1314 2860 1598 2916 exarando
1631 2860 1944 2918 habuerint.
1979 2863 2044 2916 ln
2072 2861 2224 2915 omni
2269 2869 2458 2915 autem
2503 2857 2648 2915 libro
2695 2859 2818 2916 duo
2849 2869 2972 2916 sunt

417 2942 811 3002 consideranda
840 2963 857 3002 t
888 2947 1005 3003 eius
1025 2956 1445 3020 argumentum,
1472 2964 1517 3004 s·
1549 2965 1641 3004 res
1669 2958 1726 3004 et
1743 2948 2046 3004 sententiae
2068 2949 2126 3003 in
2155 2963 2222 3003 eo
2252 2955 2550 3003 contentae
2575 2963 2726 3018 quae
2755 2949 2830 3004 ab
2855 2949 2974 3004 aliis

342 3023 347 3027 ⁴
417 3040 586 3088 etlam
626 3048 786 3089 sensa
822 3048 869 3090 s.
916 3035 1173 3090 veritates
1226 3044 1620 3106 nuncupantur
1661 3045 1716 3092 et
1754 3051 1784 3092 a
1835 3036 2116 3092 modernis
2157 3036 2431 3106 theologis
2473 3037 2714 3101 (Franz-
2775 3041 2966 3092 Maza

417 3123 594 3178 Hurt.
615 3126 745 3188 etc.)
765 3120 889 3178 libri
912 3139 1056 3194 pars
1073 3121 1367 3189 formalis
1393 3124 1678 3195 dicuntur,
1702 3126 1931 3196 eiusque
1955 3125 2146 3179 'forma
2177 3131 2425 3192 externa,
2447 3137 2493 3178 s.
2523 3123 2740 3194 lingua,
2769 3125 2966 3196 stylus.

417 3207 667 3264 idearum
686 3209 825 3264 ordo
845 3220 899 3265 et
918 3227 1093 3266 nexus
1116 3219 1248 3279 etc„
1270 3229 1414 3285 quae
1435 3214 1586 3268 velut
1611 3229 1764 3283 pars
1785 3211 2128 3268 materialis
2158 3228 2188 3266 a
2215 3209 2498 3266 modernis
2517 3209 2952 3268 considerantur

418 3297 531 3352 Nos
558 3297 925 3367 antiquiorem
952 3298 1215 3371 loquendi
1245 3298 1477 3356 modum
1502 3301 1740 3356 retinere
1771 3301 2070 3356 malumuS.

488 3388 563 3451 1.)
597 3386 659 3439 ln
687 3387 1101 3456 Scripturarum
1120 3388 1274 3444 libris
1299 3388 1591 3455 omnibus,
1625 3405 2010 3461 quaecumque
2034 3396 2120 3444 est
2137 3404 2334 3444 eorum
2363 3387 2544 3443 forma
2567 3396 2836 3456 externa,
2863 3390 2972 3444 sin·

416 3472 547 3540 hac,
576 3472 691 3526 sive
724 3472 817 3528 illa
854 3474 1039 3546 lingua
1078 3484 1208 3531 sunt
1236 3478 1566 3548 conscripti,
1598 3478 1712 3532 sive
1750 3476 1987 3548 prosaici
2023 3486 2175 3544 sunt,
2229 3476 2316 3530 uti
2344 3475 2598 3531 historici
2633 3485 2692 3531 et
2717 3479 2972 3550 plerique

414 3560 699 3626 didactici,
734 3559 847 3615 sive
888 3563 1115 3633 poetici,
1149 3565 1231 3619 uti
1260 3564 1353 3620 alii
1393 3564 1656 3621 didactici
1689 3573 1746 3620 et
1775 3565 1941 3620 multi
1975 3563 2313 3637 prophetici,
2345 3579 2438 3620 res
2475 3572 2534 3619 et
2567 3567 2880 3622 sententias
2925 3584 2968 3620 s.

414 3653 824 3721 argumentum)
873 3649 1115 3720 primum
1158 3659 1216 3707 et
1258 3653 1620 3725 praecipuum
1665 3654 1852 3709 locum
1895 3667 2168 3724 occupare
2217 3667 2382 3708 nemo
2425 3653 2744 3725 negaverit,
2799 3671 2972 3727 quum

412 3753 603 3794 omnes
627 3736 754 3793 libri
778 3739 922 3793 sacri
950 3754 1017 3793 co
1044 3739 1153 3794 fine
1173 3740 1334 3796 nobis
1356 3750 1488 3798 sunt
1506 3741 1651 3811 dati,
1683 3750 1745 3796 ut
1773 3749 2104 3813 argumento
2134 3757 2234 3796 suo
2261 3740 2424 3797 nohis
2445 3741 2614 3797 utiles
2639 3742 2774 3798 sint.
2807 3743 2972 3799 Unde

412 3825 787 3898 consequitur,
820 3835 883 3880 ut
904 3828 1057 3882 Deus
1086 3841 1280 3884 eorum
1314 3839 1510 3885 auctor
1539 3829 1652 3885 dici
1678 3838 1950 3902 nequeat,
1983 3830 2090 3885 nisi
2127 3829 2404 3901 integrum
2433 3845 2634 3886 eorum
2661 3845 2970 3904 argumen-

410 3923 527 3969 tum
547 3957 560 3982 ‚
584 3929 779 3969 omnes
806 3930 897 3969 res
918 3923 975 3970 et
996 3917 1301 3972 sententiae
1324 3917 1384 3972 in
1400 3916 1469 3972 iis
1496 3925 1794 3974 contentae
1812 3961 1827 3986 ,
1854 3917 1928 3973 ad
1947 3931 2078 3974 eum
2103 3925 2392 3987 tamquam
2419 3914 2492 3971 ad
2515 3933 2710 3973 earum
2741 3935 2972 3974 causam

412 4001 709 4073 principem
756 4001 1087 4059 referantur.
1136 4004 1327 4061 Altera
1368 4021 1499 4060 vero
1545 4021 1612 4062 ex
1651 4014 1807 4076 parte
1825 4047 1840 4072 ,
1888 4020 2062 4076 quum
2113 4005 2352 4076 scriptor
2393 4005 2697 4077 inspiratus
2739 4024 2854 4063 non
2897 4019 2967 4062 §.t

409 4091 841 4146 instrumentum
866 4101 1152 4148 mortuum
1168 4092 1233 4160 ¹⁸,
1262 4093 1584 4165 requiritur,
1617 4103 1678 4149 ut
1705 4093 1856 4149 idem
1893 4101 2315 4165 argumentum,
2371 4091 2602 4150 eaedem
2627 4111 2718 4150 res
2751 4104 2812 4152 et
2845 4111 2972 4152 sen-

468 4240 564 4303 (15)
590 4242 765 4290 Patres
788 4241 1015 4291 nonnulli
1042 4241 1315 4306 aliquoties
1341 4243 1552 4307 quidem
1577 4243 1850 4306 prophetas
1877 4257 2151 4306 sacrosque
2183 4243 2462 4307 scriptores
2483 4245 2728 4307 cytharae
2757 4258 2969 4310 omnpo-

408 4322 542 4380 rant,
576 4333 731 4383 quam
774 4321 993 4383 Spiritus
1030 4321 1225 4384 plectro
1253 4322 1536 4385 pulsaverit
1569 4325 1640 4386 (S.
1677 4323 1873 4372 lustin.
1909 4327 1980 4373 M.
2009 4323 2219 4373 Cohort.
2251 4323 2317 4373 ad
2357 4325 2531 4374 Graec.
2565 4325 2640 4386 8),
2672 4329 2764 4374 sut
2793 4326 2952 4374 tibiae

406 4411 559 4463 quam
590 4398 808 4462 Spiritus
833 4400 975 4449 velut
1000 4400 1185 4450 tibicen
1220 4401 1472 4462 inflaverit
1498 4403 1568 4465 (S.
1597 4401 1779 4452 Athen.
1811 4405 1928 4465 ch.
1960 4417 2054 4464 pro
2081 4402 2272 4453 Christ.
2303 4405 2354 4466 9)
2375 4407 2506 4462 etc.;
2533 4415 2668 4467 quas
2695 4417 2968 4469 compara-

406 4479 569 4527 tiones
598 4478 827 4527 moderni
864 4479 1023 4542 aliqui
1056 4481 1223 4530 acath.
1265 4481 1359 4543 (cfr
1390 4495 1471 4530 ex.
1514 4495 1585 4543 gr.
1621 4483 1840 4530 cremer
1872 4481 1922 4530 in
1963 4483 2160 4544 Herzog
2189 4485 2358 4531 PRE.
2386 4484 2473 4533 vl.
2504 4483 2614 4546 750)
2650 4483 2725 4532 ita
2763 4491 2972 4547 urgent.

370 4599 381 4608 ,
408 4560 464 4604 ut
484 4560 661 4606 Patres
689 4557 807 4606 illos
838 4557 1013 4608 dicant
1035 4572 1207 4609 sacros
1226 4563 1463 4610 auctores
1488 4560 1680 4610 similes
1707 4559 1986 4610 credidisse
2011 4561 2232 4612 ethnicis
2261 4559 2640 4612 divinatoribus
2659 4577 2720 4612 ac
2741 4566 2972 4616 vatibm.

404 4635 495 4696 qui
516 4639 657 4684 extra
686 4649 739 4685 se
764 4637 893 4699 rapti
918 4651 978 4687 ea
1002 4639 1437 4702 proloquebantur
1457 4652 1592 4703 quac
1617 4640 1712 4702 ipsi
1738 4655 1840 4690 non
1871 4639 2244 4703 intelligebant.
2273 4643 2372 4690 Per
2395 4653 2450 4691 se
2469 4644 2641 4691 antem
2665 4647 2805 4706 patet
2833 4643 2970 4692 eius-

406 4711 544 4760 modi
574 4715 973 4778 comparationes
994 4731 1095 4768 non
1126 4732 1270 4781 posse
1300 4720 1371 4769 ita
1400 4719 1589 4782 urgeri,
1621 4719 1718 4769 nisi
1745 4720 1906 4770 multa
1928 4720 2155 4770 absurda
2181 4719 2424 4770 Patribus
2445 4720 2686 4783 affingere
2715 4723 2938 4772 telimas
2959 4757 2971 4768 .

3029 2595 3036 2918 Ι
