3050 5184
809 787 1643 902 DISSERTATIO
1723 786 1879 880 IX.

560 1113 649 1180 mi·
689 1111 905 1178 mtto
946 1108 1389 1178 Pnornrlco
1432 1107 1603 1172 novt
1644 1103 2114 1170 TESTAMENTI.

616 1661 711 1713 DE
752 1657 1213 1712 APOCALYPSI
1253 1659 1319 1710 B.
1360 1655 1668 1708 IOANNIS
1707 1653 2091 1706 APOSTOLI.

357 1880 395 1964 ἓ
440 1883 501 1944 1.
534 1915 621 1928 --
643 1879 739 1942 De
764 1876 1260 1964 Apocalypseos
1296 1873 1551 1962 ore'qz‘ne
1576 1868 1950 1960 apostolica
1975 1880 2039 1935 et
2065 1867 2318 1935 (labina.

171 2099 222 2156 1.
252 2131 333 2142 -
356 2096 851 2168 Testimonium,
877 2093 1047 2172 quod
1075 2093 1138 2153 S.
1166 2094 1434 2154 Ioannes
1462 2090 1805 2168 Apostolus
1832 2095 1896 2150 et
1921 2088 2325 2167 Evangelista
2349 2087 2620 2164 sibiipsi

109 2197 409 2270 tamquam
441 2192 901 2270 Apocalypseos
944 2189 1183 2250 auctori
1230 2189 1378 2262 fert,
1410 2191 1541 2246 tam
1585 2186 1822 2247 clarum
1865 2189 1990 2255 est,
2033 2188 2104 2245 ut
2148 2187 2290 2245 ante
2335 2183 2622 2243 medium

108 2305 245 2348 saec.
278 2293 335 2350 3.
368 2287 583 2349 nullus
612 2287 966 2347 inveniatur
1000 2286 1275 2363 scriptor-
1298 2283 1714 2356 orthodoxus,
1747 2282 1856 2360 qui
1894 2281 1961 2342 in
1999 2280 2338 2342 asserenda
2367 2283 2621 2358 aposto-

110 2383 211 2444 lica
234 2402 304 2445 ac
333 2385 549 2444 divina
574 2383 721 2443 libri
748 2383 987 2461 origine
1020 2380 1446 2453 haesitaverit,
1481 2379 1547 2440 in
1573 2381 1706 2439 tota
1727 2395 1878 2439 vero
1911 2377 2194 2438 Ecclesia
2212 2373 2624 2454 Apocalypsis

108 2480 253 2540 velut
278 2481 499 2541 divina
526 2477 857 2558 prophetia
884 2477 1072 2538 fuerit
1096 2480 1365 2555 recepta.

164 2594 224 2648 ln
248 2592 767 2665 antiquissimorum
794 2590 1049 2646 codicum
1073 2590 1251 2645 titulis
1274 2587 1878 2661 subscriptionibusque
1906 2586 2102 2644 unicus
2127 2586 2273 2642 Novi
2295 2589 2446 2642 Test.
2479 2585 2622 2640 liber

112 2680 451 2750 propheticus
482 2699 507 2730 α
538 2679 899 2750 Apocalypsis
936 2678 1159 2734 Ioannis
1188 2698 1212 2728 »
1248 2678 1580 2748 appellatur,
1611 2675 1856 2732 iuniores
1882 2675 2091 2731 nomini
2119 2675 2345 2746 proprio
2374 2673 2620 2746 appella-

108 2765 295 2822 tionem
323 2765 695 2822 honorificam
728 2785 753 2815 α
780 2763 1049 2836 Theologi
1080 2785 1103 2814 υ
1138 2772 1235 2818 aut
1260 2785 1285 2814 ιι
1317 2762 1587 2835 Theologi
1630 2771 1687 2818 et
1713 2761 2096 2834 Evangelistae
2125 2783 2150 2812 n
2183 2769 2280 2816 aut
2317 2781 2343 2812 α
2372 2759 2626 2832 Apostoli

109 2861 155 2906 et
176 2854 559 2927 Evangelistae
592 2873 615 2905 »
649 2849 883 2908 addunt.
924 2854 1137 2906 Auctor
1162 2859 1350 2906 autem
1398 2867 1455 2906 se
1502 2851 1616 2920 ipse
1664 2849 1906 2922 appellat
1936 2870 1962 2900 α
1992 2851 2118 2905 Iesu
2163 2848 2366 2905 Christi
2405 2863 2626 2904 servum

112 2939 378 3008 loannem,
407 2941 504 3012 qui
516 2939 897 2996 testimonium
918 2937 1197 3010 perhibuit
1210 2937 1380 2993 verbo
1400 2939 1503 2993 Dei
1526 2959 1551 2988 »
1575 2939 1706 3006 (1,1.
1730 2943 1792 3006 23
1813 2935 1986 3008 22‚8)‚
2004 2953 2062 2994 se
2087 2957 2110 2989 ι
2133 2937 2188 2990 in
2207 2936 2384 2992 insula
2401 2937 2627 2991 Patmos

110 3025 255 3084 luisse
284 3029 424 3084 dicit
447 3037 674 3100 propter
702 3027 935 3082 verbum
962 3025 1065 3082 Dei
1094 3034 1149 3080 et
1179 3024 1562 3080 testimonium
1599 3027 1728 3080 Iesu
1769 3025 1973 3080 Christi
1995 3045 2024 3076 n
2069 3027 2116 3091 (1
2129 3030 2226 3094 ‚9)‚
2263 3032 2430 3096 atque
2468 3031 2622 3078 tanta

110 3130 221 3170 eum
248 3116 583 3171 auctoritate
609 3123 823 3184 septem
849 3113 1111 3169 ecclesias
1132 3111 1297 3168 Asiae
1323 3112 1643 3183 alloquitur,
1673 3120 1737 3167 ut
1764 3111 1988 3168 evidens
2012 3112 2108 3180 sit,
2137 3127 2270 3166 eum
2301 3110 2413 3166 illis
2441 3111 2626 3166 omni-

108 3200 197 3255 hus
223 3201 395 3258 fuisse
431 3201 836 3272 praepositum,
870 3201 947 3256 ita
984 3208 1044 3255 ut
1088 3198 1193 3270 ipsi
1238 3200 1481 3272 episcopi
1525 3199 1596 3254 ad
1637 3200 1753 3254 eius
1795 3199 1964 3255 verba
2005 3199 2291 3255 attendere
2334 3197 2628 3254 debuerint

110 3291 413 3360 (1‚4-a‚22).
444 3289 593 3358 Quin
622 3288 708 3343 his
731 3287 989 3344 omnibus
1014 3287 1328 3358 Apostolus
1356 3289 1592 3342 loannes
1619 3286 1957 3360 designetur,
1987 3287 2119 3342 licet
2149 3302 2210 3342 se
2235 3288 2350 3358 ipse
2387 3291 2626 3358 Aposto-

108 3375 211 3429 lum
235 3392 351 3432 non
381 3375 656 3447 appellet,
687 3391 803 3430 non
827 3383 912 3430 est
936 3373 1189 3430 dubium.
1219 3376 1402 3446 Atque
1425 3373 1501 3429 ita
1533 3389 1725 3429 revera
1755 3373 1823 3428 ab
1847 3373 2242 3446 antiquissimis
2275 3375 2510 3430 testibus
2540 3381 2627 3429 te-

108 3463 421 3519 stimonium
448 3464 566 3519 eius
599 3463 941 3519 intellectum
969 3471 1081 3531 est3
1113 3477 1306 3517 omnes
1349 3461 1497 3516 enim
1540 3462 1692 3517 velut
1733 3460 2094 3532 apostolicum
2121 3470 2178 3518 et
2214 3463 2462 3518 divinum
2492 3479 2632 3533 opus

108 3551 469 3623 Apocalypsin
494 3550 887 3606 adhibuerunt.

168 3638 447 3707 Quoniam
468 3645 608 3691 teste
640 3637 698 3691 S.
732 3639 961 3692 Irenaeo
989 3636 1349 3709 Apocalypsis
1378 3651 1568 3692 versus
1593 3636 1762 3693 finem
1791 3637 2008 3708 imperii
2037 3639 2336 3694 Domitiani
2361 3640 2418 3706 (i.
2443 3655 2494 3695 e.
2517 3645 2630 3706 95.)

106 3724 227 3781 data
254 3735 363 3794 est,
390 3725 452 3780 in
476 3723 785 3796 primorum
812 3723 1239 3794 apostolicorum
1260 3727 1489 3781 Patrum
1517 3724 1777 3796 operibus
1803 3725 2034 3798 vestigia
2072 3727 2188 3782 eius
2223 3743 2491 3798 quaerere
2517 3743 2632 3784 non

110 3811 254 3881 licet3
296 3811 399 3868 sed
435 3810 567 3866 inde
594 3827 625 3866 a
662 3810 844 3866 medio
884 3825 1028 3866 saec.
1067 3816 1119 3867 2.
1139 3854 1153 3880 ,
1184 3812 1223 3866 i.
1255 3827 1305 3867 e.
1343 3811 1744 3884 quinquaginta
1775 3811 1891 3868 iere
1913 3814 2074 3869 annis
2109 3822 2403 3885 postquam
2430 3814 2632 3885 scripta

110 3907 212 3964 est,
244 3897 565 3955 testimonia
593 3896 879 3954 abundare
908 3897 1201 3969 incipiunt.
1234 3900 1299 3954 In
1331 3914 1645 3956 Asu’nms
1671 3913 2022 3970 Eccnnsl1S,
2051 3899 2252 3972 quibus
2275 3901 2634 3974 Apocalypsis

110 3983 175 4040 ab
201 3995 430 4042 auctore
457 3985 707 4057 proxime
736 3984 1055 4040 transmissa
1085 3993 1195 4052 est,
1226 3985 1433 4056 primus
1464 3987 1618 4042 testis
1643 3995 1725 4042 est
1751 3988 1809 4042 S.
1843 3991 2100 4042 Iustinus
2129 3991 2234 4056 M„
2257 3987 2354 4060 qui
2384 4009 2410 4041 α
2438 3990 2633 4044 loanni

110 4071 195 4126 uni
218 4089 286 4128 ex
316 4073 521 4130 Christi
549 4073 830 4145 Apostolis
862 4091 885 4122 >›
914 4072 1283 4144 Apocalypsin
1312 4072 1497 4128 datam
1526 4089 1647 4129 esse
1677 4075 1898 4147 Ephesi
1926 4076 2161 4131 asseruit
2190 4079 2260 4145 (c.
2290 4076 2500 4148 Tryph.
2521 4083 2632 4144 81).

107 4159 310 4214 Eodem
332 4169 586 4232 tempore
612 4159 919 4214 sardensis
943 4158 1259 4230 episeopu8‚
1292 4161 1348 4215 S.
1380 4161 1588 4216 Melite
1622 4181 1648 4212 «
1676 4160 1747 4216 de
1775 4163 2106 4234 Apocalypsi
2131 4164 2353 4219 Ioannis
2375 4183 2400 4215 ι)
2435 4163 2636 4219 librum

110 4247 417 4316 composuit
442 4249 600 4316 (Eas.
634 4249 701 4301 fl.
725 4247 789 4301 Ε.
822 4247 917 4302 lv.
949 4249 1058 4315 26).
1091 4247 1457 4318 Smyr-nensis
1485 4248 1714 4303 ecclesia
1737 4248 1794 4302 in
1823 4265 1920 4304 sua
1949 4248 2019 4304 de
2047 4259 2229 4306 morte
2263 4252 2318 4306 S.
2350 4252 2636 4325 Polycarpi

110 4332 369 4388 relatione
412 4342 719 4407 martyrem
768 4332 949 4388 verbis
990 4335 1402 4405 Apocalypseos
1445 4335 1724 4390 nonnullis
1767 4335 2020 4392 ultimam
2065 4353 2226 4392 suam
2263 4340 2637 4408 precationem

114 4417 393 4476 inchoasse
416 4428 609 4476 narrat
636 4421 882 4493 (Mat-tyr.
910 4421 965 4475 S.
992 4421 1180 4492 Polye.
1211 4424 1315 4490 14).
1346 4422 1652 4492 Hierapoli,
1678 4421 1828 4478 haud
1848 4423 2013 4496 longe
2036 4441 2070 4479 a
2091 4425 2413 4495 Laodicea,
2441 4443 2552 4483 una
2570 4443 2636 4484 ex

113 4515 317 4576 septem
342 4507 613 4576 ecclesiis,
644 4514 703 4562 S.
735 4508 990 4580 Papias,
1018 4511 1075 4564 S.
1108 4510 1329 4564 Ioannis
1364 4508 1618 4579 Apostoli
1643 4509 1974 4580 discipuluS,
2014 4512 2282 4569 nonnulla
2316 4513 2386 4568 de
2417 4516 2636 4585 Apoca-

118 4591 245 4662 lypsi
272 4595 515 4666 scripsit,
542 4595 601 4650 in
630 4593 829 4667 quihus
856 4595 976 4652 eius
1008 4595 1253 4652 divinam
1294 4611 1517 4668 quoque
1544 4597 1814 4669 originem
1851 4599 2087 4654 asseruit
2116 4601 2321 4671 (Andr.
2359 4605 2534 4660 Caes.
2579 4604 2637 4660 in

1312 4695 1400 4742 607
