3050 5184
401 325 521 382 414
601 339 674 382 ni:
703 339 838 383 ver.
873 339 1126 384 rasum.
1157 339 1346 385 ments
1373 339 1774 384 moenai-iere.
1807 357 1885 368 —-
1914 339 2047 384 car.
2070 340 2131 386 v.
2158 339 2235 386 nn
2263 332 2597 379 rnorus'tu
2622 327 2923 373 nameus.

403 467 476 524 ad
503 467 899 527 destruendam
925 470 1298 527 idololatriam
1325 473 1474 528 Deus
1492 472 1611 528 eius
1628 471 1931 528 ministerio
1958 486 2091 526 usus
2116 478 2219 527 est.
2246 467 2501 528 Visiones
2524 471 2707 519 antem
2738 461 2927 516 danie-

405 555 558 624 neae,
591 573 764 630 quum
789 567 1020 615 cunctae
1048 559 1338 616 victoriam
1360 575 1394 616 a
1417 559 1617 615 Messia
1648 558 1719 615 de
1754 557 2149 630 potentissimis
2180 557 2371 629 regnis
2400 549 2801 627 reportandam
2834 563 2930 602 an·

403 645 680 714 nuntient,
696 645 841 704 hanc
864 647 1332 703 sententiamnon
1350 662 1549 718 parum
1569 646 1916 702 confirmant.
1950 648 2146 720 Itaque
2163 642 2381 710 Daniel,
2412 639 2513 715 qd
2526 647 2646 698 toto
2670 637 2817 694 libro
2838 650 2932 691 suo
3033 637 3034 654 ³

403 733 840 805 magnitudinem
868 733 1092 790 Domini
1121 735 1394 803 celebrat,
1415 735 1716 807 propheta
1741 734 2080 790 maiestatis
2110 733 2355 789 divinae
2382 737 2489 786 aet.

797 919 840 1008 ἓ
873 925 980 986 1·“1.
1007 958 1096 968 -
1125 921 1224 985 De
1259 919 1418 985 libra·
1437 918 1737 985 Danielis
1768 930 2169 1008 arqzemento
2200 929 2263 984 et
2288 915 2534 986 indole.

480 1116 537 1172 1.
572 1146 650 1156 —
677 1112 865 1172 Liber
892 1111 1196 1184 DanieliS‚
1225 1129 1414 1190 quem
1443 1113 1619 1172 velut
1662 1112 2033 1172 canonicum
2072 1110 2347 1171 Ecclesia
2376 1123 2629 1184 semper
2660 1103 2933 1181 recepit.

402 1209 562 1268 libro
592 1209 845 1268 canonis
877 1209 1108 1269 iudaici
1139 1214 1202 1269 et
1237 1209 1670 1287 protestantici
1711 1208 1975 1287 plenior,
2002 1210 2371 1286 argumento
2406 1221 2520 1264 suo
2558 1220 2594 1262 a
2617 1201 2935 1280 plerisque

401 1304 787 1384 propheticis
817 1309 1078 1366 eatenus
1104 1305 1313 1366 differt
1330 1353 1344 1380 ,
1380 1310 1690 1384 quatenus
1719 1305 1926 1365 maior
1950 1305 2088 1364 eius
2118 1320 2263 1381 pars
2288 1307 2385 1362 est
2408 1300 2738 1362 historica.

465 1418 898 1474 Protocanonico
938 1418 1104 1488 libro,
1133 1419 1228 1492 qui
1276 1417 1537 1474 hebraice
1580 1427 1635 1473 et
1663 1416 1951 1474 chaldaice
1992 1415 2177 1473 adhuc
2223 1423 2404 1471 exstat
2423 1415 2463 1482 ¹,
2509 1412 2763 1469 Ecclesia
2794 1412 2937 1466 velut

396 1507 662 1577 genuinas
697 1515 755 1562 et
790 1507 1084 1563 canonicas
1125 1521 1344 1576 semper
1387 1505 1598 1562 addidit
1640 1506 1929 1577 pericopas
1964 1502 2267 1576 quasdam,
2305 1517 2541 1575 quarum
2576 1500 2937 1573 primigenius

393 1601 576 1649 textus
615 1594 823 1650 interiit
839 1637 855 1662 ,
901 1609 979 1652 sc.
1035 1594 1346 1650 orationem
1395 1593 1631 1649 Azariae
1680 1601 1736 1649 et
1782 1593 2055 1664 hymnum
2102 1591 2275 1647 trium
2327 1589 2637 1646 amicorum
2696 1585 2934 1643 Danielis

395 1685 663 1748 (3,24·90>
684 1723 699 1748 ,
750 1681 1044 1737 historiam
1092 1681 1375 1738 Susannae
1419 1685 1742 1748 (13.1-65),
1786 1679 2163 1734 narrationem
2204 1677 2275 1734 de
2318 1676 2413 1732 Bel
2448 1685 2503 1732 et
2547 1675 2801 1731 dracone
2846 1689 2935 1744 per

393 1769 684 1824 Danielem
705 1767 1004 1824 destructis
1027 1771 1318 1837 (ua-42),
1338 1767 1408 1823 de
1429 1783 1663 1839 quarum
1683 1766 1895 1838 origine
1915 1776 1971 1822 et
1994 1767 2321 1822 auctoritate
2339 1765 2481 1820 infra
2501 1764 2780 1820 dicemuS.
2806 1765 2935 1818 Pro-

394 1856 752 1912 tocanonicus
773 1856 915 1913 liber
935 1855 1150 1913 duabus
1177 1854 1424 1926 partibus
1449 1855 1565 1911 fere
1585 1854 1909 1926 aequalibus
1934 1862 2170 1924 constat,
2202 1868 2437 1925 quarum
2469 1853 2619 1923 prior
2648 1850 2777 1906 fere
2802 1851 2933 1905 inte-

395 1960 496 2016 gra
524 1953 608 2000 est
631 1944 890 2000 historica
926 1945 1126 2015 (1.-6.),
1157 1943 1331 1999 altera
1361 1942 1681 2014 prophetica
1710 1947 1925 2010 (7.·12),
1958 1940 2457 1998 deuteroeanonica
2486 1947 2681 1996 autem
2720 1938 2933 1996 addita·
3033 1967 3034 1972 κ

395 2041 580 2088 menta
597 2031 760 2087 etiam
782 2040 909 2086 sunt
933 2031 1214 2087 historica.
1237 2061 1308 2070 —
1324 2030 1601 2099 Quoniam
1618 2045 1732 2086 non
1750 2039 1867 2085 tam
1886 2038 2039 2085 arcto
2062 2045 2207 2084 nexu
2221 2071 2236 2096 ‚
2260 2043 2429 2100 quam
2450 2029 2510 2082 in
2532 2027 2771 2098 reliquis
2788 2027 2935 2082 libris

395 2119 752 2191 propheticiS,
782 2118 1014 2174 historia
1051 2133 1182 2174 cum
1221 2117 1482 2174 vaticiniis
1515 2117 1735 2173 videtur
1768 2133 1885 2173 esse
1924 2117 2249 2184 coniuncta,
2278 2115 2535 2172 nonnulli
2564 2113 2684 2170 duo
2726 2114 2931 2170 diversa

393 2208 656 2277 opuscula
699 2206 856 2277 quasi
895 2213 1278 2278 coagmentata
1320 2220 1437 2262 esse
1467 2213 1691 2276 putant;
1723 2205 2000 2260 iuniorem
2036 2204 2248 2260 scilicet
2290 2202 2619 2275 scriptorem
2664 2203 2934 2258 vaticiniis

393 2295 637 2350 Danielis
674 2293 996 2350 historicam
1032 2293 1102 2349 de
1141 2293 1442 2364 prophetae
1485 2292 1652 2348 rebus
1693 2291 1859 2364 gestis
1898 2288 2370 2347 introductionem
2415 2289 2794 2360 praemisisse.
2834 2288 2933 2346 Sed

392 2382 615 2437 attende
636 2390 717 2448 a.)
747 2381 921 2452 prima
961 2380 1144 2452 capita
1180 2396 1292 2436 non
1330 2397 1488 2436 mere
1526 2395 1647 2435 esse
1681 2378 1940 2435 historica
1979 2388 2145 2450 atque
2176 2379 2453 2434 somnium
2482 2377 2931 2434 Nabuchodono-

393 2470 532 2526 soris
560 2473 830 2538 (mal-45>
859 2469 1087 2524 omnino
1126 2467 1462 2538 respondere
1489 2466 1706 2524 somnio
1736 2467 1977 2522 Danielis
2002 2466 2268 2538 (7,1-28);
2304 2466 2381 2532 b.)
2418 2465 2479 2520 in
2498 2473 2749 2536 utraque
2785 2473 2931 2538 parte

393 2557 533 2614 duas
561 2557 775 2628 linguas
803 2555 1142 2622 (hebraicam
1179 2564 1234 2611 et
1261 2554 1626 2622 chaldaicam)
1656 2552 1934 2622 adhiberi3
1966 2558 2039 2621 c.)
2070 2552 2266 2609 eadem
2294 2553 2691 2624 chronologica
2722 2555 2931 2610 ratione

391 2654 688 2717 utramque
728 2653 938 2716 partem
977 2659 1095 2700 esse
1123 2643 1476 2714 dispositam3
1518 2642 1606 2714 d.)
1649 2641 1721 2698 ad
1765 2640 2003 2698 eundem
2046 2641 2214 2698 tinem
2253 2650 2547 2712 utramque
2588 2643 2925 2714 conspirare.

393 2749 564 2806 quum
593 2733 802 2802 priores
829 2733 1176 2788 narrationes
1211 2730 1478 2786 vaticiniis
1509 2729 1677 2786 tidem
1710 2729 2035 2798 concilient,
2078 2738 2244 2800 atque
2274 2744 2389 2783 non
2420 2727 2607 2784 minus
2644 2745 2823 2801 quam
2850 2731 2927 2784 vi·-

390 2821 574 2877 siones
606 2820 867 2876 Israelitis
895 2817 1303 2886 confortandiS,
1335 2817 1572 2874 ethnicis
1610 2816 2014 2873 confundendis
2045 2816 2365 2873 inserviant.
2396 2818 2481 2871 De
2507 2819 2927 2887 protocanonici

390 2909 558 2980 igitur
585 2907 714 2963 libri
743 2907 954 2964 unitate
981 2906 1235 2963 dubitare
1257 2923 1370 2968 non
1401 2905 1551 2961 licet.

469 3061 529 3118 2.
559 3091 640 3102 --
669 3057 980 3118 Historica
1006 3057 1147 3116 libri
1171 3073 1314 3137 pars
1358 3058 1559 3115 Deum
1591 3071 1704 3132 per
1743 3054 2067 3115 Danielem
2106 3055 2467 3132 amicosque
2508 3055 2644 3116 eius
2690 3057 2927 3134 magni-

391 3155 678 3215 tudinem
722 3170 898 3214 suam
939 3153 1372 3214 manifestasse
1413 3151 1689 3212 maxime
1729 3151 2041 3222 ostendit,
2074 3151 2441 3229 prophetica
2470 3168 2622 3212 vero
2662 3159 2929 3230 quatuor

389 3251 739 3310 visionibus
761 3249 976 3320 docet,
1000 3252 1204 3309 Deum
1234 3247 1739 3325 magnitudinem
1768 3263 1945 3307 suam
1972 3247 2038 3306 in
2068 3246 2337 3306 ethnicis
2366 3247 2577 3325 regnis
2609 3248 2925 3310 destruen-

391 3345 489 3404 dis
519 3363 656 3405 esse
687 3345 1254 3405 manifestaturum.

461 3462 883 3514 lwrnonuc'rlo
925 3459 1151 3525 (1,1-21)
1191 3455 1260 3512 de
1288 3454 1535 3512 Danielis
1577 3455 2017 3525 praeparatione.
2061 3485 2132 3495 —
2172 3456 2431 3527 Captivus
2472 3457 2525 3512 in
2568 3457 2923 3533 Babyloniam

407 3545 679 3602 abductus
707 3547 765 3600 iu
795 3545 916 3600 aula
943 3543 1090 3615 regia
1119 3543 1360 3598 fideliter
1387 3543 1593 3614 Legem
1623 3543 1877 3599 observat
1907 3547 2153 3611 (1‚1·16),
2185 3551 2351 3614 atque
2380 3553 2605 3614 propter
2628 3546 2775 3603 hanc
2802 3547 2923 3603 fide-

388 3634 599 3688 litatem
630 3631 746 3702 ipse
776 3639 832 3687 et
859 3639 973 3686 tres
998 3630 1157 3686 amici
1185 3629 1304 3686 eius
1331 3645 1364 3685 a
1391 3631 1512 3684 Deo
1543 3631 1618 3684 ita
1648 3639 1777 3685 sunt
1805 3629 1996 3699 adiuti,
2025 3640 2085 3687 ut
2113 3630 2377 3702 singulari
2406 3632 2672 3703 sapientia
2695 3635 2921 3706 praediti

389 3719 566 3776 aulica
593 3719 894 3775 ministeria
927 3717 1240 3773 obtinerent
1265 3719 1547 3789 (1‚17-21).

458 3811 616 3864 PAns
645 3822 832 3864 Paron
860 3809 1145 3874 (2,1-6,28)
1167 3807 1413 3877 quinque
1429 3809 1658 3860 eventus
1678 3804 1883 3878 refert,
1910 3807 2120 3878 quibus
2143 3811 2299 3861 Deus
2321 3823 2430 3878 per
2446 3809 2753 3866 Danielem
2776 3812 2921 3866 eius-

389 3913 493 3968 que
521 3895 746 3950 amicos
775 3894 1150 3948 maiestatem
1173 3907 1350 3947 suam
1375 3891 1815 3965 manifestavit.

460 3989 511 4038 1.
549 3980 1145 4038 Nabuchodonosor-is
1190 3980 1480 4036 somnium
1523 3980 1597 4034 de
1634 3996 1854 4052 maqna
1899 3985 2104 4036 statua
2142 3997 2334 4054 parvo
2378 3983 2581 4055 lapide
2624 3986 2915 4042 destructa

635 4069 894 4128 omnibus
924 4067 1268 4140 incognitum
1295 4067 1543 4138 precanti
1566 4067 1785 4123 Danieli
1813 4084 1845 4122 a
1872 4069 1993 4124 Deo
2022 4070 2300 4124 revelatur
2328 4073 2585 4140 (2‚1-23);
2616 4089 2715 4128 rex
2744 4083 2919 4130 autem

635 4156 707 4213 ob
735 4155 936 4212 somnii
963 4154 1464 4210 manifestationem
1492 4149 1549 4210 et
1578 4154 2003 4225 explicationem
2031 4161 2293 4224 (zm-45)
2322 4158 2505 4212 Deum
2532 4159 2779 4216 Danielis
2806 4177 2919 4232 pro-

635 4245 839 4300 clamat
862 4242 1029 4299 deum
1058 4243 1291 4299 deorum
1316 4241 1721 4313 Danielemque
1750 4241 1821 4298 ad
1849 4243 2073 4299 altiores
2099 4243 2395 4316 dignitates
2419 4245 2605 4302 evehit
2634 4253 2915 4318 (λῶ-48].

460 4338 515 4388 2.
549 4335 685 4387 Tres
712 4334 892 4386 amici
914 4331 1184 4386 Danielis
1217 4335 1492 4386 statuam
1532 4329 1804 4386 adorare
1834 4331 2090 4388 nolentes
2124 4333 2363 4387 camino
2402 4335 2760 4393 inficiuntur
2784 4341 2917 4404 (aa-

447 4480 516 4541 (1)
547 4479 812 4530 Hebraice
840 4479 1028 4544 scripta
1051 4482 1174 4530 sunt
1206 4482 1411 4539 1,1-2‚4
1437 4491 1482 4527 a.
1521 4481 1575 4528 et
1608 4482 1897 4541 8,1·12,13;
1935 4479 2224 4531 chaldaice
2250 4485 2331 4540 2,4
2361 4481 2585 4542 b.-7‚2s.
2618 4487 2913 4536 Denter-oca·

389 4557 600 4608 nonicae
643 4558 934 4622 pericopae,
975 4571 1110 4622 quae
1147 4558 1272 4608 olim
1304 4558 1454 4608 etiam
1491 4555 1753 4607 chaldaice
1793 4557 1875 4608 vel
1916 4557 2153 4609 hebraice
2192 4561 2525 4624 exstiterunt,
2563 4563 2917 4614 'theodotionis

387 4634 644 4694 versione,
671 4650 700 4686 a
727 4649 829 4700 qua
855 4636 984 4686 aliae
1003 4637 1264 4690 versiones
1291 4649 1466 4687 omnes
1491 4634 1805 4700 dependent,
1830 4641 1879 4688 et
1904 4637 2237 4690 alexandrina
2262 4639 2405 4690 nobis
2430 4647 2549 4692 sunt
2572 4643 2913 4695 transmissae.
