<?xml version="1.0" encoding="UTF-8"?>
<!DOCTYPE html PUBLIC "-//W3C//DTD XHTML 1.0 Transitional//EN"
    "http://www.w3.org/TR/xhtml1/DTD/xhtml1-transitional.dtd">
<html xmlns="http://www.w3.org/1999/xhtml" xml:lang="en" lang="en">
 <head>
  <title>
</title>
<meta http-equiv="Content-Type" content="text/html;charset=utf-8" />
  <meta name='ocr-system' content='tesseract 3.04.00' />
  <meta name='ocr-capabilities' content='ocr_page ocr_carea ocr_par ocr_line ocrx_word'/>
</head>
<body>
  <div class='ocr_page' id='page_1' title='image "./historicaeetcri00corngoog_0489.png"; bbox 0 0 3050 5184; ppageno 0'>
   <div class='ocr_carea' id='block_1_1' title="bbox 650 331 2642 396">
    <p class='ocr_par' dir='ltr' id='par_1_1' title="bbox 650 331 2642 396">
     <span class='ocr_line' id='line_1_1' title="bbox 650 331 2642 396; baseline 0 -1"><span class='ocrx_word' id='word_1_1' title='bbox 650 351 725 395; x_wconf 80' lang='lat' dir='ltr'><strong>ns</strong></span> <span class='ocrx_word' id='word_1_2' title='bbox 761 347 1074 394; x_wconf 55' lang='lat' dir='ltr'><strong>evaeum</strong></span> <span class='ocrx_word' id='word_1_3' title='bbox 1114 347 1428 392; x_wconf 71' lang='lat' dir='ltr'><strong>saeuunuu</strong></span> <span class='ocrx_word' id='word_1_4' title='bbox 1470 348 1668 393; x_wconf 65' lang='lat' dir='ltr'><strong>Lucu</strong></span> <span class='ocrx_word' id='word_1_5' title='bbox 1708 331 2086 394; x_wconf 68' lang='lat' dir='ltr'><strong>Au&#39;rm&#39;suru.</strong></span> <span class='ocrx_word' id='word_1_6' title='bbox 2531 339 2642 396; x_wconf 73' lang='lat'><strong>479</strong></span> 
     </span>
    </p>
   </div>
   <div class='ocr_carea' id='block_1_2' title="bbox 98 477 2642 2129">
    <p class='ocr_par' dir='ltr' id='par_1_2' title="bbox 98 477 2642 904">
     <span class='ocr_line' id='line_1_2' title="bbox 102 477 2642 554; baseline 0.002 -20"><span class='ocrx_word' id='word_1_7' title='bbox 102 489 159 536; x_wconf 86' lang='lat' dir='ltr'><strong>ut</strong></span> <span class='ocrx_word' id='word_1_8' title='bbox 182 481 475 553; x_wconf 78' lang='lat' dir='ltr'><strong>integrum</strong></span> <span class='ocrx_word' id='word_1_9' title='bbox 510 503 535 532; x_wconf 68' lang='lat' dir='ltr'><strong>a</strong></span> <span class='ocrx_word' id='word_1_10' title='bbox 562 481 919 554; x_wconf 86' lang='lat' dir='ltr'><strong>Evangelium</strong></span> <span class='ocrx_word' id='word_1_11' title='bbox 945 481 1127 537; x_wconf 82' lang='lat' dir='ltr'>Lucae</span> <span class='ocrx_word' id='word_1_12' title='bbox 1156 501 1182 530; x_wconf 73' lang='lat' dir='ltr'><strong>n</strong></span> <span class='ocrx_word' id='word_1_13' title='bbox 1216 477 1499 549; x_wconf 75' lang='lat' dir='ltr'><strong>defendat,</strong></span> <span class='ocrx_word' id='word_1_14' title='bbox 1520 479 1595 536; x_wconf 88' lang='lat' dir='ltr'><strong>ad</strong></span> <span class='ocrx_word' id='word_1_15' title='bbox 1614 481 2044 551; x_wconf 87' lang='lat' dir='ltr'><strong>apostolicarum</strong></span> <span class='ocrx_word' id='word_1_16' title='bbox 2063 480 2420 538; x_wconf 86' lang='lat' dir='ltr'><strong>ecclesiarum</strong></span> <span class='ocrx_word' id='word_1_17' title='bbox 2450 491 2642 538; x_wconf 88' lang='lat' dir='ltr'><strong>aucto-</strong></span> 
     </span>
     <span class='ocr_line' id='line_1_3' title="bbox 100 567 2642 642; baseline 0.001 -20"><span class='ocrx_word' id='word_1_18' title='bbox 100 569 325 626; x_wconf 86' lang='lat' dir='ltr'><strong>ritatem</strong></span> <span class='ocrx_word' id='word_1_19' title='bbox 372 584 679 642; x_wconf 88' lang='lat' dir='ltr'><strong>provocans</strong></span> <span class='ocrx_word' id='word_1_20' title='bbox 728 572 797 638; x_wconf 92' lang='lat' dir='ltr'><strong>(c.</strong></span> <span class='ocrx_word' id='word_1_21' title='bbox 850 571 1021 624; x_wconf 90' lang='lat' dir='ltr'><strong>Marc.</strong></span> <span class='ocrx_word' id='word_1_22' title='bbox 1076 570 1171 624; x_wconf 81' lang='lat' dir='ltr'><strong>IV.</strong></span> <span class='ocrx_word' id='word_1_23' title='bbox 1216 572 1301 635; x_wconf 84' lang='lat'><strong>5);</strong></span> <span class='ocrx_word' id='word_1_24' title='bbox 1352 568 1708 624; x_wconf 80' lang='lat' dir='ltr'>asiaticarum</span> <span class='ocrx_word' id='word_1_25' title='bbox 1753 568 1914 624; x_wconf 89' lang='lat' dir='ltr'><strong>simul</strong></span> <span class='ocrx_word' id='word_1_26' title='bbox 1961 577 2018 624; x_wconf 92' lang='lat' dir='ltr'><strong>et</strong></span> <span class='ocrx_word' id='word_1_27' title='bbox 2061 567 2422 641; x_wconf 85' lang='lat' dir='ltr'><strong>lugdunensis</strong></span> <span class='ocrx_word' id='word_1_28' title='bbox 2475 569 2642 626; x_wconf 83' lang='lat' dir='ltr'><strong>fidem</strong></span> 
     </span>
     <span class='ocr_line' id='line_1_4' title="bbox 100 655 2641 728; baseline 0.001 -18"><span class='ocrx_word' id='word_1_29' title='bbox 100 656 395 726; x_wconf 81' lang='lat' dir='ltr'><strong>profitetur</strong></span> <span class='ocrx_word' id='word_1_30' title='bbox 426 659 488 713; x_wconf 87' lang='lat' dir='ltr'><strong>S.</strong></span> <span class='ocrx_word' id='word_1_31' title='bbox 514 663 795 713; x_wconf 80' lang='lat' dir='ltr'><strong>Irenaeus</strong></span> <span class='ocrx_word' id='word_1_32' title='bbox 829 676 854 707; x_wconf 76' lang='grc' dir='ltr'>ι</span> <span class='ocrx_word' id='word_1_33' title='bbox 886 659 1123 723; x_wconf 87' lang='lat' dir='ltr'><strong>Lucam,</strong></span> <span class='ocrx_word' id='word_1_34' title='bbox 1155 664 1486 712; x_wconf 82' lang='lat' dir='ltr'><strong>sectatorem</strong></span> <span class='ocrx_word' id='word_1_35' title='bbox 1514 657 1675 711; x_wconf 90' lang='lat' dir='ltr'><strong>Pauli</strong></span> <span class='ocrx_word' id='word_1_36' title='bbox 1705 677 1730 707; x_wconf 71' lang='lat' dir='ltr'>n</span> <span class='ocrx_word' id='word_1_37' title='bbox 1765 656 2048 728; x_wconf 81' lang='lat' dir='ltr'>Evangelii</span> <span class='ocrx_word' id='word_1_38' title='bbox 2075 655 2422 712; x_wconf 87' lang='lat' dir='ltr'><strong>conditorem</strong></span> <span class='ocrx_word' id='word_1_39' title='bbox 2458 657 2641 714; x_wconf 89' lang='lat' dir='ltr'><strong>nomi-</strong></span> 
     </span>
     <span class='ocr_line' id='line_1_5' title="bbox 98 741 2638 812; baseline 0.002 -15"><span class='ocrx_word' id='word_1_40' title='bbox 98 759 237 798; x_wconf 89' lang='lat' dir='ltr'><strong>nans</strong></span> <span class='ocrx_word' id='word_1_41' title='bbox 284 747 354 812; x_wconf 90' lang='lat' dir='ltr'><strong>(c.</strong></span> <span class='ocrx_word' id='word_1_42' title='bbox 408 746 577 800; x_wconf 86' lang='lat' dir='ltr'><strong>Haer.</strong></span> <span class='ocrx_word' id='word_1_43' title='bbox 632 745 734 800; x_wconf 90' lang='lat'><strong>111.</strong></span> <span class='ocrx_word' id='word_1_44' title='bbox 781 748 863 812; x_wconf 85' lang='lat'><strong>1);</strong></span> <span class='ocrx_word' id='word_1_45' title='bbox 904 742 1297 800; x_wconf 80' lang='lat' dir='ltr'><strong>alexandrinae</strong></span> <span class='ocrx_word' id='word_1_46' title='bbox 1325 741 1552 798; x_wconf 89' lang='lat' dir='ltr'><strong>demum</strong></span> <span class='ocrx_word' id='word_1_47' title='bbox 1581 743 1846 800; x_wconf 85' lang='lat' dir='ltr'><strong>ecclesiae</strong></span> <span class='ocrx_word' id='word_1_48' title='bbox 1890 753 2056 800; x_wconf 89' lang='lat' dir='ltr'><strong>testes</strong></span> <span class='ocrx_word' id='word_1_49' title='bbox 2098 753 2226 800; x_wconf 86' lang='lat' dir='ltr'><strong>sunt</strong></span> <span class='ocrx_word' id='word_1_50' title='bbox 2256 744 2518 800; x_wconf 78' lang='lat' dir='ltr'><em>Clemens</em></span> <span class='ocrx_word' id='word_1_51' title='bbox 2565 747 2638 801; x_wconf 76' lang='lat' dir='ltr'><strong>A.</strong></span> 
     </span>
     <span class='ocr_line' id='line_1_6' title="bbox 102 829 1552 904; baseline 0 -18"><span class='ocrx_word' id='word_1_52' title='bbox 102 833 327 898; x_wconf 66' lang='lat' dir='ltr'><strong>(strom.</strong></span> <span class='ocrx_word' id='word_1_53' title='bbox 361 832 407 887; x_wconf 89' lang='lat'><strong>1.</strong></span> <span class='ocrx_word' id='word_1_54' title='bbox 436 831 527 902; x_wconf 75' lang='lat'><strong>21)</strong></span> <span class='ocrx_word' id='word_1_55' title='bbox 556 840 614 887; x_wconf 86' lang='lat' dir='ltr'><strong>et</strong></span> <span class='ocrx_word' id='word_1_56' title='bbox 642 832 923 904; x_wconf 74' lang='lat' dir='ltr'><strong>Oriqenes</strong></span> <span class='ocrx_word' id='word_1_57' title='bbox 950 831 1029 902; x_wconf 91' lang='lat' dir='ltr'><strong>(in</strong></span> <span class='ocrx_word' id='word_1_58' title='bbox 1056 829 1259 886; x_wconf 86' lang='lat' dir='ltr'><strong>Matth.</strong></span> <span class='ocrx_word' id='word_1_59' title='bbox 1290 837 1429 886; x_wconf 88' lang='lat' dir='ltr'><strong>tom.</strong></span> <span class='ocrx_word' id='word_1_60' title='bbox 1460 831 1552 902; x_wconf 90' lang='lat'><strong>1.).</strong></span> 
     </span>
    </p>

    <p class='ocr_par' dir='ltr' id='par_1_3' title="bbox 98 917 2642 2129">
     <span class='ocr_line' id='line_1_7' title="bbox 164 917 2640 994; baseline 0.001 -20"><span class='ocrx_word' id='word_1_61' title='bbox 164 921 329 988; x_wconf 86' lang='lat' dir='ltr'><strong>Quae</strong></span> <span class='ocrx_word' id='word_1_62' title='bbox 354 918 671 975; x_wconf 88' lang='lat' dir='ltr'><strong>testimonia</strong></span> <span class='ocrx_word' id='word_1_63' title='bbox 704 920 1013 976; x_wconf 77' lang='lat' dir='ltr'><strong>recentiora</strong></span> <span class='ocrx_word' id='word_1_64' title='bbox 1052 933 1169 974; x_wconf 90' lang='lat' dir='ltr'><strong>esse</strong></span> <span class='ocrx_word' id='word_1_65' title='bbox 1198 925 1254 974; x_wconf 89' lang='lat' dir='ltr'><strong>et</strong></span> <span class='ocrx_word' id='word_1_66' title='bbox 1284 918 1342 974; x_wconf 88' lang='lat' dir='ltr'><strong>S.</strong></span> <span class='ocrx_word' id='word_1_67' title='bbox 1373 919 1630 990; x_wconf 81' lang='lat' dir='ltr'><strong>Papiam,</strong></span> <span class='ocrx_word' id='word_1_68' title='bbox 1663 917 1759 990; x_wconf 89' lang='lat' dir='ltr'><strong>qui</strong></span> <span class='ocrx_word' id='word_1_69' title='bbox 1786 917 2026 976; x_wconf 88' lang='lat' dir='ltr'><strong>duorum</strong></span> <span class='ocrx_word' id='word_1_70' title='bbox 2054 918 2362 992; x_wconf 87' lang='lat' dir='ltr'><strong>primorum</strong></span> <span class='ocrx_word' id='word_1_71' title='bbox 2390 922 2640 994; x_wconf 85' lang='lat' dir='ltr'><strong>Evange-</strong></span> 
     </span>
     <span class='ocr_line' id='line_1_8' title="bbox 102 1005 2640 1074; baseline 0.002 -15"><span class='ocrx_word' id='word_1_72' title='bbox 102 1006 305 1062; x_wconf 88' lang='lat' dir='ltr'><strong>liorum</strong></span> <span class='ocrx_word' id='word_1_73' title='bbox 340 1014 598 1062; x_wconf 81' lang='lat' dir='ltr'><strong>auctores</strong></span> <span class='ocrx_word' id='word_1_74' title='bbox 636 1007 967 1074; x_wconf 88' lang='lat' dir='ltr'><strong>nominavit,</strong></span> <span class='ocrx_word' id='word_1_75' title='bbox 1007 1005 1078 1062; x_wconf 90' lang='lat' dir='ltr'><strong>de</strong></span> <span class='ocrx_word' id='word_1_76' title='bbox 1114 1005 1268 1062; x_wconf 89' lang='lat' dir='ltr'><strong>tertii</strong></span> <span class='ocrx_word' id='word_1_77' title='bbox 1308 1014 1536 1061; x_wconf 86' lang='lat' dir='ltr'><strong>auctore</strong></span> <span class='ocrx_word' id='word_1_78' title='bbox 1571 1005 1710 1060; x_wconf 84' lang='lat' dir='ltr'><strong>nihil</strong></span> <span class='ocrx_word' id='word_1_79' title='bbox 1741 1006 2066 1072; x_wconf 84' lang='lat' dir='ltr'><strong>tradidisse,</strong></span> <span class='ocrx_word' id='word_1_80' title='bbox 2095 1015 2306 1063; x_wconf 86' lang='lat' dir='ltr'><strong>temere</strong></span> <span class='ocrx_word' id='word_1_81' title='bbox 2345 1015 2402 1063; x_wconf 91' lang='lat' dir='ltr'><strong>et</strong></span> <span class='ocrx_word' id='word_1_82' title='bbox 2437 1005 2640 1064; x_wconf 79' lang='lat' dir='ltr'><strong>frustra</strong></span> 
     </span>
     <span class='ocr_line' id='line_1_9' title="bbox 100 1091 2640 1166; baseline 0.002 -21"><span class='ocrx_word' id='word_1_83' title='bbox 100 1093 381 1150; x_wconf 85' lang='lat' dir='ltr'><strong>obiicitur.</strong></span> <span class='ocrx_word' id='word_1_84' title='bbox 424 1095 565 1150; x_wconf 88' lang='lat' dir='ltr'><strong>Nam</strong></span> <span class='ocrx_word' id='word_1_85' title='bbox 605 1093 675 1149; x_wconf 91' lang='lat' dir='ltr'><strong>de</strong></span> <span class='ocrx_word' id='word_1_86' title='bbox 702 1096 759 1150; x_wconf 89' lang='lat' dir='ltr'><strong>S.</strong></span> <span class='ocrx_word' id='word_1_87' title='bbox 788 1093 995 1166; x_wconf 84' lang='lat' dir='ltr'><strong>Papiae</strong></span> <span class='ocrx_word' id='word_1_88' title='bbox 1031 1093 1249 1148; x_wconf 90' lang='lat' dir='ltr'><strong>silentio</strong></span> <span class='ocrx_word' id='word_1_89' title='bbox 1283 1093 1369 1148; x_wconf 86' lang='lat' dir='ltr'><strong>vel</strong></span> <span class='ocrx_word' id='word_1_90' title='bbox 1397 1091 1524 1148; x_wconf 90' lang='lat' dir='ltr'><strong>ideo</strong></span> <span class='ocrx_word' id='word_1_91' title='bbox 1553 1093 1689 1149; x_wconf 86' lang='lat' dir='ltr'><strong>nihil</strong></span> <span class='ocrx_word' id='word_1_92' title='bbox 1717 1093 1886 1149; x_wconf 88' lang='lat' dir='ltr'><strong>statui</strong></span> <span class='ocrx_word' id='word_1_93' title='bbox 1915 1102 2125 1164; x_wconf 89' lang='lat' dir='ltr'><strong>potest,</strong></span> <span class='ocrx_word' id='word_1_94' title='bbox 2156 1094 2284 1166; x_wconf 88' lang='lat' dir='ltr'><strong>quia</strong></span> <span class='ocrx_word' id='word_1_95' title='bbox 2315 1110 2487 1166; x_wconf 88' lang='lat' dir='ltr'><strong>pauca</strong></span> <span class='ocrx_word' id='word_1_96' title='bbox 2515 1104 2640 1151; x_wconf 88' lang='lat' dir='ltr'><strong>tan-</strong></span> 
     </span>
     <span class='ocr_line' id='line_1_10' title="bbox 99 1180 2642 1255; baseline 0.001 -20"><span class='ocrx_word' id='word_1_97' title='bbox 99 1190 213 1236; x_wconf 86' lang='lat' dir='ltr'><strong>tum</strong></span> <span class='ocrx_word' id='word_1_98' title='bbox 243 1181 368 1236; x_wconf 87' lang='lat' dir='ltr'><strong>eius</strong></span> <span class='ocrx_word' id='word_1_99' title='bbox 409 1181 717 1255; x_wconf 76' lang='lat' dir='ltr'><strong>fragmenta</strong></span> <span class='ocrx_word' id='word_1_100' title='bbox 746 1181 815 1238; x_wconf 94' lang='lat' dir='ltr'><strong>ad</strong></span> <span class='ocrx_word' id='word_1_101' title='bbox 852 1197 957 1238; x_wconf 88' lang='lat' dir='ltr'><strong>nos</strong></span> <span class='ocrx_word' id='word_1_102' title='bbox 995 1189 1392 1254; x_wconf 85' lang='lat' dir='ltr'><strong>pervenerunt,</strong></span> <span class='ocrx_word' id='word_1_103' title='bbox 1434 1189 1602 1252; x_wconf 87' lang='lat' dir='ltr'><strong>atque</strong></span> <span class='ocrx_word' id='word_1_104' title='bbox 1639 1180 1956 1236; x_wconf 82' lang='lat' dir='ltr'><strong>testimonia</strong></span> <span class='ocrx_word' id='word_1_105' title='bbox 1996 1181 2116 1237; x_wconf 92' lang='lat' dir='ltr'><strong>eius</strong></span> <span class='ocrx_word' id='word_1_106' title='bbox 2156 1180 2226 1237; x_wconf 92' lang='lat' dir='ltr'><strong>de</strong></span> <span class='ocrx_word' id='word_1_107' title='bbox 2266 1182 2550 1239; x_wconf 87' lang='lat' dir='ltr'><strong>Matthaeo</strong></span> <span class='ocrx_word' id='word_1_108' title='bbox 2587 1193 2642 1238; x_wconf 90' lang='lat' dir='ltr'><strong>et</strong></span> 
     </span>
     <span class='ocr_line' id='line_1_11' title="bbox 98 1268 2642 1336; baseline 0.002 -14"><span class='ocrx_word' id='word_1_109' title='bbox 98 1271 287 1324; x_wconf 81' lang='lat' dir='ltr'><strong>Marco</strong></span> <span class='ocrx_word' id='word_1_110' title='bbox 322 1268 589 1325; x_wconf 84' lang='lat' dir='ltr'><strong>Eusebius</strong></span> <span class='ocrx_word' id='word_1_111' title='bbox 624 1285 739 1326; x_wconf 88' lang='lat' dir='ltr'><strong>non</strong></span> <span class='ocrx_word' id='word_1_112' title='bbox 774 1285 903 1325; x_wconf 88' lang='lat' dir='ltr'><strong>eum</strong></span> <span class='ocrx_word' id='word_1_113' title='bbox 938 1270 997 1324; x_wconf 93' lang='lat' dir='ltr'><strong>in</strong></span> <span class='ocrx_word' id='word_1_114' title='bbox 1030 1268 1201 1325; x_wconf 82' lang='lat' dir='ltr'><strong>finem</strong></span> <span class='ocrx_word' id='word_1_115' title='bbox 1227 1268 1389 1324; x_wconf 87' lang='lat' dir='ltr'><strong>nobis</strong></span> <span class='ocrx_word' id='word_1_116' title='bbox 1417 1270 1790 1336; x_wconf 85' lang='lat' dir='ltr'><strong>conservavit,</strong></span> <span class='ocrx_word' id='word_1_117' title='bbox 1827 1277 1888 1324; x_wconf 91' lang='lat' dir='ltr'><strong>ut</strong></span> <span class='ocrx_word' id='word_1_118' title='bbox 1925 1268 2272 1325; x_wconf 87' lang='lat' dir='ltr'><strong>Matthaeum</strong></span> <span class='ocrx_word' id='word_1_119' title='bbox 2305 1278 2362 1325; x_wconf 89' lang='lat' dir='ltr'><strong>et</strong></span> <span class='ocrx_word' id='word_1_120' title='bbox 2391 1273 2642 1327; x_wconf 87' lang='lat' dir='ltr'><strong>Marcum</strong></span> 
     </span>
     <span class='ocr_line' id='line_1_12' title="bbox 98 1356 2640 1427; baseline 0.002 -17"><span class='ocrx_word' id='word_1_121' title='bbox 98 1356 511 1412; x_wconf 86' lang='lat' dir='ltr'><strong>demonstraret</strong></span> <span class='ocrx_word' id='word_1_122' title='bbox 532 1357 802 1413; x_wconf 87' lang='lat' dir='ltr'><strong>librorum</strong></span> <span class='ocrx_word' id='word_1_123' title='bbox 824 1357 1050 1412; x_wconf 88' lang='lat' dir='ltr'><strong>illorum</strong></span> <span class='ocrx_word' id='word_1_124' title='bbox 1079 1364 1333 1412; x_wconf 87' lang='lat' dir='ltr'><strong>auctores</strong></span> <span class='ocrx_word' id='word_1_125' title='bbox 1368 1371 1487 1412; x_wconf 90' lang='lat' dir='ltr'><strong>esse</strong></span> <span class='ocrx_word' id='word_1_126' title='bbox 1524 1360 1652 1427; x_wconf 91' lang='lat' dir='ltr'><strong>(qua</strong></span> <span class='ocrx_word' id='word_1_127' title='bbox 1683 1356 1752 1413; x_wconf 88' lang='lat' dir='ltr'><strong>dc</strong></span> <span class='ocrx_word' id='word_1_128' title='bbox 1780 1372 1840 1411; x_wconf 92' lang='lat' dir='ltr'><strong>re</strong></span> <span class='ocrx_word' id='word_1_129' title='bbox 1868 1371 2034 1412; x_wconf 88' lang='lat' dir='ltr'><strong>nemo</strong></span> <span class='ocrx_word' id='word_1_130' title='bbox 2063 1357 2182 1412; x_wconf 90' lang='lat' dir='ltr'><strong>eius</strong></span> <span class='ocrx_word' id='word_1_131' title='bbox 2211 1365 2391 1414; x_wconf 90' lang='lat' dir='ltr'><strong>aetate</strong></span> <span class='ocrx_word' id='word_1_132' title='bbox 2429 1357 2640 1415; x_wconf 89' lang='lat' dir='ltr'><strong>dubita·</strong></span> 
     </span>
     <span class='ocr_line' id='line_1_13' title="bbox 100 1442 2640 1517; baseline 0.003 -21"><span class='ocrx_word' id='word_1_133' title='bbox 100 1445 215 1510; x_wconf 81' lang='lat' dir='ltr'><strong>vit),</strong></span> <span class='ocrx_word' id='word_1_134' title='bbox 244 1443 351 1500; x_wconf 88' lang='lat' dir='ltr'><strong>sed</strong></span> <span class='ocrx_word' id='word_1_135' title='bbox 380 1452 445 1499; x_wconf 88' lang='lat' dir='ltr'><strong>ut</strong></span> <span class='ocrx_word' id='word_1_136' title='bbox 474 1445 739 1502; x_wconf 87' lang='lat' dir='ltr'><strong>certiores</strong></span> <span class='ocrx_word' id='word_1_137' title='bbox 766 1460 871 1500; x_wconf 90' lang='lat' dir='ltr'><strong>nos</strong></span> <span class='ocrx_word' id='word_1_138' title='bbox 894 1442 1151 1500; x_wconf 87' lang='lat' dir='ltr'><strong>redderet</strong></span> <span class='ocrx_word' id='word_1_139' title='bbox 1177 1443 1247 1500; x_wconf 90' lang='lat' dir='ltr'><strong>de</strong></span> <span class='ocrx_word' id='word_1_140' title='bbox 1278 1443 1552 1514; x_wconf 89' lang='lat' dir='ltr'><strong>primitiva</strong></span> <span class='ocrx_word' id='word_1_141' title='bbox 1576 1444 1761 1516; x_wconf 82' lang='lat' dir='ltr'><strong>lingua</strong></span> <span class='ocrx_word' id='word_1_142' title='bbox 1790 1443 1959 1515; x_wconf 88' lang='lat' dir='ltr'><strong>primi</strong></span> <span class='ocrx_word' id='word_1_143' title='bbox 1983 1445 2272 1517; x_wconf 84' lang='lat' dir='ltr'><strong>Evangelii</strong></span> <span class='ocrx_word' id='word_1_144' title='bbox 2301 1455 2358 1501; x_wconf 90' lang='lat' dir='ltr'><strong>et</strong></span> <span class='ocrx_word' id='word_1_145' title='bbox 2383 1444 2455 1502; x_wconf 89' lang='lat' dir='ltr'><strong>de</strong></span> <span class='ocrx_word' id='word_1_146' title='bbox 2477 1462 2640 1504; x_wconf 91' lang='lat' dir='ltr'><strong>causa</strong></span> 
     </span>
     <span class='ocr_line' id='line_1_14' title="bbox 98 1530 2640 1603; baseline 0.002 -18"><span class='ocrx_word' id='word_1_147' title='bbox 98 1531 307 1586; x_wconf 87' lang='lat' dir='ltr'><strong>turbati</strong></span> <span class='ocrx_word' id='word_1_148' title='bbox 334 1533 393 1587; x_wconf 91' lang='lat' dir='ltr'><strong>in</strong></span> <span class='ocrx_word' id='word_1_149' title='bbox 421 1531 663 1588; x_wconf 89' lang='lat' dir='ltr'><strong>secundo</strong></span> <span class='ocrx_word' id='word_1_150' title='bbox 688 1533 927 1600; x_wconf 89' lang='lat' dir='ltr'><strong>ordinis;</strong></span> <span class='ocrx_word' id='word_1_151' title='bbox 960 1549 1027 1588; x_wconf 86' lang='lat' dir='ltr'><strong>ex</strong></span> <span class='ocrx_word' id='word_1_152' title='bbox 1051 1531 1275 1589; x_wconf 86' lang='lat' dir='ltr'><strong>Eusebii</strong></span> <span class='ocrx_word' id='word_1_153' title='bbox 1303 1531 1473 1602; x_wconf 87' lang='lat' dir='ltr'><strong>igitur</strong></span> <span class='ocrx_word' id='word_1_154' title='bbox 1510 1531 1728 1586; x_wconf 90' lang='lat' dir='ltr'><strong>silentio</strong></span> <span class='ocrx_word' id='word_1_155' title='bbox 1762 1530 1834 1587; x_wconf 91' lang='lat' dir='ltr'><strong>ad</strong></span> <span class='ocrx_word' id='word_1_156' title='bbox 1860 1532 2064 1603; x_wconf 87' lang='lat' dir='ltr'><strong>Papiae</strong></span> <span class='ocrx_word' id='word_1_157' title='bbox 2098 1531 2380 1588; x_wconf 88' lang='lat' dir='ltr'><strong>silentium</strong></span> <span class='ocrx_word' id='word_1_158' title='bbox 2413 1535 2640 1590; x_wconf 85' lang='lat' dir='ltr'><strong>conclu-</strong></span> 
     </span>
     <span class='ocr_line' id='line_1_15' title="bbox 100 1619 2634 1691; baseline 0.002 -18"><span class='ocrx_word' id='word_1_159' title='bbox 100 1619 225 1674; x_wconf 88' lang='lat' dir='ltr'><strong>dere</strong></span> <span class='ocrx_word' id='word_1_160' title='bbox 267 1635 384 1676; x_wconf 91' lang='lat' dir='ltr'><strong>non</strong></span> <span class='ocrx_word' id='word_1_161' title='bbox 426 1619 567 1676; x_wconf 88' lang='lat' dir='ltr'><strong>licet.</strong></span> <span class='ocrx_word' id='word_1_162' title='bbox 609 1622 802 1691; x_wconf 86' lang='lat' dir='ltr'><strong>Neque</strong></span> <span class='ocrx_word' id='word_1_163' title='bbox 844 1619 1049 1676; x_wconf 88' lang='lat' dir='ltr'><strong>rectius</strong></span> <span class='ocrx_word' id='word_1_164' title='bbox 1092 1619 1349 1676; x_wconf 88' lang='lat' dir='ltr'><strong>obiicitur</strong></span> <span class='ocrx_word' id='word_1_165' title='bbox 1384 1635 1582 1676; x_wconf 88' lang='lat' dir='ltr'><strong>recens</strong></span> <span class='ocrx_word' id='word_1_166' title='bbox 1619 1620 2068 1676; x_wconf 86' lang='lat' dir='ltr'><strong>testimoniorum</strong></span> <span class='ocrx_word' id='word_1_167' title='bbox 2107 1629 2426 1677; x_wconf 87' lang='lat' dir='ltr'><strong>nostrorum</strong></span> <span class='ocrx_word' id='word_1_168' title='bbox 2465 1631 2634 1680; x_wconf 81' lang='lat' dir='ltr'><strong>aetas,</strong></span> 
     </span>
     <span class='ocr_line' id='line_1_16' title="bbox 100 1706 2639 1766; baseline 0.002 -4"><span class='ocrx_word' id='word_1_169' title='bbox 100 1709 313 1762; x_wconf 87' lang='lat' dir='ltr'><strong>Etenim</strong></span> <span class='ocrx_word' id='word_1_170' title='bbox 341 1707 387 1762; x_wconf 90' lang='lat' dir='ltr'><strong>si</strong></span> <span class='ocrx_word' id='word_1_171' title='bbox 418 1717 651 1763; x_wconf 91' lang='lat' dir='ltr'><strong>exeunte</strong></span> <span class='ocrx_word' id='word_1_172' title='bbox 679 1723 823 1762; x_wconf 90' lang='lat' dir='ltr'><strong>saec.</strong></span> <span class='ocrx_word' id='word_1_173' title='bbox 852 1714 907 1763; x_wconf 80' lang='lat'><strong>2.</strong></span> <span class='ocrx_word' id='word_1_174' title='bbox 941 1708 1001 1763; x_wconf 92' lang='lat' dir='ltr'><strong>in</strong></span> <span class='ocrx_word' id='word_1_175' title='bbox 1028 1706 1289 1763; x_wconf 89' lang='lat' dir='ltr'><strong>omnibus</strong></span> <span class='ocrx_word' id='word_1_176' title='bbox 1316 1706 1560 1763; x_wconf 89' lang='lat' dir='ltr'><strong>ecclesiis</strong></span> <span class='ocrx_word' id='word_1_177' title='bbox 1588 1707 1710 1762; x_wconf 92' lang='lat' dir='ltr'><strong>sine</strong></span> <span class='ocrx_word' id='word_1_178' title='bbox 1745 1707 1856 1763; x_wconf 91' lang='lat' dir='ltr'><strong>ulla</strong></span> <span class='ocrx_word' id='word_1_179' title='bbox 1887 1708 2248 1764; x_wconf 56' lang='lat' dir='ltr'><strong>haesitatione</strong></span> <span class='ocrx_word' id='word_1_180' title='bbox 2286 1711 2464 1765; x_wconf 91' lang='lat' dir='ltr'><strong>Lucas</strong></span> <span class='ocrx_word' id='word_1_181' title='bbox 2490 1711 2639 1766; x_wconf 90' lang='lat' dir='ltr'><strong>tertii</strong></span> 
     </span>
     <span class='ocr_line' id='line_1_17' title="bbox 99 1793 2634 1868; baseline 0.002 -19"><span class='ocrx_word' id='word_1_182' title='bbox 99 1795 380 1867; x_wconf 75' lang='lat' dir='ltr'><strong>Evangelii</strong></span> <span class='ocrx_word' id='word_1_183' title='bbox 436 1803 629 1850; x_wconf 83' lang='lat' dir='ltr'><strong>auctor</strong></span> <span class='ocrx_word' id='word_1_184' title='bbox 684 1796 974 1863; x_wconf 88' lang='lat' dir='ltr'><strong>asseritur,</strong></span> <span class='ocrx_word' id='word_1_185' title='bbox 1036 1795 1174 1850; x_wconf 88' lang='lat' dir='ltr'><strong>baec</strong></span> <span class='ocrx_word' id='word_1_186' title='bbox 1224 1795 1558 1850; x_wconf 87' lang='lat' dir='ltr'><strong>unanimitas</strong></span> <span class='ocrx_word' id='word_1_187' title='bbox 1608 1795 1790 1867; x_wconf 78' lang='lat' dir='ltr'><strong>arguit</strong></span> <span class='ocrx_word' id='word_1_188' title='bbox 1844 1793 2203 1851; x_wconf 86' lang='lat' dir='ltr'><strong>traditionem</strong></span> <span class='ocrx_word' id='word_1_189' title='bbox 2256 1798 2634 1868; x_wconf 87' lang='lat' dir='ltr'><strong>apostolicam.</strong></span> 
     </span>
     <span class='ocr_line' id='line_1_18' title="bbox 98 1882 2635 1954; baseline 0.002 -16"><span class='ocrx_word' id='word_1_190' title='bbox 98 1885 147 1938; x_wconf 91' lang='lat' dir='ltr'><strong>S.</strong></span> <span class='ocrx_word' id='word_1_191' title='bbox 178 1885 367 1938; x_wconf 88' lang='lat' dir='ltr'><strong>Lucae</strong></span> <span class='ocrx_word' id='word_1_192' title='bbox 398 1897 603 1938; x_wconf 89' lang='lat' dir='ltr'><strong>nomen</strong></span> <span class='ocrx_word' id='word_1_193' title='bbox 639 1892 727 1938; x_wconf 88' lang='lat' dir='ltr'><strong>ter</strong></span> <span class='ocrx_word' id='word_1_194' title='bbox 761 1890 980 1938; x_wconf 87' lang='lat' dir='ltr'><strong>tantum</strong></span> <span class='ocrx_word' id='word_1_195' title='bbox 1016 1883 1077 1938; x_wconf 91' lang='lat' dir='ltr'><strong>in</strong></span> <span class='ocrx_word' id='word_1_196' title='bbox 1104 1891 1224 1939; x_wconf 89' lang='lat' dir='ltr'><strong>toto</strong></span> <span class='ocrx_word' id='word_1_197' title='bbox 1260 1884 1417 1938; x_wconf 90' lang='lat' dir='ltr'><strong>Novo</strong></span> <span class='ocrx_word' id='word_1_198' title='bbox 1452 1883 1602 1938; x_wconf 89' lang='lat' dir='ltr'><strong>Test.</strong></span> <span class='ocrx_word' id='word_1_199' title='bbox 1645 1882 1968 1938; x_wconf 89' lang='lat' dir='ltr'><strong>nominatur</strong></span> <span class='ocrx_word' id='word_1_200' title='bbox 2006 1884 2154 1952; x_wconf 78' lang='lat' dir='ltr'><strong>(Col.</strong></span> <span class='ocrx_word' id='word_1_201' title='bbox 2193 1889 2352 1954; x_wconf 77' lang='lat'><strong>⁴,143</strong></span> <span class='ocrx_word' id='word_1_202' title='bbox 2393 1885 2635 1942; x_wconf 80' lang='lat' dir='ltr'><strong>Philem.</strong></span> 
     </span>
     <span class='ocr_line' id='line_1_19' title="bbox 98 1968 2634 2044; baseline 0.002 -20"><span class='ocrx_word' id='word_1_203' title='bbox 98 1977 185 2031; x_wconf 81' lang='grc'><strong>24;</strong></span> <span class='ocrx_word' id='word_1_204' title='bbox 213 1977 249 2025; x_wconf 83' lang='grc'><strong>2</strong></span> <span class='ocrx_word' id='word_1_205' title='bbox 283 1971 437 2026; x_wconf 82' lang='lat' dir='ltr'><strong>Tim.</strong></span> <span class='ocrx_word' id='word_1_206' title='bbox 464 1974 643 2039; x_wconf 76' lang='lat'><strong>4,11);</strong></span> <span class='ocrx_word' id='word_1_207' title='bbox 672 1971 819 2027; x_wconf 88' lang='lat' dir='ltr'><strong>inter</strong></span> <span class='ocrx_word' id='word_1_208' title='bbox 834 1969 1169 2026; x_wconf 83' lang='lat' dir='ltr'><strong>celebriores</strong></span> <span class='ocrx_word' id='word_1_209' title='bbox 1196 1971 1365 2042; x_wconf 83' lang='lat' dir='ltr'><strong>igitur</strong></span> <span class='ocrx_word' id='word_1_210' title='bbox 1387 1970 1548 2025; x_wconf 90' lang='lat' dir='ltr'><strong>Pauli</strong></span> <span class='ocrx_word' id='word_1_211' title='bbox 1574 1968 1869 2041; x_wconf 88' lang='lat' dir='ltr'><strong>discipulos</strong></span> <span class='ocrx_word' id='word_1_212' title='bbox 1902 1972 2183 2026; x_wconf 89' lang='lat' dir='ltr'><strong>numerari</strong></span> <span class='ocrx_word' id='word_1_213' title='bbox 2204 1987 2319 2028; x_wconf 92' lang='lat' dir='ltr'><strong>non</strong></span> <span class='ocrx_word' id='word_1_214' title='bbox 2329 1975 2634 2044; x_wconf 67' lang='lat' dir='ltr'><strong>potuisset,</strong></span> 
     </span>
     <span class='ocr_line' id='line_1_20' title="bbox 99 2056 2478 2129; baseline 0.002 -17"><span class='ocrx_word' id='word_1_215' title='bbox 99 2059 189 2113; x_wconf 88' lang='lat' dir='ltr'><strong>nisi</strong></span> <span class='ocrx_word' id='word_1_216' title='bbox 218 2057 420 2114; x_wconf 89' lang='lat' dir='ltr'><strong>fideles</strong></span> <span class='ocrx_word' id='word_1_217' title='bbox 444 2073 510 2114; x_wconf 90' lang='lat' dir='ltr'><strong>ex</strong></span> <span class='ocrx_word' id='word_1_218' title='bbox 539 2056 839 2114; x_wconf 88' lang='lat' dir='ltr'><strong>traditione</strong></span> <span class='ocrx_word' id='word_1_219' title='bbox 868 2058 1175 2125; x_wconf 80' lang='lat' dir='ltr'><strong>scivissent,</strong></span> <span class='ocrx_word' id='word_1_220' title='bbox 1206 2073 1333 2113; x_wconf 89' lang='lat' dir='ltr'><strong>eum</strong></span> <span class='ocrx_word' id='word_1_221' title='bbox 1362 2057 1645 2129; x_wconf 83' lang='lat' dir='ltr'><strong>Evangelii</strong></span> <span class='ocrx_word' id='word_1_222' title='bbox 1677 2066 1732 2113; x_wconf 86' lang='lat' dir='ltr'><strong>et</strong></span> <span class='ocrx_word' id='word_1_223' title='bbox 1761 2061 2002 2112; x_wconf 84' lang='lat' dir='ltr'><strong>Actuum</strong></span> <span class='ocrx_word' id='word_1_224' title='bbox 2027 2067 2310 2116; x_wconf 90' lang='lat' dir='ltr'><strong>auctorem</strong></span> <span class='ocrx_word' id='word_1_225' title='bbox 2338 2076 2478 2117; x_wconf 89' lang='lat' dir='ltr'><strong>esse.</strong></span> 
     </span>
    </p>
   </div>
   <div class='ocr_carea' id='block_1_3' title="bbox 98 2224 2640 2592">
    <p class='ocr_par' dir='ltr' id='par_1_4' title="bbox 98 2224 2640 2592">
     <span class='ocr_line' id='line_1_21' title="bbox 168 2224 2639 2304; baseline 0.002 -18"><span class='ocrx_word' id='word_1_226' title='bbox 168 2231 227 2286; x_wconf 73' lang='lat'><strong>4.</strong></span> <span class='ocrx_word' id='word_1_227' title='bbox 262 2259 345 2268; x_wconf 89' lang='lat'>—</span> <span class='ocrx_word' id='word_1_228' title='bbox 375 2224 684 2296; x_wconf 88' lang='lat' dir='ltr'><strong>Quoniam</strong></span> <span class='ocrx_word' id='word_1_229' title='bbox 716 2225 779 2286; x_wconf 90' lang='lat' dir='ltr'><strong>S.</strong></span> <span class='ocrx_word' id='word_1_230' title='bbox 814 2227 1013 2286; x_wconf 84' lang='lat' dir='ltr'><strong>Lucae</strong></span> <span class='ocrx_word' id='word_1_231' title='bbox 1044 2226 1283 2286; x_wconf 87' lang='lat' dir='ltr'><strong>auctori</strong></span> <span class='ocrx_word' id='word_1_232' title='bbox 1324 2227 1542 2286; x_wconf 85' lang='lat' dir='ltr'><strong>Patres</strong></span> <span class='ocrx_word' id='word_1_233' title='bbox 1579 2226 1989 2304; x_wconf 84' lang='lat' dir='ltr'><strong>Evangelium</strong></span> <span class='ocrx_word' id='word_1_234' title='bbox 2028 2226 2119 2286; x_wconf 88' lang='lat' dir='ltr'><strong>ita</strong></span> <span class='ocrx_word' id='word_1_235' title='bbox 2155 2229 2535 2300; x_wconf 88' lang='lat' dir='ltr'><strong>attribuunt,</strong></span> <span class='ocrx_word' id='word_1_236' title='bbox 2569 2236 2639 2292; x_wconf 88' lang='lat' dir='ltr'><strong>ut</strong></span> 
     </span>
     <span class='ocr_line' id='line_1_22' title="bbox 99 2321 2637 2401; baseline 0.002 -21"><span class='ocrx_word' id='word_1_237' title='bbox 99 2323 289 2384; x_wconf 79' lang='lat' dir='ltr'><strong>simul</strong></span> <span class='ocrx_word' id='word_1_238' title='bbox 316 2322 546 2383; x_wconf 88' lang='lat' dir='ltr'><strong>eadem</strong></span> <span class='ocrx_word' id='word_1_239' title='bbox 575 2322 705 2382; x_wconf 85' lang='lat' dir='ltr'><strong>fere</strong></span> <span class='ocrx_word' id='word_1_240' title='bbox 734 2323 1011 2395; x_wconf 88' lang='lat' dir='ltr'><strong>ratione,</strong></span> <span class='ocrx_word' id='word_1_241' title='bbox 1039 2340 1160 2401; x_wconf 91' lang='lat' dir='ltr'><strong>qua</strong></span> <span class='ocrx_word' id='word_1_242' title='bbox 1190 2321 1538 2382; x_wconf 88' lang='lat' dir='ltr'><strong>secundum</strong></span> <span class='ocrx_word' id='word_1_243' title='bbox 1560 2321 1636 2382; x_wconf 91' lang='lat' dir='ltr'><strong>ad</strong></span> <span class='ocrx_word' id='word_1_244' title='bbox 1662 2324 1953 2394; x_wconf 89' lang='lat' dir='ltr'><strong>Petrum,</strong></span> <span class='ocrx_word' id='word_1_245' title='bbox 1978 2323 2234 2383; x_wconf 89' lang='lat' dir='ltr'><strong>tertium</strong></span> <span class='ocrx_word' id='word_1_246' title='bbox 2263 2323 2340 2383; x_wconf 87' lang='lat' dir='ltr'><strong>ad</strong></span> <span class='ocrx_word' id='word_1_247' title='bbox 2370 2325 2637 2386; x_wconf 90' lang='lat' dir='ltr'><strong>Paulum</strong></span> 
     </span>
     <span class='ocr_line' id='line_1_23' title="bbox 98 2418 2640 2501; baseline 0.002 -24"><span class='ocrx_word' id='word_1_248' title='bbox 98 2419 389 2490; x_wconf 80' lang='lat' dir='ltr'><strong>reserant,</strong></span> <span class='ocrx_word' id='word_1_249' title='bbox 421 2418 593 2478; x_wconf 86' lang='lat' dir='ltr'><strong>iuxta</strong></span> <span class='ocrx_word' id='word_1_250' title='bbox 620 2419 803 2479; x_wconf 90' lang='lat' dir='ltr'><strong>cuius</strong></span> <span class='ocrx_word' id='word_1_251' title='bbox 832 2419 1369 2495; x_wconf 85' lang='lat' dir='ltr'><strong>praedicationem</strong></span> <span class='ocrx_word' id='word_1_252' title='bbox 1402 2420 1598 2478; x_wconf 89' lang='lat' dir='ltr'><strong>Lucas</strong></span> <span class='ocrx_word' id='word_1_253' title='bbox 1630 2418 1786 2478; x_wconf 91' lang='lat' dir='ltr'><strong>illud</strong></span> <span class='ocrx_word' id='word_1_254' title='bbox 1816 2419 2160 2496; x_wconf 83' lang='lat' dir='ltr'><strong>scripserit,</strong></span> <span class='ocrx_word' id='word_1_255' title='bbox 2195 2420 2460 2482; x_wconf 89' lang='lat' dir='ltr'><strong>internis</strong></span> <span class='ocrx_word' id='word_1_256' title='bbox 2491 2439 2640 2501; x_wconf 88' lang='lat' dir='ltr'><strong>quo—</strong></span> 
     </span>
     <span class='ocr_line' id='line_1_24' title="bbox 98 2514 1872 2592; baseline -0.001 -17"><span class='ocrx_word' id='word_1_257' title='bbox 98 2533 213 2592; x_wconf 84' lang='lat' dir='ltr'><strong>que</strong></span> <span class='ocrx_word' id='word_1_258' title='bbox 245 2514 398 2576; x_wconf 88' lang='lat' dir='ltr'><strong>libri</strong></span> <span class='ocrx_word' id='word_1_259' title='bbox 428 2514 895 2574; x_wconf 83' lang='lat' dir='ltr'><strong>characteribus</strong></span> <span class='ocrx_word' id='word_1_260' title='bbox 925 2515 1252 2576; x_wconf 85' lang='lat' dir='ltr'><strong>authentia</strong></span> <span class='ocrx_word' id='word_1_261' title='bbox 1280 2515 1417 2576; x_wconf 88' lang='lat' dir='ltr'><strong>eius</strong></span> <span class='ocrx_word' id='word_1_262' title='bbox 1448 2515 1872 2575; x_wconf 86' lang='lat' dir='ltr'><strong>confirmatur.</strong></span> 
     </span>
    </p>
   </div>
   <div class='ocr_carea' id='block_1_4' title="bbox 92 2635 2710 4727">
    <p class='ocr_par' dir='ltr' id='par_1_5' title="bbox 92 2635 2710 4288">
     <span class='ocr_line' id='line_1_25' title="bbox 158 2635 2640 2712; baseline -0 -20"><span class='ocrx_word' id='word_1_263' title='bbox 158 2637 577 2692; x_wconf 63' lang='lat' dir='ltr'><strong>Merctor-iani</strong></span> <span class='ocrx_word' id='word_1_264' title='bbox 603 2635 829 2712; x_wconf 78' lang='lat' dir='ltr'><strong>sraqm.</strong></span> <span class='ocrx_word' id='word_1_265' title='bbox 874 2638 921 2708; x_wconf 77' lang='grc' dir='ltr'><strong>(α</strong></span> <span class='ocrx_word' id='word_1_266' title='bbox 954 2652 1021 2691; x_wconf 88' lang='lat' dir='ltr'><strong>ex</strong></span> <span class='ocrx_word' id='word_1_267' title='bbox 1060 2637 1319 2708; x_wconf 88' lang='lat' dir='ltr'><strong>opinione</strong></span> <span class='ocrx_word' id='word_1_268' title='bbox 1364 2658 1388 2686; x_wconf 73' lang='grc' dir='ltr'><strong>υ</strong></span> <span class='ocrx_word' id='word_1_269' title='bbox 1436 2652 1513 2692; x_wconf 91' lang='lat' dir='ltr'><strong>sc.</strong></span> <span class='ocrx_word' id='word_1_270' title='bbox 1555 2636 1717 2692; x_wconf 92' lang='lat' dir='ltr'><strong>Pauli</strong></span> <span class='ocrx_word' id='word_1_271' title='bbox 1751 2661 1824 2682; x_wconf 93' lang='lat'><strong><em>=</em></strong></span> <span class='ocrx_word' id='word_1_272' title='bbox 1859 2636 1986 2689; x_wconf 80' lang='grc' dir='ltr'><strong>κατὰ</strong></span> <span class='ocrx_word' id='word_1_273' title='bbox 2023 2635 2112 2702; x_wconf 64' lang='grc' dir='ltr'><strong>τὴν</strong></span> <span class='ocrx_word' id='word_1_274' title='bbox 2151 2637 2351 2690; x_wconf 77' lang='grc' dir='ltr'>Παύλου</span> <span class='ocrx_word' id='word_1_275' title='bbox 2386 2637 2531 2700; x_wconf 81' lang='grc' dir='ltr'>δόξαν</span> <span class='ocrx_word' id='word_1_276' title='bbox 2569 2665 2640 2686; x_wconf 91' lang='lat'><strong><em>=</em></strong></span> 
     </span>
     <span class='ocr_line' id='line_1_26' title="bbox 98 2723 2638 2795; baseline 0.002 -19"><span class='ocrx_word' id='word_1_277' title='bbox 98 2725 241 2780; x_wconf 80' lang='lat' dir='ltr'><strong>iuxta</strong></span> <span class='ocrx_word' id='word_1_278' title='bbox 278 2723 435 2779; x_wconf 84' lang='lat' dir='ltr'><strong>Pauli</strong></span> <span class='ocrx_word' id='word_1_279' title='bbox 465 2723 842 2789; x_wconf 88' lang='lat' dir='ltr'><strong>traditionem)</strong></span> <span class='ocrx_word' id='word_1_280' title='bbox 871 2724 1220 2789; x_wconf 83' lang='lat' dir='ltr'><strong>testimonio,</strong></span> <span class='ocrx_word' id='word_1_281' title='bbox 1255 2733 1445 2795; x_wconf 85' lang='lat' dir='ltr'><strong>utpote</strong></span> <span class='ocrx_word' id='word_1_282' title='bbox 1480 2724 1724 2791; x_wconf 88' lang='lat' dir='ltr'><strong>incerto,</strong></span> <span class='ocrx_word' id='word_1_283' title='bbox 1753 2725 2141 2794; x_wconf 83' lang='lat' dir='ltr'><strong>praetermisso</strong></span> <span class='ocrx_word' id='word_1_284' title='bbox 2171 2734 2354 2780; x_wconf 85' lang='lat' dir='ltr'><strong>certos</strong></span> <span class='ocrx_word' id='word_1_285' title='bbox 2382 2726 2638 2783; x_wconf 87' lang='lat' dir='ltr'><strong>occiden-</strong></span> 
     </span>
     <span class='ocr_line' id='line_1_27' title="bbox 96 2810 2637 2886; baseline 0.001 -20"><span class='ocrx_word' id='word_1_286' title='bbox 96 2814 227 2868; x_wconf 85' lang='lat' dir='ltr'><strong>tales</strong></span> <span class='ocrx_word' id='word_1_287' title='bbox 266 2821 439 2867; x_wconf 88' lang='lat' dir='ltr'><strong>testes</strong></span> <span class='ocrx_word' id='word_1_288' title='bbox 476 2810 745 2867; x_wconf 87' lang='lat' dir='ltr'><strong>habemus</strong></span> <span class='ocrx_word' id='word_1_289' title='bbox 782 2813 840 2868; x_wconf 86' lang='lat' dir='ltr'><strong>S.</strong></span> <span class='ocrx_word' id='word_1_290' title='bbox 885 2815 1185 2868; x_wconf 80' lang='lat' dir='ltr'><strong>Irenaeum</strong></span> <span class='ocrx_word' id='word_1_291' title='bbox 1225 2812 1283 2878; x_wconf 86' lang='lat' dir='ltr'><strong>(l.</strong></span> <span class='ocrx_word' id='word_1_292' title='bbox 1316 2827 1363 2866; x_wconf 90' lang='lat' dir='ltr'><strong>c.</strong></span> <span class='ocrx_word' id='word_1_293' title='bbox 1414 2830 1439 2864; x_wconf 70' lang='grc' dir='ltr'>ι</span> <span class='ocrx_word' id='word_1_294' title='bbox 1479 2811 1688 2879; x_wconf 77' lang='lat' dir='ltr'><strong>LucaS,</strong></span> <span class='ocrx_word' id='word_1_295' title='bbox 1721 2820 1963 2867; x_wconf 89' lang='lat' dir='ltr'><strong>sectator</strong></span> <span class='ocrx_word' id='word_1_296' title='bbox 2007 2812 2185 2879; x_wconf 87' lang='lat' dir='ltr'><strong>Pauli,</strong></span> <span class='ocrx_word' id='word_1_297' title='bbox 2219 2813 2378 2886; x_wconf 79' lang='lat' dir='ltr'><strong>quod</strong></span> <span class='ocrx_word' id='word_1_298' title='bbox 2415 2815 2492 2868; x_wconf 88' lang='lat' dir='ltr'><strong>ab</strong></span> <span class='ocrx_word' id='word_1_299' title='bbox 2527 2814 2637 2869; x_wconf 74' lang='lat' dir='ltr'><strong>illo</strong></span> 
     </span>
     <span class='ocr_line' id='line_1_28' title="bbox 92 2897 2640 2972; baseline 0.001 -19"><span class='ocrx_word' id='word_1_300' title='bbox 92 2899 577 2970; x_wconf 75' lang='lat' dir='ltr'><strong>praedicabatur</strong></span> <span class='ocrx_word' id='word_1_301' title='bbox 611 2899 1025 2968; x_wconf 65' lang='lat' dir='ltr'><strong>Evangelium,</strong></span> <span class='ocrx_word' id='word_1_302' title='bbox 1057 2899 1117 2954; x_wconf 91' lang='lat' dir='ltr'><strong>in</strong></span> <span class='ocrx_word' id='word_1_303' title='bbox 1152 2898 1296 2955; x_wconf 89' lang='lat' dir='ltr'><strong>libro</strong></span> <span class='ocrx_word' id='word_1_304' title='bbox 1335 2897 1588 2955; x_wconf 89' lang='lat' dir='ltr'><strong>condidit</strong></span> <span class='ocrx_word' id='word_1_305' title='bbox 1627 2919 1652 2950; x_wconf 75' lang='lat' dir='ltr'><strong>n</strong></span> <span class='ocrx_word' id='word_1_306' title='bbox 1697 2898 1782 2954; x_wconf 79' lang='lat' dir='ltr'><strong>cfr</strong></span> <span class='ocrx_word' id='word_1_307' title='bbox 1818 2900 1987 2955; x_wconf 89' lang='lat' dir='ltr'><strong>etiam</strong></span> <span class='ocrx_word' id='word_1_308' title='bbox 2024 2916 2073 2955; x_wconf 94' lang='lat' dir='ltr'><strong>c.</strong></span> <span class='ocrx_word' id='word_1_309' title='bbox 2121 2901 2275 2956; x_wconf 84' lang='lat' dir='ltr'><strong>haer.</strong></span> <span class='ocrx_word' id='word_1_310' title='bbox 2319 2901 2424 2956; x_wconf 87' lang='lat'><strong>111.</strong></span> <span class='ocrx_word' id='word_1_311' title='bbox 2469 2903 2551 2972; x_wconf 86' lang='lat'><strong>14)</strong></span> <span class='ocrx_word' id='word_1_312' title='bbox 2585 2911 2640 2957; x_wconf 88' lang='lat' dir='ltr'><strong>et</strong></span> 
     </span>
     <span class='ocr_line' id='line_1_29' title="bbox 102 2986 2638 3059; baseline 0.001 -17"><span class='ocrx_word' id='word_1_313' title='bbox 102 2987 568 3050; x_wconf 77' lang='lat' dir='ltr'><strong>Tertullianum,</strong></span> <span class='ocrx_word' id='word_1_314' title='bbox 600 2987 697 3059; x_wconf 91' lang='lat' dir='ltr'><strong>qui</strong></span> <span class='ocrx_word' id='word_1_315' title='bbox 728 2988 963 3042; x_wconf 89' lang='lat' dir='ltr'><strong>Paulum</strong></span> <span class='ocrx_word' id='word_1_316' title='bbox 992 2997 1151 3042; x_wconf 89' lang='lat' dir='ltr'><strong>vocat</strong></span> <span class='ocrx_word' id='word_1_317' title='bbox 1194 3007 1221 3038; x_wconf 75' lang='grc' dir='ltr'><strong>α</strong></span> <span class='ocrx_word' id='word_1_318' title='bbox 1250 2986 1686 3042; x_wconf 87' lang='lat' dir='ltr'><strong>illuminatorem</strong></span> <span class='ocrx_word' id='word_1_319' title='bbox 1716 2989 1898 3042; x_wconf 90' lang='lat' dir='ltr'><strong>Lucae</strong></span> <span class='ocrx_word' id='word_1_320' title='bbox 1931 3008 1956 3038; x_wconf 86' lang='lat'>»</span> <span class='ocrx_word' id='word_1_321' title='bbox 1991 2989 2326 3059; x_wconf 78' lang='lat' dir='ltr'><strong>asseritque,</strong></span> <span class='ocrx_word' id='word_1_322' title='bbox 2363 3009 2388 3038; x_wconf 85' lang='lat'>«</span> <span class='ocrx_word' id='word_1_323' title='bbox 2421 2998 2638 3058; x_wconf 88' lang='lat' dir='ltr'><strong>aposto-</strong></span> 
     </span>
     <span class='ocr_line' id='line_1_30' title="bbox 102 3073 2636 3147; baseline 0.001 -19"><span class='ocrx_word' id='word_1_324' title='bbox 102 3075 228 3130; x_wconf 85' lang='lat' dir='ltr'><strong>licas</strong></span> <span class='ocrx_word' id='word_1_325' title='bbox 258 3074 521 3131; x_wconf 89' lang='lat' dir='ltr'><strong>ecclesias</strong></span> <span class='ocrx_word' id='word_1_326' title='bbox 544 3076 730 3130; x_wconf 89' lang='lat' dir='ltr'><strong>Lucae</strong></span> <span class='ocrx_word' id='word_1_327' title='bbox 758 3073 1034 3147; x_wconf 79' lang='lat' dir='ltr'><strong>digestum</strong></span> <span class='ocrx_word' id='word_1_328' title='bbox 1061 3075 1237 3131; x_wconf 90' lang='lat' dir='ltr'><strong>Paulo</strong></span> <span class='ocrx_word' id='word_1_329' title='bbox 1260 3073 1574 3130; x_wconf 85' lang='lat' dir='ltr'><strong>adscribere</strong></span> <span class='ocrx_word' id='word_1_330' title='bbox 1603 3075 1783 3130; x_wconf 91' lang='lat' dir='ltr'><strong>solere</strong></span> <span class='ocrx_word' id='word_1_331' title='bbox 1811 3095 1837 3126; x_wconf 73' lang='lat' dir='ltr'>n</span> <span class='ocrx_word' id='word_1_332' title='bbox 1875 3079 1943 3141; x_wconf 91' lang='lat' dir='ltr'><strong>(c.</strong></span> <span class='ocrx_word' id='word_1_333' title='bbox 1974 3076 2149 3131; x_wconf 88' lang='lat' dir='ltr'><strong>Marc.</strong></span> <span class='ocrx_word' id='word_1_334' title='bbox 2184 3077 2280 3131; x_wconf 84' lang='lat' dir='ltr'><strong>IV.</strong></span> <span class='ocrx_word' id='word_1_335' title='bbox 2311 3083 2366 3132; x_wconf 76' lang='lat'><strong>2.</strong></span> <span class='ocrx_word' id='word_1_336' title='bbox 2395 3077 2467 3146; x_wconf 87' lang='grc'><strong>5).</strong></span> <span class='ocrx_word' id='word_1_337' title='bbox 2500 3077 2636 3146; x_wconf 88' lang='lat' dir='ltr'><strong>Qui-</strong></span> 
     </span>
     <span class='ocr_line' id='line_1_31' title="bbox 98 3162 2638 3234; baseline 0.002 -18"><span class='ocrx_word' id='word_1_338' title='bbox 98 3163 325 3218; x_wconf 83' lang='lat' dir='ltr'><strong>buscum</strong></span> <span class='ocrx_word' id='word_1_339' title='bbox 351 3163 706 3218; x_wconf 83' lang='lat' dir='ltr'><strong>consentiunt</strong></span> <span class='ocrx_word' id='word_1_340' title='bbox 736 3163 1013 3234; x_wconf 75' lang='lat' dir='ltr'><strong>Oriqenes</strong></span> <span class='ocrx_word' id='word_1_341' title='bbox 1045 3163 1102 3229; x_wconf 89' lang='lat' dir='ltr'><strong>(l.</strong></span> <span class='ocrx_word' id='word_1_342' title='bbox 1127 3167 1222 3230; x_wconf 90' lang='lat' dir='ltr'><strong>c.),</strong></span> <span class='ocrx_word' id='word_1_343' title='bbox 1246 3163 1291 3218; x_wconf 91' lang='lat' dir='ltr'><strong>si</strong></span> <span class='ocrx_word' id='word_1_344' title='bbox 1317 3181 1340 3214; x_wconf 68' lang='grc' dir='ltr'><strong>α</strong></span> <span class='ocrx_word' id='word_1_345' title='bbox 1368 3162 1596 3218; x_wconf 87' lang='lat' dir='ltr'><strong>tertium</strong></span> <span class='ocrx_word' id='word_1_346' title='bbox 1620 3162 1770 3217; x_wconf 86' lang='lat' dir='ltr'><strong>iuxta</strong></span> <span class='ocrx_word' id='word_1_347' title='bbox 1795 3165 2004 3218; x_wconf 89' lang='lat' dir='ltr'><strong>Lucam</strong></span> <span class='ocrx_word' id='word_1_348' title='bbox 2033 3163 2394 3234; x_wconf 84' lang='lat' dir='ltr'><strong>Evangelium</strong></span> <span class='ocrx_word' id='word_1_349' title='bbox 2415 3180 2447 3219; x_wconf 89' lang='lat' dir='ltr'><strong>a</strong></span> <span class='ocrx_word' id='word_1_350' title='bbox 2464 3166 2638 3220; x_wconf 90' lang='lat' dir='ltr'><strong>Paulo</strong></span> 
     </span>
     <span class='ocr_line' id='line_1_32' title="bbox 100 3249 2633 3322; baseline 0.002 -19"><span class='ocrx_word' id='word_1_351' title='bbox 100 3250 383 3306; x_wconf 78' lang='lat' dir='ltr'><strong>laudatum</strong></span> <span class='ocrx_word' id='word_1_352' title='bbox 412 3272 439 3302; x_wconf 74' lang='grc' dir='ltr'><strong><em>ι</em></strong></span> <span class='ocrx_word' id='word_1_353' title='bbox 474 3251 532 3320; x_wconf 77' lang='grc' dir='ltr'><strong>(ἰ.</strong></span> <span class='ocrx_word' id='word_1_354' title='bbox 561 3267 610 3306; x_wconf 83' lang='lat' dir='ltr'><strong>e.</strong></span> <span class='ocrx_word' id='word_1_355' title='bbox 643 3250 1033 3322; x_wconf 82' lang='lat' dir='ltr'><strong>approbatum)</strong></span> <span class='ocrx_word' id='word_1_356' title='bbox 1059 3249 1221 3317; x_wconf 84' lang='lat' dir='ltr'><strong>dicit,</strong></span> <span class='ocrx_word' id='word_1_357' title='bbox 1251 3251 1534 3306; x_wconf 79' lang='lat' dir='ltr'><strong>Eusebius</strong></span> <span class='ocrx_word' id='word_1_358' title='bbox 1564 3253 1656 3316; x_wconf 83' lang='lat' dir='ltr'><strong>(fl.</strong></span> <span class='ocrx_word' id='word_1_359' title='bbox 1691 3252 1752 3304; x_wconf 87' lang='lat' dir='ltr'><strong>E.</strong></span> <span class='ocrx_word' id='word_1_360' title='bbox 1787 3251 1891 3305; x_wconf 89' lang='lat'><strong>111.</strong></span> <span class='ocrx_word' id='word_1_361' title='bbox 1922 3255 1978 3316; x_wconf 79' lang='grc'><strong>4)</strong></span> <span class='ocrx_word' id='word_1_362' title='bbox 2008 3251 2208 3322; x_wconf 87' lang='lat' dir='ltr'><strong>aliique</strong></span> <span class='ocrx_word' id='word_1_363' title='bbox 2241 3250 2348 3318; x_wconf 81' lang='lat' dir='ltr'><strong>(cl&#39;r</strong></span> <span class='ocrx_word' id='word_1_364' title='bbox 2375 3251 2432 3307; x_wconf 88' lang='lat' dir='ltr'><strong>S.</strong></span> <span class='ocrx_word' id='word_1_365' title='bbox 2467 3256 2633 3308; x_wconf 75' lang='lat' dir='ltr'><strong>Hier.</strong></span> 
     </span>
     <span class='ocr_line' id='line_1_33' title="bbox 98 3336 2638 3410; baseline 0.002 -19"><span class='ocrx_word' id='word_1_366' title='bbox 98 3337 161 3392; x_wconf 90' lang='lat' dir='ltr'><strong>de</strong></span> <span class='ocrx_word' id='word_1_367' title='bbox 186 3340 306 3393; x_wconf 89' lang='lat' dir='ltr'><strong>Vir.</strong></span> <span class='ocrx_word' id='word_1_368' title='bbox 335 3338 419 3394; x_wconf 89' lang='lat' dir='ltr'><strong>ill.</strong></span> <span class='ocrx_word' id='word_1_369' title='bbox 448 3344 522 3408; x_wconf 87' lang='grc'><strong>7),</strong></span> <span class='ocrx_word' id='word_1_370' title='bbox 556 3337 651 3409; x_wconf 87' lang='lat' dir='ltr'><strong>qui</strong></span> <span class='ocrx_word' id='word_1_371' title='bbox 680 3339 916 3394; x_wconf 82' lang='lat' dir='ltr'><strong>Paulum</strong></span> <span class='ocrx_word' id='word_1_372' title='bbox 948 3339 1005 3395; x_wconf 93' lang='lat' dir='ltr'><strong>in</strong></span> <span class='ocrx_word' id='word_1_373' title='bbox 1034 3339 1149 3393; x_wconf 90' lang='lat' dir='ltr'><strong>suis</strong></span> <span class='ocrx_word' id='word_1_374' title='bbox 1177 3337 1425 3410; x_wconf 86' lang='lat' dir='ltr'><strong>epistolis</strong></span> <span class='ocrx_word' id='word_1_375' title='bbox 1448 3336 1519 3394; x_wconf 91' lang='lat' dir='ltr'><strong>ad</strong></span> <span class='ocrx_word' id='word_1_376' title='bbox 1547 3339 1776 3393; x_wconf 88' lang='lat' dir='ltr'><strong>tertium</strong></span> <span class='ocrx_word' id='word_1_377' title='bbox 1806 3339 2168 3409; x_wconf 81' lang='lat' dir='ltr'><strong>Evangelium</strong></span> <span class='ocrx_word' id='word_1_378' title='bbox 2198 3341 2346 3394; x_wconf 88' lang='lat' dir='ltr'><strong>velut</strong></span> <span class='ocrx_word' id='word_1_379' title='bbox 2374 3339 2446 3395; x_wconf 90' lang='lat' dir='ltr'><strong>ad</strong></span> <span class='ocrx_word' id='word_1_380' title='bbox 2475 3356 2638 3396; x_wconf 86' lang='lat' dir='ltr'><strong>suum</strong></span> 
     </span>
     <span class='ocr_line' id='line_1_34' title="bbox 100 3425 2639 3498; baseline 0.003 -22"><span class='ocrx_word' id='word_1_381' title='bbox 100 3441 395 3494; x_wconf 74' lang='lat' dir='ltr'><strong>provocare</strong></span> <span class='ocrx_word' id='word_1_382' title='bbox 424 3426 639 3498; x_wconf 87' lang='lat' dir='ltr'><strong>(utique</strong></span> <span class='ocrx_word' id='word_1_383' title='bbox 671 3441 866 3497; x_wconf 84' lang='lat' dir='ltr'><strong>parum</strong></span> <span class='ocrx_word' id='word_1_384' title='bbox 893 3431 1063 3492; x_wconf 90' lang='lat' dir='ltr'><strong>recte)</strong></span> <span class='ocrx_word' id='word_1_385' title='bbox 1091 3427 1349 3492; x_wconf 90' lang='lat' dir='ltr'><strong>innuunt,</strong></span> <span class='ocrx_word' id='word_1_386' title='bbox 1380 3426 1436 3482; x_wconf 89' lang='lat' dir='ltr'><strong>S.</strong></span> <span class='ocrx_word' id='word_1_387' title='bbox 1474 3425 1923 3495; x_wconf 71' lang='lat' dir='ltr'><strong>chrysostomus</strong></span> <span class='ocrx_word' id='word_1_388' title='bbox 1947 3425 2026 3492; x_wconf 93' lang='lat' dir='ltr'><strong>(in</strong></span> <span class='ocrx_word' id='word_1_389' title='bbox 2055 3429 2179 3480; x_wconf 85' lang='lat' dir='ltr'><strong>Act.</strong></span> <span class='ocrx_word' id='word_1_390' title='bbox 2217 3425 2370 3482; x_wconf 85' lang='lat' dir='ltr'><strong>hom.</strong></span> <span class='ocrx_word' id='word_1_391' title='bbox 2411 3430 2517 3494; x_wconf 86' lang='lat'><strong>1,1)</strong></span> <span class='ocrx_word' id='word_1_392' title='bbox 2545 3443 2639 3483; x_wconf 91' lang='lat' dir='ltr'><strong>eos</strong></span> 
     </span>
     <span class='ocr_line' id='line_1_35' title="bbox 102 3512 2638 3586; baseline 0.003 -21"><span class='ocrx_word' id='word_1_393' title='bbox 102 3529 205 3568; x_wconf 86' lang='lat' dir='ltr'><strong>non</strong></span> <span class='ocrx_word' id='word_1_394' title='bbox 234 3529 425 3569; x_wconf 85' lang='lat' dir='ltr'><strong>errare</strong></span> <span class='ocrx_word' id='word_1_395' title='bbox 461 3529 723 3581; x_wconf 77' lang='lat' dir='ltr'><strong>censenS,</strong></span> <span class='ocrx_word' id='word_1_396' title='bbox 752 3512 851 3586; x_wconf 89' lang='lat' dir='ltr'><strong>qui</strong></span> <span class='ocrx_word' id='word_1_397' title='bbox 886 3513 1071 3568; x_wconf 90' lang='lat' dir='ltr'><strong>Lucae</strong></span> <span class='ocrx_word' id='word_1_398' title='bbox 1096 3515 1457 3582; x_wconf 68' lang='lat' dir='ltr'><strong>Evangelium</strong></span> <span class='ocrx_word' id='word_1_399' title='bbox 1484 3512 1590 3584; x_wconf 90' lang='lat' dir='ltr'><strong>ipsi</strong></span> <span class='ocrx_word' id='word_1_400' title='bbox 1622 3513 1796 3567; x_wconf 88' lang='lat' dir='ltr'><strong>Paulo</strong></span> <span class='ocrx_word' id='word_1_401' title='bbox 1834 3513 2163 3568; x_wconf 89' lang='lat' dir='ltr'><strong>attribuant.</strong></span> <span class='ocrx_word' id='word_1_402' title='bbox 2202 3544 2274 3554; x_wconf 96' lang='lat'><strong>—</strong></span> <span class='ocrx_word' id='word_1_403' title='bbox 2301 3515 2496 3586; x_wconf 88' lang='lat' dir='ltr'><strong>Neque</strong></span> <span class='ocrx_word' id='word_1_404' title='bbox 2524 3517 2638 3572; x_wconf 90' lang='lat' dir='ltr'><strong>ullo</strong></span> 
     </span>
     <span class='ocr_line' id='line_1_36' title="bbox 100 3597 2710 3673; baseline 0.002 -19"><span class='ocrx_word' id='word_1_405' title='bbox 100 3599 261 3656; x_wconf 88' lang='lat' dir='ltr'><strong>modo</strong></span> <span class='ocrx_word' id='word_1_406' title='bbox 290 3600 431 3656; x_wconf 87' lang='lat' dir='ltr'><strong>baec</strong></span> <span class='ocrx_word' id='word_1_407' title='bbox 452 3601 725 3657; x_wconf 87' lang='lat' dir='ltr'><strong>sententia</strong></span> <span class='ocrx_word' id='word_1_408' title='bbox 752 3617 880 3656; x_wconf 90' lang='lat' dir='ltr'><strong>cum</strong></span> <span class='ocrx_word' id='word_1_409' title='bbox 908 3601 1195 3672; x_wconf 90' lang='lat' dir='ltr'><strong>prooemio</strong></span> <span class='ocrx_word' id='word_1_410' title='bbox 1228 3600 1380 3656; x_wconf 86' lang='lat' dir='ltr'><strong>tertii</strong></span> <span class='ocrx_word' id='word_1_411' title='bbox 1410 3599 1698 3671; x_wconf 83' lang='lat' dir='ltr'><strong>Evangelii</strong></span> <span class='ocrx_word' id='word_1_412' title='bbox 1730 3609 1960 3673; x_wconf 85' lang='lat' dir='ltr'><strong>pugnat.</strong></span> <span class='ocrx_word' id='word_1_413' title='bbox 1987 3601 2139 3656; x_wconf 89' lang='lat' dir='ltr'><strong>Nihil</strong></span> <span class='ocrx_word' id='word_1_414' title='bbox 2170 3600 2323 3657; x_wconf 90' lang='lat' dir='ltr'><strong>aliud</strong></span> <span class='ocrx_word' id='word_1_415' title='bbox 2352 3603 2502 3658; x_wconf 89' lang='lat' dir='ltr'><strong>enim</strong></span> <span class='ocrx_word' id='word_1_416' title='bbox 2523 3604 2640 3660; x_wconf 89' lang='lat' dir='ltr'><strong>eius</strong></span> <span class='ocrx_word' id='word_1_417' title='bbox 2700 3597 2710 3610; x_wconf 88' lang='lat'><em>&#39;</em></span> 
     </span>
     <span class='ocr_line' id='line_1_37' title="bbox 100 3687 2639 3760; baseline 0.002 -18"><span class='ocrx_word' id='word_1_418' title='bbox 100 3687 259 3744; x_wconf 81' lang='lat' dir='ltr'><strong>verba</strong></span> <span class='ocrx_word' id='word_1_419' title='bbox 288 3687 524 3756; x_wconf 88' lang='lat' dir='ltr'><strong>docent,</strong></span> <span class='ocrx_word' id='word_1_420' title='bbox 558 3689 667 3744; x_wconf 86' lang='lat' dir='ltr'><strong>nisi</strong></span> <span class='ocrx_word' id='word_1_421' title='bbox 704 3691 943 3755; x_wconf 87' lang='lat' dir='ltr'><strong>Lucam,</strong></span> <span class='ocrx_word' id='word_1_422' title='bbox 979 3689 1109 3760; x_wconf 89' lang='lat' dir='ltr'><strong>quia</strong></span> <span class='ocrx_word' id='word_1_423' title='bbox 1146 3704 1261 3743; x_wconf 91' lang='lat' dir='ltr'><strong>non</strong></span> <span class='ocrx_word' id='word_1_424' title='bbox 1293 3709 1317 3738; x_wconf 74' lang='grc' dir='ltr'><em>α</em></span> <span class='ocrx_word' id='word_1_425' title='bbox 1358 3688 1428 3744; x_wconf 88' lang='lat' dir='ltr'><strong>ab</strong></span> <span class='ocrx_word' id='word_1_426' title='bbox 1456 3688 1616 3744; x_wconf 91' lang='lat' dir='ltr'><strong>initio</strong></span> <span class='ocrx_word' id='word_1_427' title='bbox 1649 3687 1763 3759; x_wconf 85' lang='lat' dir='ltr'><strong>ipse</strong></span> <span class='ocrx_word' id='word_1_428' title='bbox 1803 3687 2020 3744; x_wconf 89' lang='lat' dir='ltr'><strong>viderat</strong></span> <span class='ocrx_word' id='word_1_429' title='bbox 2048 3709 2100 3758; x_wconf 67' lang='grc' dir='ltr'><strong>ν,</strong></span> <span class='ocrx_word' id='word_1_430' title='bbox 2133 3688 2204 3745; x_wconf 91' lang='lat' dir='ltr'><strong>ab</strong></span> <span class='ocrx_word' id='word_1_431' title='bbox 2233 3689 2354 3745; x_wconf 89' lang='lat' dir='ltr'><strong>aliis</strong></span> <span class='ocrx_word' id='word_1_432' title='bbox 2383 3705 2542 3746; x_wconf 91' lang='lat' dir='ltr'><strong>suam</strong></span> <span class='ocrx_word' id='word_1_433' title='bbox 2569 3689 2639 3748; x_wconf 91' lang='lat' dir='ltr'><strong>de</strong></span> 
     </span>
     <span class='ocr_line' id='line_1_38' title="bbox 100 3774 2640 3848; baseline 0.002 -19"><span class='ocrx_word' id='word_1_434' title='bbox 100 3774 300 3831; x_wconf 85' lang='lat' dir='ltr'><strong>Christi</strong></span> <span class='ocrx_word' id='word_1_435' title='bbox 328 3776 439 3832; x_wconf 84' lang='lat' dir='ltr'><strong>vita</strong></span> <span class='ocrx_word' id='word_1_436' title='bbox 468 3775 753 3832; x_wconf 89' lang='lat' dir='ltr'><strong>scientiam</strong></span> <span class='ocrx_word' id='word_1_437' title='bbox 786 3776 1061 3845; x_wconf 82' lang='lat' dir='ltr'><strong>hausisse3</strong></span> <span class='ocrx_word' id='word_1_438' title='bbox 1090 3775 1321 3832; x_wconf 90' lang='lat' dir='ltr'><strong>testibus</strong></span> <span class='ocrx_word' id='word_1_439' title='bbox 1346 3785 1560 3845; x_wconf 85' lang='lat' dir='ltr'><strong>autem,</strong></span> <span class='ocrx_word' id='word_1_440' title='bbox 1593 3775 1689 3848; x_wconf 91' lang='lat' dir='ltr'><strong>qui</strong></span> <span class='ocrx_word' id='word_1_441' title='bbox 1717 3776 1822 3845; x_wconf 84' lang='lat' dir='ltr'><strong>ipsi</strong></span> <span class='ocrx_word' id='word_1_442' title='bbox 1848 3775 2128 3845; x_wconf 85' lang='lat' dir='ltr'><strong>viderant,</strong></span> <span class='ocrx_word' id='word_1_443' title='bbox 2157 3777 2324 3832; x_wconf 89' lang='lat' dir='ltr'><strong>etiam</strong></span> <span class='ocrx_word' id='word_1_444' title='bbox 2348 3778 2405 3834; x_wconf 91' lang='lat' dir='ltr'><strong>S.</strong></span> <span class='ocrx_word' id='word_1_445' title='bbox 2436 3778 2640 3834; x_wconf 89' lang='lat' dir='ltr'><strong>Paulus</strong></span> 
     </span>
     <span class='ocr_line' id='line_1_39' title="bbox 104 3861 2640 3936; baseline 0.002 -20"><span class='ocrx_word' id='word_1_446' title='bbox 104 3861 221 3918; x_wconf 89' lang='lat' dir='ltr'><strong>iure</strong></span> <span class='ocrx_word' id='word_1_447' title='bbox 247 3863 645 3920; x_wconf 85' lang='lat' dir='ltr'><strong>adnumeratur</strong></span> <span class='ocrx_word' id='word_1_448' title='bbox 673 3864 778 3932; x_wconf 81' lang='lat' dir='ltr'><strong>(cfr</strong></span> <span class='ocrx_word' id='word_1_449' title='bbox 810 3863 949 3920; x_wconf 79' lang='lat' dir='ltr'><strong>Gal.</strong></span> <span class='ocrx_word' id='word_1_450' title='bbox 990 3870 1108 3933; x_wconf 86' lang='lat'>1‚11</span> <span class='ocrx_word' id='word_1_451' title='bbox 1144 3879 1251 3935; x_wconf 84' lang='lat' dir='ltr'><strong>sq.;</strong></span> <span class='ocrx_word' id='word_1_452' title='bbox 1291 3871 1311 3920; x_wconf 85' lang='lat'><em>1</em></span> <span class='ocrx_word' id='word_1_453' title='bbox 1352 3869 1484 3919; x_wconf 83' lang='lat' dir='ltr'><strong>Cor.</strong></span> <span class='ocrx_word' id='word_1_454' title='bbox 1516 3869 1640 3933; x_wconf 78' lang='lat'><strong>9,1;</strong></span> <span class='ocrx_word' id='word_1_455' title='bbox 1678 3869 1866 3932; x_wconf 65' lang='lat'><em>11:283</em></span> <span class='ocrx_word' id='word_1_456' title='bbox 1900 3868 2029 3920; x_wconf 76' lang='lat' dir='ltr'><strong>Act.</strong></span> <span class='ocrx_word' id='word_1_457' title='bbox 2061 3870 2268 3933; x_wconf 81' lang='lat'>26‚16)‚</span> <span class='ocrx_word' id='word_1_458' title='bbox 2302 3880 2640 3936; x_wconf 85' lang='lat' dir='ltr'><strong>quamquam</strong></span> 
     </span>
     <span class='ocr_line' id='line_1_40' title="bbox 104 3948 2638 4024; baseline 0.001 -20"><span class='ocrx_word' id='word_1_459' title='bbox 104 3948 315 4006; x_wconf 75' lang='lat' dir='ltr'><strong>diverso</strong></span> <span class='ocrx_word' id='word_1_460' title='bbox 346 3951 505 4023; x_wconf 90' lang='lat' dir='ltr'><strong>plane</strong></span> <span class='ocrx_word' id='word_1_461' title='bbox 542 3952 743 4022; x_wconf 82' lang='lat' dir='ltr'><strong>mode,</strong></span> <span class='ocrx_word' id='word_1_462' title='bbox 777 3967 945 4023; x_wconf 89' lang='lat' dir='ltr'><strong>quam</strong></span> <span class='ocrx_word' id='word_1_463' title='bbox 972 3951 1171 4024; x_wconf 89' lang='lat' dir='ltr'><strong>reliqui</strong></span> <span class='ocrx_word' id='word_1_464' title='bbox 1207 3953 1490 4021; x_wconf 87' lang='lat' dir='ltr'><strong>Apostoli,</strong></span> <span class='ocrx_word' id='word_1_465' title='bbox 1522 3967 1614 4007; x_wconf 91' lang='lat' dir='ltr'><strong>res</strong></span> <span class='ocrx_word' id='word_1_466' title='bbox 1642 3952 1990 4024; x_wconf 86' lang='lat' dir='ltr'><strong>evangelicas</strong></span> <span class='ocrx_word' id='word_1_467' title='bbox 2025 3961 2388 4023; x_wconf 90' lang='lat' dir='ltr'><strong>spectaverat.</strong></span> <span class='ocrx_word' id='word_1_468' title='bbox 2421 3952 2638 4008; x_wconf 86' lang='lat' dir='ltr'><strong>Nihilo-</strong></span> 
     </span>
     <span class='ocr_line' id='line_1_41' title="bbox 106 4038 2635 4113; baseline 0.002 -22"><span class='ocrx_word' id='word_1_469' title='bbox 106 4038 283 4094; x_wconf 88' lang='lat' dir='ltr'><strong>minus</strong></span> <span class='ocrx_word' id='word_1_470' title='bbox 304 4039 562 4107; x_wconf 85' lang='lat' dir='ltr'><strong>fatemur,</strong></span> <span class='ocrx_word' id='word_1_471' title='bbox 584 4039 792 4096; x_wconf 88' lang='lat' dir='ltr'><strong>Lucam</strong></span> <span class='ocrx_word' id='word_1_472' title='bbox 812 4040 983 4096; x_wconf 88' lang='lat' dir='ltr'><strong>etiam</strong></span> <span class='ocrx_word' id='word_1_473' title='bbox 1006 4040 1145 4096; x_wconf 91' lang='lat' dir='ltr'><strong>alios</strong></span> <span class='ocrx_word' id='word_1_474' title='bbox 1170 4039 1473 4109; x_wconf 86' lang='lat' dir='ltr'><strong>discipulos</strong></span> <span class='ocrx_word' id='word_1_475' title='bbox 1490 4040 1718 4095; x_wconf 89' lang='lat' dir='ltr'><strong>Domini</strong></span> <span class='ocrx_word' id='word_1_476' title='bbox 1740 4039 1811 4096; x_wconf 91' lang='lat' dir='ltr'><strong>de</strong></span> <span class='ocrx_word' id='word_1_477' title='bbox 1829 4039 2026 4096; x_wconf 89' lang='lat' dir='ltr'><strong>iisdem</strong></span> <span class='ocrx_word' id='word_1_478' title='bbox 2055 4039 2219 4095; x_wconf 88' lang='lat' dir='ltr'><strong>rebus</strong></span> <span class='ocrx_word' id='word_1_479' title='bbox 2237 4040 2635 4113; x_wconf 71' lang='lat' dir='ltr'><strong>interrogasse,</strong></span> 
     </span>
     <span class='ocr_line' id='line_1_42' title="bbox 107 4126 2638 4199; baseline 0.002 -20"><span class='ocrx_word' id='word_1_480' title='bbox 107 4127 158 4180; x_wconf 87' lang='lat' dir='ltr'><strong>S.</strong></span> <span class='ocrx_word' id='word_1_481' title='bbox 190 4127 391 4182; x_wconf 88' lang='lat' dir='ltr'><strong>Paulus</strong></span> <span class='ocrx_word' id='word_1_482' title='bbox 418 4127 564 4183; x_wconf 89' lang='lat' dir='ltr'><strong>enim</strong></span> <span class='ocrx_word' id='word_1_483' title='bbox 598 4147 624 4178; x_wconf 76' lang='grc' dir='ltr'><strong>α</strong></span> <span class='ocrx_word' id='word_1_484' title='bbox 652 4128 998 4184; x_wconf 89' lang='lat' dir='ltr'><strong>illuminator</strong></span> <span class='ocrx_word' id='word_1_485' title='bbox 1026 4129 1213 4184; x_wconf 90' lang='lat' dir='ltr'><strong>Lucae</strong></span> <span class='ocrx_word' id='word_1_486' title='bbox 1242 4147 1269 4180; x_wconf 67' lang='grc' dir='ltr'><strong>υ</strong></span> <span class='ocrx_word' id='word_1_487' title='bbox 1303 4137 1454 4183; x_wconf 89' lang='lat' dir='ltr'><strong>recte</strong></span> <span class='ocrx_word' id='word_1_488' title='bbox 1482 4136 1714 4183; x_wconf 88' lang='lat' dir='ltr'><strong>vocatur</strong></span> <span class='ocrx_word' id='word_1_489' title='bbox 1737 4136 1793 4183; x_wconf 90' lang='lat' dir='ltr'><strong>et</strong></span> <span class='ocrx_word' id='word_1_490' title='bbox 1830 4149 1854 4178; x_wconf 77' lang='grc' dir='ltr'><strong>α</strong></span> <span class='ocrx_word' id='word_1_491' title='bbox 1888 4126 2165 4199; x_wconf 82' lang='lat' dir='ltr'><strong>digestum</strong></span> <span class='ocrx_word' id='word_1_492' title='bbox 2197 4129 2379 4183; x_wconf 90' lang='lat' dir='ltr'><strong>Lucae</strong></span> <span class='ocrx_word' id='word_1_493' title='bbox 2407 4147 2435 4178; x_wconf 73' lang='lat' dir='ltr'><strong>n</strong></span> <span class='ocrx_word' id='word_1_494' title='bbox 2465 4129 2638 4184; x_wconf 90' lang='lat' dir='ltr'><strong>Paulo</strong></span> 
     </span>
     <span class='ocr_line' id='line_1_43' title="bbox 108 4212 2633 4288; baseline 0.002 -24"><span class='ocrx_word' id='word_1_495' title='bbox 108 4212 223 4268; x_wconf 87' lang='lat' dir='ltr'><strong>iure</strong></span> <span class='ocrx_word' id='word_1_496' title='bbox 267 4215 607 4284; x_wconf 87' lang='lat' dir='ltr'><strong>attribuitur,</strong></span> <span class='ocrx_word' id='word_1_497' title='bbox 648 4216 779 4271; x_wconf 89' lang='lat' dir='ltr'><strong>licet</strong></span> <span class='ocrx_word' id='word_1_498' title='bbox 820 4215 1169 4288; x_wconf 83' lang='lat' dir='ltr'><strong>Evangelista</strong></span> <span class='ocrx_word' id='word_1_499' title='bbox 1217 4217 1385 4272; x_wconf 88' lang='lat' dir='ltr'><strong>etiam</strong></span> <span class='ocrx_word' id='word_1_500' title='bbox 1434 4214 1503 4271; x_wconf 88' lang='lat' dir='ltr'><strong>ab</strong></span> <span class='ocrx_word' id='word_1_501' title='bbox 1543 4215 1662 4272; x_wconf 89' lang='lat' dir='ltr'><strong>aliis</strong></span> <span class='ocrx_word' id='word_1_502' title='bbox 1705 4216 1890 4270; x_wconf 88' lang='lat' dir='ltr'><strong>omnia</strong></span> <span class='ocrx_word' id='word_1_503' title='bbox 1930 4215 2223 4286; x_wconf 85' lang='lat' dir='ltr'><strong>diligenter</strong></span> <span class='ocrx_word' id='word_1_504' title='bbox 2261 4215 2633 4287; x_wconf 83' lang='lat' dir='ltr'><strong>exquisiverit.</strong></span> 
     </span>
    </p>

    <p class='ocr_par' dir='ltr' id='par_1_6' title="bbox 106 4301 2631 4727">
     <span class='ocr_line' id='line_1_44' title="bbox 172 4301 2630 4375; baseline 0 -17"><span class='ocrx_word' id='word_1_505' title='bbox 172 4301 379 4371; x_wconf 85' lang='lat' dir='ltr'><strong>Quibus</strong></span> <span class='ocrx_word' id='word_1_506' title='bbox 406 4303 725 4374; x_wconf 87' lang='lat' dir='ltr'><strong>praemissis</strong></span> <span class='ocrx_word' id='word_1_507' title='bbox 752 4303 997 4359; x_wconf 89' lang='lat' dir='ltr'><strong>internas</strong></span> <span class='ocrx_word' id='word_1_508' title='bbox 1022 4304 1267 4359; x_wconf 88' lang='lat' dir='ltr'><strong>rationes</strong></span> <span class='ocrx_word' id='word_1_509' title='bbox 1294 4303 1542 4360; x_wconf 90' lang='lat' dir='ltr'><strong>indicare</strong></span> <span class='ocrx_word' id='word_1_510' title='bbox 1573 4318 1897 4375; x_wconf 83' lang='lat' dir='ltr'><strong>possumus,</strong></span> <span class='ocrx_word' id='word_1_511' title='bbox 1936 4317 2078 4374; x_wconf 90' lang='lat' dir='ltr'><strong>quae</strong></span> <span class='ocrx_word' id='word_1_512' title='bbox 2113 4303 2343 4359; x_wconf 89' lang='lat' dir='ltr'><strong>tertium</strong></span> <span class='ocrx_word' id='word_1_513' title='bbox 2379 4305 2630 4374; x_wconf 84' lang='lat' dir='ltr'><strong>Evange—</strong></span> 
     </span>
     <span class='ocr_line' id='line_1_45' title="bbox 110 4387 2631 4464; baseline 0.002 -23"><span class='ocrx_word' id='word_1_514' title='bbox 110 4387 241 4444; x_wconf 90' lang='lat' dir='ltr'><strong>lium</strong></span> <span class='ocrx_word' id='word_1_515' title='bbox 268 4405 299 4446; x_wconf 90' lang='lat' dir='ltr'><strong>a</strong></span> <span class='ocrx_word' id='word_1_516' title='bbox 324 4392 475 4447; x_wconf 88' lang='lat' dir='ltr'><strong>Luca</strong></span> <span class='ocrx_word' id='word_1_517' title='bbox 508 4391 666 4447; x_wconf 88' lang='lat' dir='ltr'><strong>Pauli</strong></span> <span class='ocrx_word' id='word_1_518' title='bbox 694 4391 964 4462; x_wconf 89' lang='lat' dir='ltr'><strong>discipulo</strong></span> <span class='ocrx_word' id='word_1_519' title='bbox 998 4391 1370 4464; x_wconf 87' lang='lat' dir='ltr'><strong>conscriptum</strong></span> <span class='ocrx_word' id='word_1_520' title='bbox 1406 4407 1523 4448; x_wconf 91' lang='lat' dir='ltr'><strong>esse</strong></span> <span class='ocrx_word' id='word_1_521' title='bbox 1551 4391 1900 4448; x_wconf 83' lang='lat' dir='ltr'><strong>confirmant.</strong></span> <span class='ocrx_word' id='word_1_522' title='bbox 1933 4391 2206 4447; x_wconf 90' lang='lat' dir='ltr'><strong>Graecum</strong></span> <span class='ocrx_word' id='word_1_523' title='bbox 2234 4406 2436 4464; x_wconf 84' lang='lat' dir='ltr'><strong>genere</strong></span> <span class='ocrx_word' id='word_1_524' title='bbox 2468 4391 2631 4446; x_wconf 79' lang='lat' dir='ltr'><strong>fuisse</strong></span> 
     </span>
     <span class='ocr_line' id='line_1_46' title="bbox 108 4476 2627 4552; baseline 0.002 -24"><span class='ocrx_word' id='word_1_525' title='bbox 108 4476 221 4531; x_wconf 89' lang='lat' dir='ltr'><strong>eius</strong></span> <span class='ocrx_word' id='word_1_526' title='bbox 245 4485 521 4534; x_wconf 84' lang='lat' dir='ltr'><strong>auctorem</strong></span> <span class='ocrx_word' id='word_1_527' title='bbox 546 4493 731 4534; x_wconf 89' lang='lat' dir='ltr'><strong>sermo</strong></span> <span class='ocrx_word' id='word_1_528' title='bbox 760 4479 875 4534; x_wconf 89' lang='lat' dir='ltr'><strong>eius</strong></span> <span class='ocrx_word' id='word_1_529' title='bbox 902 4495 1133 4552; x_wconf 84' lang='lat' dir='ltr'><strong>graecus</strong></span> <span class='ocrx_word' id='word_1_530' title='bbox 1160 4478 1351 4549; x_wconf 89' lang='lat' dir='ltr'><strong>docet,</strong></span> <span class='ocrx_word' id='word_1_531' title='bbox 1383 4480 1504 4551; x_wconf 89' lang='lat' dir='ltr'><strong>qui,</strong></span> <span class='ocrx_word' id='word_1_532' title='bbox 1533 4480 1634 4537; x_wconf 91' lang='lat' dir='ltr'><strong>etsi</strong></span> <span class='ocrx_word' id='word_1_533' title='bbox 1665 4478 1991 4534; x_wconf 86' lang='lat' dir='ltr'><strong>hebraismis</strong></span> <span class='ocrx_word' id='word_1_534' title='bbox 2018 4494 2129 4534; x_wconf 90' lang='lat' dir='ltr'><strong>non</strong></span> <span class='ocrx_word' id='word_1_535' title='bbox 2157 4479 2384 4534; x_wconf 91' lang='lat' dir='ltr'><strong>omnino</strong></span> <span class='ocrx_word' id='word_1_536' title='bbox 2415 4488 2627 4546; x_wconf 84' lang='lat' dir='ltr'><strong>careat,</strong></span> 
     </span>
     <span class='ocr_line' id='line_1_47' title="bbox 106 4563 2629 4640; baseline 0.003 -24"><span class='ocrx_word' id='word_1_537' title='bbox 106 4563 268 4636; x_wconf 83' lang='lat' dir='ltr'><strong>louge</strong></span> <span class='ocrx_word' id='word_1_538' title='bbox 294 4567 479 4636; x_wconf 87' lang='lat' dir='ltr'><strong>purior</strong></span> <span class='ocrx_word' id='word_1_539' title='bbox 506 4575 693 4623; x_wconf 89' lang='lat' dir='ltr'><strong>tamen</strong></span> <span class='ocrx_word' id='word_1_540' title='bbox 724 4577 836 4636; x_wconf 89' lang='lat' dir='ltr'><strong>est,</strong></span> <span class='ocrx_word' id='word_1_541' title='bbox 871 4583 1039 4640; x_wconf 85' lang='lat' dir='ltr'><strong>quam</strong></span> <span class='ocrx_word' id='word_1_542' title='bbox 1065 4568 1123 4623; x_wconf 93' lang='lat' dir='ltr'><strong>in</strong></span> <span class='ocrx_word' id='word_1_543' title='bbox 1155 4568 1384 4640; x_wconf 88' lang='lat' dir='ltr'><strong>reliquis</strong></span> <span class='ocrx_word' id='word_1_544' title='bbox 1413 4569 1552 4622; x_wconf 85' lang='lat' dir='ltr'><strong>Novi</strong></span> <span class='ocrx_word' id='word_1_545' title='bbox 1579 4569 1727 4623; x_wconf 90' lang='lat' dir='ltr'><strong>Test.</strong></span> <span class='ocrx_word' id='word_1_546' title='bbox 1761 4567 1915 4622; x_wconf 87' lang='lat' dir='ltr'><strong>libris</strong></span> <span class='ocrx_word' id='word_1_547' title='bbox 1944 4566 2080 4634; x_wconf 90' lang='lat' dir='ltr'><strong>(sola</strong></span> <span class='ocrx_word' id='word_1_548' title='bbox 2109 4583 2196 4639; x_wconf 89' lang='lat' dir='ltr'><strong>ep.</strong></span> <span class='ocrx_word' id='word_1_549' title='bbox 2233 4566 2304 4622; x_wconf 91' lang='lat' dir='ltr'><strong>ad</strong></span> <span class='ocrx_word' id='word_1_550' title='bbox 2327 4566 2496 4623; x_wconf 86' lang='lat' dir='ltr'><strong>Hebr.</strong></span> <span class='ocrx_word' id='word_1_551' title='bbox 2533 4583 2629 4623; x_wconf 89' lang='lat' dir='ltr'><strong>ex-</strong></span> 
     </span>
     <span class='ocr_line' id='line_1_48' title="bbox 106 4654 2630 4727; baseline 0.002 -22"><span class='ocrx_word' id='word_1_552' title='bbox 106 4657 307 4722; x_wconf 86' lang='lat' dir='ltr'><strong>cepta);</strong></span> <span class='ocrx_word' id='word_1_553' title='bbox 348 4655 404 4711; x_wconf 90' lang='lat' dir='ltr'><strong>id</strong></span> <span class='ocrx_word' id='word_1_554' title='bbox 432 4655 545 4712; x_wconf 88' lang='lat' dir='ltr'><strong>iam</strong></span> <span class='ocrx_word' id='word_1_555' title='bbox 574 4656 862 4712; x_wconf 79' lang='lat' dir='ltr'><strong>Eusebius</strong></span> <span class='ocrx_word' id='word_1_556' title='bbox 893 4657 1137 4726; x_wconf 67' lang='lat' dir='ltr'><strong>(Quaest.</strong></span> <span class='ocrx_word' id='word_1_557' title='bbox 1171 4655 1240 4711; x_wconf 93' lang='lat' dir='ltr'><strong>ad</strong></span> <span class='ocrx_word' id='word_1_558' title='bbox 1271 4655 1473 4711; x_wconf 87' lang='lat' dir='ltr'><strong>Marin.</strong></span> <span class='ocrx_word' id='word_1_559' title='bbox 1504 4660 1560 4722; x_wconf 85' lang='lat'><strong>4)</strong></span> <span class='ocrx_word' id='word_1_560' title='bbox 1590 4665 1644 4712; x_wconf 80' lang='lat' dir='ltr'><strong>et</strong></span> <span class='ocrx_word' id='word_1_561' title='bbox 1671 4658 1726 4714; x_wconf 90' lang='lat' dir='ltr'><strong>S.</strong></span> <span class='ocrx_word' id='word_1_562' title='bbox 1763 4657 2162 4727; x_wconf 74' lang='lat' dir='ltr'><strong>Hieronymus</strong></span> <span class='ocrx_word' id='word_1_563' title='bbox 2190 4655 2267 4724; x_wconf 89' lang='lat' dir='ltr'><strong>(in</strong></span> <span class='ocrx_word' id='word_1_564' title='bbox 2299 4657 2370 4712; x_wconf 90' lang='lat' dir='ltr'><strong>Is.</strong></span> <span class='ocrx_word' id='word_1_565' title='bbox 2403 4661 2524 4725; x_wconf 78' lang='lat' dir='ltr'><strong>c,7;</strong></span> <span class='ocrx_word' id='word_1_566' title='bbox 2557 4654 2630 4711; x_wconf 89' lang='lat' dir='ltr'><strong>ad</strong></span> 
     </span>
    </p>
   </div>
  </div>
 </body>
</html>
