3050 5184
424 252 536 312 162
660 270 933 316 msTomA
978 272 1331 317 EXEGESEOS.
1386 290 1457 301 ···-
1501 272 1632 318 CAP.
1680 274 1764 317 1v.
1814 272 2150 317 carnotim
2187 270 2692 316 INTERPRETAUO.

422 397 536 456 sere
566 402 817 475 neglecta
854 404 1098 473 iacebat,
1130 420 1305 477 usque
1342 404 1479 461 dum
1505 412 1632 476 post
1668 404 2223 475 constantinopoleos
2253 403 2724 475 expugnationem
2761 402 2974 467 (1453.)

423 488 581 545 multi
626 490 828 547 Graeci
854 493 1163 548 Turcarum
1208 493 1399 565 iugum
1444 492 1775 564 effugientes
1819 492 1874 546 in
1924 491 2142 547 Italiam
2191 490 2554 546 advenerunt.
2601 488 2974 545 Laurentius

426 575 611 631 Valla
642 580 703 647 (†
734 584 914 647 145⁷.)
945 580 1155 651 primus
1184 595 1382 651 graeca
1416 594 1515 633 sua
1551 578 1734 635 studia
1772 578 1846 637 ad
1877 578 2020 635 Novi
2047 580 2197 633 Test.
2232 576 2656 649 explicationem
2691 572 2974 631 adhibens

424 662 572 720 haud
614 666 837 722 inutiles
868 674 1031 722 notas
1074 666 1515 739 grammaticales
1559 664 1754 729 edidit,
1797 663 2046 721 indebita
2075 680 2205 721 vero
2251 680 2379 720 cum
2417 663 2638 720 licentia
2665 662 2972 737 vulgatam

423 749 784 821 impugnavit.
840 750 999 807 Circa
1050 751 1198 807 idem
1250 751 1364 807 sere
1408 761 1629 824 tempus
1677 752 1889 823 primus
1939 752 2086 808 inter
2134 751 2480 808 Christianos
2524 755 2736 806 Petrus
2781 752 2976 820 Niyer

420 838 489 891 Ο.
520 836 717 893 Praed.
748 840 813 909 (†
839 853 890 893 c.
926 844 1105 907 1490.)
1136 841 1530 913 grammaticae
1571 839 1864 897 hebraicae
1895 839 2212 895 rudimenta
2243 839 2602 910 conscripsit,
2630 853 2776 911 quae
2811 836 2975 893 brevi

423 934 611 995 postea
648 925 813 999 longe
840 936 1096 997 superata
1134 936 1265 983 sunt
1300 926 1561 998 operibus
1587 926 1861 985 similibus
1897 930 2075 985 Conr.
2101 928 2399 984 Pellieani
2431 925 2520 994 (de
2543 926 2718 983 Modo
2745 924 2974 1000 legendi

422 1020 480 1067 et
518 1011 863 1085 intelligendi
897 1012 1157 1071 hebraea.
1198 1015 1556 1089 Argentorati
1601 1019 1780 1083 1504.)
1821 1023 1877 1071 et
1915 1017 2084 1071 Ioan.
2129 1015 2442 1071 Reuchlini
2483 1012 2574 1081 (de
2611 1013 2976 1069 Rudimentis

424 1098 695 1155 hebraicis
722 1098 852 1155 libri
878 1108 1011 1158 tres,
1042 1102 1287 1158 Phoscae
1312 1108 1513 1170 1506.).
1540 1104 1834 1159 Praeterea
1859 1103 2012 1159 llud.
2038 1102 2328 1175 Aqrieola
2356 1104 2418 1173 (1-
2449 1106 2630 1170 1485.)
2654 1110 2713 1157 et
2735 1098 2974 1157 cardin.

422 1186 783 1243 Hadrianus
834 1190 1210 1245 castellensis
1254 1192 1317 1261 (1-
1346 1194 1527 1258 1518.)
1557 1188 1731 1246 libros
1773 1206 1960 1247 saeros
1986 1207 2053 1246 ex
2095 1188 2338 1246 hebraeo
2381 1197 2595 1246 vertere
2631 1196 2971 1261 coeperunt,

423 1277 619 1330 Petrus
647 1275 817 1348 Niger
844 1285 899 1332 et
930 1281 1104 1334 Conr.
1136 1278 1558 1335 Summenlcart
1585 1279 1647 1348 (†
1677 1282 1860 1346 1490.)
1899 1278 2157 1334 vaticinia
2192 1276 2520 1334 messianica
2547 1292 2614 1333 ex
2651 1284 2814 1333 textu
2853 1278 2972 1347 pri-

422 1362 665 1435 migenio
700 1364 1140 1435 explicaverunt3
1180 1366 1354 1421 Felix
1389 1366 1696 1421 pratensis
1724 1366 1792 1422 Ο.
1821 1366 1879 1422 S.
1923 1370 2065 1439 Aug.
2097 1366 2158 1421 in
2199 1365 2393 1437 primis
2431 1364 2624 1421 Bibliis
2664 1364 2974 1421 rabbinicis

424 1451 687 1517 (venetiis
729 1456 910 1519 1517.)
958 1452 1321 1509 rabbinorum
1370 1453 1804 1509 commentarios
1853 1453 2106 1527 collegit,
2157 1454 2516 1527 Augustinus
2569 1454 2970 1517 lastinianus,

421 1541 489 1595 Ο.
512 1537 732 1605 Praed„
756 1540 1087 1596 Psalterium
1106 1556 1269 1596 suum
1287 1540 1571 1611 oetaplum
1595 1540 1842 1608 (Genuae
1865 1546 2045 1609 1516.)
2063 1550 2120 1598 et
2143 1541 2331 1599 Card.
2362 1544 2668 1609 Ximenez‚
2697 1542 2767 1597 Ο.
2799 1540 2968 1607 Min„

422 1626 735 1700 Polyglotta
777 1642 875 1683 sua
922 1628 1323 1699 complutensia
1376 1632 1582 1696 (1517.)
1629 1629 2096 1699 terminaverunt3
2138 1628 2340 1685 Desid.
2388 1632 2677 1687 Erasmus
2724 1628 2969 1700 primam

420 1716 602 1788 graeei
624 1715 712 1769 sui
734 1715 877 1770 Novi
892 1717 1043 1770 Test.
1067 1714 1370 1771 editionem
1398 1730 1527 1771 cum
1551 1714 2026 1787 adnotationibus,
2051 1732 2193 1789 quae
2221 1718 2425 1789 partim
2447 1733 2516 1772 ex
2547 1716 2761 1790 graecis
2788 1718 2970 1772 Patri-

418 1803 524 1857 bus
547 1800 833 1857 desumtae
860 1811 1017 1871 sunt,
1044 1803 1102 1857 in
1126 1804 1309 1859 lucem
1336 1804 1523 1859 emisit
1545 1804 1812 1871 (Basileae
1847 1809 1982 1861 1517
1989 1808 2045 1872 .).
2075 1806 2231 1875 Quae
2260 1805 2450 1861 omnia
2477 1805 2754 1875 completa
2779 1812 2962 1870 erant,

420 1899 719 1961 antequam
750 1888 1025 1945 Lutherus
1056 1889 1147 1944 die
1176 1896 1264 1946 31.
1295 1890 1557 1947 Octobris
1591 1896 1749 1947 1517.
1779 1890 2140 1948 rebellionem
2175 1900 2366 1949 contra
2391 1892 2682 1947 ecclesiam
2719 1891 2964 1947 catholi—

419 1992 543 2033 cam
568 1992 793 2033 movere
838 1977 1047 2049 coepit,
1080 1978 1159 2033 ita
1206 1986 1267 2033 ut
1304 1993 1473 2034 aurea
1520 1994 1814 2053 exegeseos
1855 1979 2162 2036 catholicae
2189 1988 2371 2048 aetaS‚
2405 1994 2546 2053 quae
2571 1978 2704 2035 inde
2741 1996 2774 2035 a
2807 1979 2966 2035 finito

418 2064 666 2121 Concilio
693 2063 1021 2121 Tridentino
1051 2073 1169 2121 tam
1198 2064 1396 2121 uberes
1424 2074 1638 2139 segetes
1665 2066 1944 2138 produxit,
1975 2082 2330 2141 nequaquam
2355 2069 2446 2123 Ps.
2479 2065 2968 2123 Reformatoribus

419 2150 707 2219 debeatur,
738 2152 867 2209 licet
896 2152 1183 2208 fatendum
1212 2153 1302 2221 sit,
1338 2153 1550 2208 maiore
1588 2169 1716 2209 cum
1745 2154 1945 2210 ardore
1973 2154 2265 2229 theologos
2288 2154 2592 2212 catholicos
2615 2170 2736 2211 sese
2763 2153 2966 2211 studiis

418 2239 832 2311 scripturistieis
854 2238 1100 2309 dedisse,
1128 2247 1192 2295 ut
1214 2240 1493 2295 efficacius
1520 2239 1779 2298 haereses
1807 2258 1874 2298 eo
1905 2251 2158 2314 tempore
2181 2242 2517 2315 pullulantes
2545 2243 2959 2315 impugnarent.

498 2410 555 2467 6.
588 2441 669 2450 -
698 2410 833 2467 Non
880 2408 1061 2487 pauci
1106 2410 1339 2487 egregii
1384 2410 1764 2488 interpretes
1806 2412 2014 2489 prima
2056 2411 2165 2472 illa
2209 2412 2453 2472 semina
2497 2412 2622 2471 iam
2663 2412 2731 2471 in
2757 2412 2966 2489 prima

418 2520 659 2563 sxacuu
691 2506 786 2564 16.
822 2511 998 2581 parte
1030 2504 1467 2578 excoluerunt,
1502 2524 1580 2566 ex
1609 2524 1878 2584 quorum
1909 2524 2174 2568 numero
2202 2523 2351 2587 prae
2390 2507 2615 2569 ceteris
2645 2508 2962 2567 nominari

418 2603 739 2660 merentur
782 2600 1053 2661 Thomas
1102 2602 1181 2662 de
1210 2602 1327 2663 Vio
1373 2603 1563 2663 θανά.
1615 2604 1957 2677 Caietanus,
1995 2606 2066 2666 Ο.
2101 2604 2319 2665 Praed.
2357 2602 2426 2683 (†
2473 2602 2703 2682 1535.),
2739 2603 2963 2665 Sontes

415 2699 753 2776 Ραρηίηαε,
784 2698 854 2758 Ο.
888 2698 1111 2758 Praed.
1142 2698 1209 2777 (ᾧ
1241 2696 1468 2778 1541.)‚
1497 2698 1854 2761 franciscus
1885 2700 2169 2761 Vatablus
2199 2700 2268 2781 (ἦ-
2299 2698 2526 2781 1547.),
2553 2700 2814 2760 loannes
2847 2702 2960 2761 Ga-

413 2812 634 2873 qnaeus
665 2792 734 2877 (†
764 2794 994 2874 1549.),
1029 2794 1375 2874 liudolphus
1408 2798 1657 2874 Baynus
1687 2796 1754 2875 (1-
1788 2796 2017 2875 1560.)‚
2052 2797 2441 2876 professores
2469 2797 2878 2858 parisienses,

488 2916 671 2975 Card.
708 2918 1057 2982 caietanus,
1081 2917 1207 2973 licet
1230 2916 1548 2991 linguarum
1571 2917 1866 2974 hebraicae
1889 2927 1947 2973 et
1968 2934 2198 2991 graecae
2217 2920 2438 2993 ignarus
2459 2927 2622 2987 esset,
2653 2919 2962 2977 secundum

416 3004 771 3077 primigenios
798 3012 987 3059 tamen
1010 3012 1194 3059 textus
1227 3004 1399 3061 libros
1426 3020 1614 3061 sacros
1632 3020 1910 3077 exponere
1933 3007 2136 3077 voluit;
2163 3022 2332 3079 quem
2357 3008 2414 3062 in
2441 3006 2612 3062 finem
2629 3008 2774 3063 duos
2799 3008 2963 3065 adiu-

414 3100 565 3147 tores
592 3090 862 3157 adhibuit,
913 3092 1007 3163 qui
1046 3090 1099 3146 ei
1142 3090 1390 3149 hebraici
1412 3101 1469 3148 et
1496 3092 1681 3165 graeei
1721 3101 1907 3149 textus
1948 3094 2258 3151 versionem
2294 3093 2574 3151 literalem
2600 3094 2956 3165 adornarent,

412 3194 581 3251 quam
608 3179 843 3251 Vulgata
870 3178 1119 3250 neglecta
1146 3189 1201 3235 et
1220 3179 1369 3236 haud
1388 3196 1516 3237 raro
1541 3181 1868 3253 impugnata
1891 3182 2207 3255 explicavit.
2227 3181 2396 3239 Unde
2418 3197 2688 3255 magnum
2715 3184 2770 3239 ei
2795 3200 2960 3239 exor-

414 3275 533 3320 tum
562 3273 645 3319 est
670 3263 893 3321 errandi
916 3266 1246 3338 periculum,
1279 3266 1429 3339 quod
1452 3284 1566 3324 non
1592 3284 1792 3340 parum
1819 3270 1994 3341 auxit,
2027 3269 2156 3343 quia
2183 3271 2356 3327 etiam
2375 3272 2606 3326 Patrum
2633 3270 2960 3343 explicatio-

413 3352 574 3408 nibus
603 3350 849 3407 debitam
874 3354 1263 3409 auctoritatem
1280 3371 1396 3411 non
1414 3355 1632 3411 tribuit.
1663 3357 1857 3428 Itaque
1875 3373 1990 3413 non
2013 3358 2072 3413 in
2091 3372 2306 3414 canone
2323 3356 2653 3414 stabiliendo
2670 3358 2960 3415 dumtaxat

413 3456 444 3493 a
474 3454 599 3494 vera
629 3439 713 3495 via
742 3438 1019 3495 aberravit
1046 3443 1223 3507 (Diss.
1256 3444 1301 3498 1.
1334 3442 1362 3515 ς
1402 3448 1457 3510 4,
1498 3448 1582 3511 15)
1613 3442 2128 3502 deuterocanonicis
2155 3446 2372 3502 Veteris
2410 3448 2456 3501 T
2459 3454 2560 3501 est.
2590 3454 2646 3502 et
2677 3447 2961 3503 nonnullis

413 3527 553 3581 Novi
595 3525 749 3581 libris
791 3526 1039 3598 reiectis,
1084 3528 1182 3584 sed
1220 3531 1390 3585 etiam
1428 3531 1640 3586 multae
1678 3531 2074 3603 explicationes
2113 3534 2231 3589 eius
2268 3542 2430 3589 caute
2467 3542 2597 3589 sunt
2641 3536 2960 3591 examinan-

413 3614 533 3670 dae.
568 3614 777 3670 Santes
805 3616 1108 3686 Paqm'nus
1136 3633 1397 3690 magnam
1424 3618 1529 3673 sibi
1551 3616 1761 3674 famam
1782 3620 2072 3691 acquisivit
2103 3641 2128 3671 α
2152 3620 2370 3677 Veteris
2392 3630 2449 3676 et
2477 3622 2617 3677 Novi
2641 3624 2794 3679 Test.
2823 3640 2960 3680 nova

416 3701 664 3757 versione
688 3724 741 3771 υ,
772 3717 915 3774 quae
938 3702 1008 3759 ad
1035 3704 1265 3760 verbum
1291 3706 1542 3777 sequitur
1570 3713 1755 3762 textus
1781 3708 2160 3780 primigenios,
2193 3709 2275 3764 uti
2299 3709 2469 3765 etiam
2493 3708 2757 3768 hebraico
2785 3712 2960 3769 lexico

413 3788 685 3845 adornato
714 3797 769 3844 et
805 3791 1199 3861 grammaticae
1242 3791 1537 3848 hebraicae
1573 3792 2016 3851 institutionibus
2052 3795 2368 3853 elaboratis.
2407 3800 2618 3853 Franc.
2663 3800 2962 3857 Vatablus

416 3893 608 3933 omnes
633 3877 850 3932 Veteris
867 3879 1015 3933 Test.
1046 3878 1219 3935 libros
1238 3889 1295 3936 et
1321 3882 1486 3937 Ioan.
1512 3884 1830 3953 Gaqnaeus
1851 3891 2034 3939 totum
2057 3884 2440 3954 Novumss'l'est.
2464 3884 2692 3941 scholiis
2713 3887 2959 3945 illustra-

416 3973 561 4031 runt,
590 3980 733 4036 quae
757 3965 921 4021 laude
942 3974 1071 4022 sunt
1096 3965 1441 4041 dignissima3
1474 3968 1624 4023 Eud.
1654 3974 1898 4040 Baynus
1925 3972 2392 4029 commentarium
2415 3972 2474 4028 in
2497 3972 2805 4032 Proverbia
2829 3978 2959 4033 seri·

416 4052 545 4124 psit,
576 4052 673 4123 qui
711 4050 879 4109 hodie
915 4053 1099 4109 adhuc
1144 4054 1465 4111 melioribus
1508 4055 1630 4111 iure
1675 4056 2096 4114 adnumeratur.
2137 4061 2337 4116 Merito
2374 4075 2475 4116 suo
2517 4062 2692 4117 etiam
2729 4066 2958 4121 minime

416 4148 608 4196 carent
634 4141 1021 4197 commentarii
1047 4142 1275 4197 Adami
1305 4143 1562 4199 Sasbout
1587 4145 1655 4201 Ο.
1686 4144 1822 4201 Min.
1852 4146 1916 4215 (†
1941 4150 2122 4215 1553.)
2153 4148 2458 4204 Franci-wi
2483 4149 2862 4221 Titelmanm',
2897 4158 2956 4212 Ο.

416 4228 619 4299 Capuc.
647 4230 709 4297 (1-
738 4232 936 4297 1557.),
965 4231 1314 4301 Hieronymi
1349 4230 1618 4287 Oleastri
1644 4234 1712 4290 Ο.
1741 4232 1936 4290 Praed.
1969 4236 2032 4305 (1-
2073 4240 2252 4303 1562.)
2287 4236 2348 4292 in
2373 4236 2555 4293 varios
2577 4238 2705 4295 Vet.
2739 4250 2798 4297 et
2826 4245 2958 4299 Novi

417 4316 563 4369 Test.
596 4314 785 4373 libros,
