3050 5184
727 289 807 336 ΒΕ
850 293 899 334 s.
944 291 1144 348 mum,
1190 291 1456 338 eam-lum
1498 295 1796 352 Aposrom,
1841 295 2009 340 vm.
2524 282 2636 340 531

96 429 223 490 pter
252 422 513 478 Marcum
552 431 803 478 exortam
828 423 1065 480 auxisse.
1098 423 1281 492 Quam
1308 425 1379 482 ob
1408 440 1634 482 causam
1658 427 2016 498 reprehensio
2045 428 2196 484 Petri
2223 429 2283 484 in
2312 426 2640 484 intermedio

94 521 355 578 tempore
382 510 531 566 inter
552 509 861 566 Concilium
888 521 947 567 et
970 510 1120 568 inter
1140 511 1449 568 secundum
1476 513 1586 570 iter
1611 515 1812 570 rectius
1841 515 1972 586 poni
2001 513 2238 572 videtur.
2269 517 2354 572 De
2381 515 2639 587 legalium

95 597 481 652 controversia
507 598 625 668 ipsa
653 597 737 654 cfr
758 597 933 671 infra
954 603 987 668 §
1016 605 1107 666 3‚2
1137 614 1191 670 p.
1224 605 1351 656 535.

176 723 237 778 5.
269 751 349 766 --
378 721 563 782 Brevi
593 727 815 800 postea
838 723 1069 784 Paulus
1100 741 1243 784 cum
1280 723 1409 784 Sila
1450 725 1738 786 ecclesiis
1773 725 2048 786 asiaticis
2087 726 2332 804 pridem
2365 725 2640 787 fundatis

94 817 427 877 decretum
446 819 861 897 apostolicum
890 819 1097 880 attulit
1116 823 1303 898 atque
1322 821 1521 882 altero
1541 821 1788 882 itineris
1809 823 1980 882 socio
2001 822 2332 882 Timotheo
2355 827 2640 884 assumto

97 931 335 974 novam
368 915 836 992 expeditionem
867 917 1166 995 suscepit.
1200 917 1468 978 Coelesti
1497 918 1748 980 visione
1768 919 1833 978 in
1872 919 2305 980 Macedoniam
2342 919 2640 980 invitatus

97 1027 249 1070 cum
290 1012 515 1084 sociis,
552 1012 781 1090 quibus
816 1011 1055 1074 Troade
1085 1013 1283 1075 Lucas
1321 1031 1389 1074 se
1427 1014 1824 1085 adiunxerat,
1857 1015 2184 1093 Philippos
2219 1016 2390 1074 venit
2425 1015 2639 1093 ibique

98 1111 295 1183 atque
308 1107 795 1169 Thessalonicae
816 1111 879 1168 et
905 1109 1181 1170 Beroeae
1208 1110 1505 1171 ecclesias
1529 1111 1814 1174 fundavit
1838 1112 2079 1188 ubique
2105 1111 2480 1173 Iudaeorum
2506 1127 2643 1190 per-

100 1203 465 1266 secutiones
494 1206 835 1266 sustinens·
866 1207 933 1266 ln
960 1206 1259 1267 Achaiam
1286 1211 1712 1284 transgressus
1737 1207 1850 1268 sed
1883 1207 2146 1269 Athenis
2175 1225 2299 1268 non
2329 1207 2440 1269 diu
2471 1225 2641 1268 com—

98 1303 387 1362 moratus
418 1301 645 1366 sedem.
664 1301 803 1364 fixit
830 1302 1140 1374 Corinthi,
1174 1321 1299 1380 qua
1326 1303 1391 1364 in
1421 1304 1578 1366 urbe
1607 1303 2120 1364 florentissimam
2151 1303 2482 1364 ecclesiam
2510 1304 2642 1363 fun-

100 1397 297 1456 davit.
330 1396 573 1458 Turbae
602 1415 639 1458 a
666 1398 909 1460 ludaeis
940 1399 1239 1460 excitatae
1264 1414 1410 1461 eum
1438 1400 1826 1477 permovisse
1858 1400 2173 1472 videntur,
2206 1403 2277 1462 ut
2309 1399 2542 1460 Achaia
2563 1399 2640 1460 ad

102 1499 363 1572 tempus
390 1493 611 1554 relicta
632 1495 696 1554 in
727 1495 1114 1573 provinciam
1140 1496 1414 1574 illyriam
1453 1496 1958 1574 proficisceretur
1999 1495 2200 1575 (Rom.
2239 1495 2476 1573 15,19),
2517 1511 2641 1573 quo

100 1608 175 1650 ex
198 1590 436 1651 itinere
459 1591 659 1652 redux
684 1592 914 1652 iterum
947 1615 977 1648 «
1006 1593 1227 1653 multis
1256 1593 1477 1654 diebus
1508 1617 1540 1650 »
1573 1593 1851 1654 Corinthi
1881 1593 2149 1671 peractis
2179 1609 2292 1670 per
2319 1579 2642 1670 Ephesum

98 1687 483 1764 lerosolyma
510 1693 573 1748 et
602 1686 993 1748 Antiochiam
1020 1690 1117 1756 est
1143 1705 1427 1750 reversus
1456 1687 1616 1766 (Act.
1652 1689 2095 1762 15‚36-18,22).

170 1785 259 1838 De
289 1782 653 1840 eeclesiarum
676 1783 847 1852 Phil„
872 1783 1091 1848 Thess,
1112 1783 1238 1839 Cor.
1268 1782 1598 1839 fundatione
1627 1783 1796 1856 infra
1815 1787 1867 1852 (S
1887 1789 1941 1839 5.
1969 1790 2022 1838 7.
2045 1788 2124 1851 9.)
2151 1798 2322 1854 pauca
2350 1781 2639 1852 addemus,

110 1869 333 1926 Primas
357 1869 486 1926 suas
512 1871 770 1942 epistolas
797 1871 897 1942 (ad
927 1871 1120 1926 Thess.
1152 1878 1200 1927 1.
1234 1879 1289 1926 et
1314 1871 1389 1940 2.)
1420 1871 1721 1942 Apostolus
1746 1872 1805 1926 in
1835 1871 1941 1928 hoc
1967 1873 2166 1927 itinere
2203 1871 2424 1942 scripsit
2449 1871 2642 1928 Corin-

104 1959 189 2014 thi
232 1974 337 2031 per
363 1958 725 2014 Timotheum
768 1974 835 2016 ex
875 1957 1201 2015 Macedonia
1239 1967 1606 2014 revertentem
1648 1957 1719 2014 de
1756 1959 1904 2016 illius
1946 1959 2214 2015 ecclesiae
2259 1966 2407 2014 statu
2443 1959 2644 2016 certior

106 2049 307 2102 faetus.
334 2045 491 2102 Circa
524 2045 672 2102 idem
710 2055 931 2116 tempus
967 2047 1135 2101 etiam
1172 2047 1464 2117 epistolam
1496 2049 1586 2103 ad
1615 2046 1909 2102 Galatiae
1945 2046 2260 2118 provinciae
2295 2047 2552 2103 ecclesias
2585 2047 2643 2102 in

112 2135 297 2206 primo
328 2133 524 2190 itinere
552 2133 809 2190 fundatas
836 2143 893 2190 et
920 2134 976 2188 in
998 2133 1243 2190 secundo
1267 2134 1511 2190 visitatas
1538 2134 1822 2205 scripsisse
1844 2133 2058 2190 videtur
2085 2133 2135 2206 (g
2163 2139 2300 2203 6,5).

177 2225 233 2278 S.
266 2221 509 2278 Paulum
536 2242 561 2272 α
585 2237 760 2293 usque
790 2221 860 2277 ad
894 2222 1177 2294 illyricum
1200 2241 1226 2273 r
1248 2222 1612 2294 Evangelium
1629 2221 1974 2294 praedicasse
1993 2226 2212 2278 constat
2232 2223 2414 2293 (Rom.
2441 2229 2639 2290 15,19);

108 2311 385 2383 illyricum
416 2317 605 2366 autem
636 2310 754 2364 eius
776 2309 881 2365 iter
906 2310 965 2364 in
999 2309 1227 2365 Actibus
1261 2309 1711 2382 praetermissum
1739 2309 1936 2366 nullibi
1967 2309 2168 2380 aptiuS‚
2197 2325 2364 2382 quam
2395 2315 2519 2365 Aet.
2556 2317 2637 2367 18.

112 2408 193 2455 17.
240 2406 311 2455 18
347 2396 636 2464 inseritur;
669 2395 863 2453 eadem
906 2398 1054 2453 enim
1102 2398 1344 2462 ratione,
1385 2412 1492 2469 qua
1531 2399 1664 2453 Aet.
1699 2403 1849 2466 9,19.
1877 2403 1946 2453 23
1993 2396 2136 2453 duae
2182 2400 2645 2454 commorationes

104 2489 495 2554 damascenae,
524 2486 669 2541 inter
697 2501 833 2557 quas
870 2485 977 2540 iter
1004 2483 1287 2541 arabicum
1322 2483 1678 2540 inserendum
1707 2494 1818 2551 est,
1849 2485 1978 2541 Aet.
2013 2491 2195 2554 18,1⁷.
2231 2492 2295 2541 18
2319 2484 2462 2541 duae
2488 2501 2643 2541 com-

106 2576 449 2632 mutationes
477 2573 786 2630 corinthiae
814 2574 935 2645 (per
968 2593 992 2624 α
1025 2587 1231 2628 annum
1261 2581 1316 2628 et
1344 2571 1636 2628 dimidium
1659 2593 1710 2641 u,
1733 2588 1832 2645 per
1855 2593 1878 2624 ι
1902 2574 2110 2628 multos
2129 2571 2248 2628 dies
2278 2572 2350 2644 n),
2384 2573 2642 2644 distingui

106 2675 251 2721 recte
294 2661 581 2718 dicuntur.
626 2665 843 2718 Revera
879 2661 1111 2727 PauluS,
1155 2669 1453 2732 antequam
1504 2663 1540 2715 2
1589 2662 1716 2716 Cor.
1761 2661 2006 2732 scripsit,
2041 2659 2126 2716 bis
2163 2660 2277 2716 iam
2317 2660 2646 2716 Corinthum

102 2753 410 2810 advenerat
440 2751 489 2821 (2
520 2753 653 2806 Cor.
692 2755 880 2818 12,14;
919 2751 1093 2818 13,1);
1116 2764 1289 2804 unum
1318 2747 1496 2804 solum
1524 2757 1712 2804 autem
1739 2747 1846 2804 iter
1871 2763 1906 2804 a
1932 2749 2083 2804 Luca
2111 2757 2272 2804 antea
2299 2763 2642 2804 commemo-

106 2851 281 2908 ratur,
321 2853 458 2894 nam
493 2838 598 2893 iter
629 2836 798 2906 illud,
823 2836 895 2893 de
930 2852 1040 2908 quo
1082 2839 1210 2894 Act.
1253 2842 1374 2904 18‚1
1418 2845 1475 2891 et
1506 2842 1638 2905 20,2
1675 2848 1862 2892 sermo
1899 2843 2014 2904 est,
2054 2835 2312 2892 omnibus
2345 2835 2647 2892 fatentibus

104 2925 503 3000 interpretibus
537 2924 779 2982 secunda
807 2925 1039 2996 epistola
1062 2923 1134 2980 ad
1162 2925 1291 2980 Cor.
1318 2931 1403 2980 est
1428 2924 1728 2980 recentius.

178 3047 240 3104 6.
272 3077 359 3086 -—-
387 3040 753 3102 Antiochiae
780 3039 993 3100 hieme
1024 3041 1123 3099 54.
1154 3043 1435 3099 versatus
1459 3039 1797 3116 Apostolus
1825 3056 1972 3098 vere
2001 3039 2374 3115 insequente
2392 3038 2646 3098 tertiam

106 3138 586 3218 expeditionem
630 3135 1046 3214 apostolicam
1090 3135 1395 3218 suscepit,
1446 3152 1574 3213 qua
1609 3134 1973 3212 provinciae
2015 3133 2198 3194 Asiae
2241 3133 2648 3212 Evangelium

104 3237 339 3298 attulit.
359 3234 585 3296 Tribus
610 3233 742 3293 fere
772 3231 1091 3293 continuis
1111 3231 1293 3292 annis
1318 3230 1550 3309 Ephesi
1569 3231 1854 3291 residens
1872 3233 2050 3290 tanto
2069 3246 2211 3290 cum
2231 3229 2434 3290 fructu
2449 3231 2645 3290 Evan-

104 3335 345 3411 gelium
408 3329 821 3408 praedicavit,
868 3331 939 3389 ut
985 3327 1296 3389 diminuto
1355 3326 1825 3388 idololatrarum
1879 3343 2146 3386 numero
2197 3327 2648 3386 commercium

110 3431 427 3491 idolorum
482 3426 821 3504 deperiret.
865 3425 1261 3502 Quapropter
1301 3422 1532 3483 seditio
1572 3427 1790 3482 contra
1846 3439 1992 3483 eum
2035 3422 2298 3483 excitata
2353 3426 2478 3493 est,
2522 3440 2646 3499 qua

114 3527 434 3606 Ephesum
476 3523 840 3599 relinquere
868 3524 1118 3582 coactus
1146 3519 1544 3580 Macedoniae
1575 3519 1970 3596 Achaiaeque
2004 3518 2304 3580 ecclesias
2331 3517 2642 3592 visitavit;

112 3641 180 3682 ex
230 3621 471 3692 Achaia
515 3622 730 3680 autem
778 3636 893 3696 per
933 3618 1147 3678 Asiam
1193 3615 1582 3694 lerosolyma
1633 3619 1956 3676 revertens
2011 3615 2206 3675 Mileti
2252 3615 2649 3693 presbyteros

112 3719 406 3798 ephesios
456 3716 719 3776 monitis
768 3715 899 3776 suis
946 3714 1026 3774 ad
1072 3715 1287 3774 futura
1332 3711 1615 3791 pericula
1665 3711 2086 3790 praeparavit,
2141 3712 2283 3788 Tyri
2331 3716 2541 3770 autem
2589 3714 2652 3770 et

112 3817 449 3877 Caesareae
482 3813 559 3874 de
591 3813 865 3872 instante
895 3829 1005 3872 sua
1042 3809 1405 3888 captivitate
1436 3808 1700 3870 edoctus
1729 3811 1828 3868 est
1856 3806 2012 3888 (Aet.
2037 3805 2463 3885 18,23-21,15)

176 3911 387 3985 Ephesi
416 3907 665 3966 residens
692 3908 897 3964 Paulus
925 3907 995 3962 de
1024 3903 1339 3962 schismatis
1362 3905 1632 3975 periculo,
1665 3901 1816 3975 quod
1842 3903 2103 3960 ecclesiae
2131 3901 2442 3957 corinthiae
2463 3900 2648 3958 immi-

114 4001 307 4068 nebat,
333 4000 541 4054 certior
568 3995 745 4052 sactus
770 3994 1159 4062 Timotheum,
1188 4009 1355 4065 quem
1382 3992 1441 4047 in
1470 3990 1854 4048 Macedoniam
1881 3991 2056 4058 misit,
2087 3990 2400 4046 Corinthios
2427 3989 2648 4044 visitare

114 4089 265 4144 iussit
286 4090 337 4154 (1
376 4087 517 4142 Cor.
545 4090 707 4152 4,17;
733 4083 817 4140 cfr
838 4087 971 4140 Act.
1008 4086 1219 4148 19,22);
1244 4082 1457 4136 interea
1486 4088 1674 4136 autem
1703 4093 1803 4150 per
1829 4093 2024 4134 eorum
2052 4079 2264 4150 legatos
2291 4075 2361 4132 de
2390 4076 2650 4132 ecclesiae

114 4183 259 4231 statu
295 4172 613 4232 accuratius
642 4170 875 4228 edoctus
918 4169 1209 4240 epistolam
1246 4167 1397 4224 illam
1425 4165 1670 4237 scripsit,
1699 4181 1842 4239 quae
1873 4173 1898 4222 1
1923 4169 2056 4222 Cor.
2089 4163 2273 4220 vocari
2303 4164 2463 4220 solet.
2493 4161 2653 4218 Brevi

118 4273 301 4332 postea
324 4263 519 4318 Titum
558 4259 891 4318 Corinthum
938 4258 1117 4324 misit,
1148 4256 1241 4328 qui
1286 4254 1527 4322 videret,
1559 4269 1728 4326 quem
1775 4253 2018 4308 fructum
2063 4251 2296 4324 epistola
2343 4250 2558 4305 tulisset
2599 4258 2654 4304 et

115 4350 389 4408 'troadem
431 4347 505 4406 ad
549 4365 611 4404 se
651 4347 860 4404 rediret
896 4351 949 4414 (2
992 4347 1127 4403 Gor.
1170 4350 1341 4412 2,13).
1382 4342 1662 4400 Seditione
1703 4349 1892 4396 autem
1935 4339 2116 4406 citius,
2166 4354 2332 4410 quam
2379 4338 2648 4404 voluerat,

124 4439 399 4509 Ephesum
426 4435 745 4508 relinquere
772 4442 997 4491 coactus
1021 4449 1137 4488 non
1163 4430 1381 4487 Troade
1410 4428 1507 4485 sed
1535 4427 1827 4499 Philippis,
1859 4435 1922 4482 ut
1951 4425 2186 4493 videtur,
2220 4425 2436 4482 obviam
2459 4423 2655 4480 hahuit

118 4527 329 4596 Titum,
360 4526 519 4583 cuius
549 4523 753 4580 nuntiis
780 4524 1041 4580 atteram
1069 4519 1369 4592 epistolam
1403 4516 1724 4574 Corinthiis
1749 4513 1992 4570 seribere
2021 4522 2302 4584 permotus
2327 4521 2430 4569 est.
2457 4510 2654 4577 Paucis

120 4614 485 4672 hebdomadis
512 4621 702 4684 postea
731 4610 849 4683 ipse
868 4624 1090 4683 quoque
1112 4606 1441 4671 Corinthum
1460 4604 1610 4662 venit
1635 4602 1820 4676 ibique
1839 4601 2133 4673 epistolam
2151 4615 2312 4658 suam
2333 4599 2422 4656 ad
2443 4603 2656 4656 Roma-
