<?xml version="1.0" encoding="UTF-8"?>
<!DOCTYPE html PUBLIC "-//W3C//DTD XHTML 1.0 Transitional//EN"
    "http://www.w3.org/TR/xhtml1/DTD/xhtml1-transitional.dtd">
<html xmlns="http://www.w3.org/1999/xhtml" xml:lang="en" lang="en">
 <head>
  <title>
</title>
<meta http-equiv="Content-Type" content="text/html;charset=utf-8" />
  <meta name='ocr-system' content='tesseract 3.04.00' />
  <meta name='ocr-capabilities' content='ocr_page ocr_carea ocr_par ocr_line ocrx_word'/>
</head>
<body>
  <div class='ocr_page' id='page_1' title='image "./historicaeetcri00corngoog_0528.png"; bbox 0 0 3050 5184; ppageno 0'>
   <div class='ocr_carea' id='block_1_1' title="bbox 451 340 2840 398">
    <p class='ocr_par' dir='ltr' id='par_1_1' title="bbox 451 340 2840 398">
     <span class='ocr_line' id='line_1_1' title="bbox 451 340 2840 398; baseline -0.003 -2"><span class='ocrx_word' id='word_1_1' title='bbox 451 340 567 398; x_wconf 68' lang='lat'><strong>5¹8</strong></span> <span class='ocrx_word' id='word_1_2' title='bbox 648 353 724 396; x_wconf 84' lang='lat' dir='ltr'><strong>DE</strong></span> <span class='ocrx_word' id='word_1_3' title='bbox 768 352 913 396; x_wconf 74' lang='lat' dir='ltr'><strong>Now</strong></span> <span class='ocrx_word' id='word_1_4' title='bbox 958 353 1127 398; x_wconf 85' lang='lat' dir='ltr'><strong>TEST.</strong></span> <span class='ocrx_word' id='word_1_5' title='bbox 1174 350 1362 397; x_wconf 74' lang='lat' dir='ltr'><strong>umus</strong></span> <span class='ocrx_word' id='word_1_6' title='bbox 1404 353 1761 398; x_wconf 81' lang='lat' dir='ltr'><strong>nls‘romcts.</strong></span> <span class='ocrx_word' id='word_1_7' title='bbox 1805 370 1886 382; x_wconf 83' lang='lat'><strong>-·</strong></span> <span class='ocrx_word' id='word_1_8' title='bbox 1929 353 2061 396; x_wconf 75' lang='lat' dir='ltr'><strong>GAP.</strong></span> <span class='ocrx_word' id='word_1_9' title='bbox 2107 353 2201 395; x_wconf 87' lang='lat'><strong>111.</strong></span> <span class='ocrx_word' id='word_1_10' title='bbox 2247 349 2324 393; x_wconf 73' lang='lat' dir='ltr'><strong>DE</strong></span> <span class='ocrx_word' id='word_1_11' title='bbox 2366 349 2612 395; x_wconf 64' lang='lat' dir='ltr'><strong>Acutius</strong></span> <span class='ocrx_word' id='word_1_12' title='bbox 2649 347 2840 390; x_wconf 63' lang='lat' dir='ltr'><strong>nost,</strong></span> 
     </span>
    </p>
   </div>
   <div class='ocr_carea' id='block_1_2' title="bbox 1489 731 1954 799">
    <p class='ocr_par' dir='ltr' id='par_1_2' title="bbox 1489 731 1954 799">
     <span class='ocr_line' id='line_1_2' title="bbox 1489 731 1954 799; baseline -0.006 0"><span class='ocrx_word' id='word_1_13' title='bbox 1489 731 1784 799; x_wconf 81' lang='lat' dir='ltr'><strong>CAPUT</strong></span> <span class='ocrx_word' id='word_1_14' title='bbox 1832 731 1954 796; x_wconf 88' lang='lat' dir='ltr'><strong>IV.</strong></span> 
     </span>
    </p>
   </div>
   <div class='ocr_carea' id='block_1_3' title="bbox 1192 971 2248 1025">
    <p class='ocr_par' dir='ltr' id='par_1_3' title="bbox 1192 971 2248 1025">
     <span class='ocr_line' id='line_1_3' title="bbox 1192 971 2248 1025; baseline -0.003 -1"><span class='ocrx_word' id='word_1_15' title='bbox 1192 974 1287 1024; x_wconf 90' lang='lat' dir='ltr'><strong>DE</strong></span> <span class='ocrx_word' id='word_1_16' title='bbox 1325 973 1639 1025; x_wconf 88' lang='lat' dir='ltr'>ACTIBUS</span> <span class='ocrx_word' id='word_1_17' title='bbox 1681 971 2248 1024; x_wconf 78' lang='lat' dir='ltr'><strong>APOSTOLORUM.</strong></span> 
     </span>
    </p>
   </div>
   <div class='ocr_carea' id='block_1_4' title="bbox 901 1187 2537 1278">
    <p class='ocr_par' dir='ltr' id='par_1_4' title="bbox 901 1187 2537 1278">
     <span class='ocr_line' id='line_1_4' title="bbox 901 1187 2537 1278; baseline -0.002 -23"><span class='ocrx_word' id='word_1_18' title='bbox 901 1192 935 1274; x_wconf 62' lang='grc' dir='ltr'><strong>ἓ</strong></span> <span class='ocrx_word' id='word_1_19' title='bbox 970 1197 1072 1257; x_wconf 93' lang='grc'><strong>11.</strong></span> <span class='ocrx_word' id='word_1_20' title='bbox 1102 1229 1188 1238; x_wconf 91' lang='grc'>-</span> <span class='ocrx_word' id='word_1_21' title='bbox 1212 1192 1307 1256; x_wconf 83' lang='lat' dir='ltr'><strong>De</strong></span> <span class='ocrx_word' id='word_1_22' title='bbox 1335 1189 1629 1256; x_wconf 83' lang='lat' dir='ltr'><strong>Actuum</strong></span> <span class='ocrx_word' id='word_1_23' title='bbox 1667 1191 2134 1278; x_wconf 75' lang='lat' dir='ltr'><em>Apostolorum</em></span> <span class='ocrx_word' id='word_1_24' title='bbox 2166 1187 2537 1255; x_wconf 75' lang='lat' dir='ltr'><em>authentia.</em></span> 
     </span>
    </p>
   </div>
   <div class='ocr_carea' id='block_1_5' title="bbox 454 1403 2958 1775">
    <p class='ocr_par' dir='ltr' id='par_1_5' title="bbox 454 1403 2958 1775">
     <span class='ocr_line' id='line_1_5' title="bbox 535 1403 2958 1486; baseline -0.004 -19"><span class='ocrx_word' id='word_1_25' title='bbox 535 1411 589 1467; x_wconf 83' lang='lat'><strong>1.</strong></span> <span class='ocrx_word' id='word_1_26' title='bbox 623 1441 701 1452; x_wconf 96' lang='lat'><strong>—</strong></span> <span class='ocrx_word' id='word_1_27' title='bbox 730 1408 994 1479; x_wconf 84' lang='lat' dir='ltr'><strong>Quintus</strong></span> <span class='ocrx_word' id='word_1_28' title='bbox 1037 1410 1187 1470; x_wconf 89' lang='lat' dir='ltr'><strong>Novi</strong></span> <span class='ocrx_word' id='word_1_29' title='bbox 1233 1411 1397 1470; x_wconf 90' lang='lat' dir='ltr'><strong>Test.</strong></span> <span class='ocrx_word' id='word_1_30' title='bbox 1449 1409 1612 1468; x_wconf 88' lang='lat' dir='ltr'><strong>liber</strong></span> <span class='ocrx_word' id='word_1_31' title='bbox 1657 1408 1992 1469; x_wconf 86' lang='lat' dir='ltr'><strong>historicus</strong></span> <span class='ocrx_word' id='word_1_32' title='bbox 2031 1407 2260 1486; x_wconf 76' lang='grc' dir='ltr'>Πράξεις</span> <span class='ocrx_word' id='word_1_33' title='bbox 2297 1407 2628 1466; x_wconf 79' lang='grc' dir='ltr'>Ἀποστόλων</span> <span class='ocrx_word' id='word_1_34' title='bbox 2677 1403 2844 1482; x_wconf 80' lang='lat' dir='ltr'><strong>(Acta</strong></span> <span class='ocrx_word' id='word_1_35' title='bbox 2867 1403 2958 1459; x_wconf 73' lang='lat' dir='ltr'><strong>vel</strong></span> 
     </span>
     <span class='ocr_line' id='line_1_6' title="bbox 456 1497 2958 1584; baseline -0.004 -20"><span class='ocrx_word' id='word_1_36' title='bbox 456 1509 630 1564; x_wconf 80' lang='lat' dir='ltr'><strong>Actus</strong></span> <span class='ocrx_word' id='word_1_37' title='bbox 660 1505 1103 1584; x_wconf 80' lang='lat' dir='ltr'><em>Apostolorum)</em></span> <span class='ocrx_word' id='word_1_38' title='bbox 1136 1506 1489 1584; x_wconf 86' lang='lat' dir='ltr'><strong>appellatur</strong></span> <span class='ocrx_word' id='word_1_39' title='bbox 1518 1509 1583 1565; x_wconf 90' lang='lat' dir='ltr'><strong>et</strong></span> <span class='ocrx_word' id='word_1_40' title='bbox 1609 1507 1674 1564; x_wconf 89' lang='lat' dir='ltr'><strong>in</strong></span> <span class='ocrx_word' id='word_1_41' title='bbox 1704 1504 2028 1583; x_wconf 87' lang='lat' dir='ltr'><strong>prooemio</strong></span> <span class='ocrx_word' id='word_1_42' title='bbox 2067 1505 2277 1565; x_wconf 89' lang='lat' dir='ltr'><strong>eidem</strong></span> <span class='ocrx_word' id='word_1_43' title='bbox 2312 1503 2662 1580; x_wconf 89' lang='lat' dir='ltr'><strong>Theophilo</strong></span> <span class='ocrx_word' id='word_1_44' title='bbox 2691 1497 2958 1560; x_wconf 86' lang='lat' dir='ltr'><strong>inscribi-</strong></span> 
     </span>
     <span class='ocr_line' id='line_1_7' title="bbox 454 1593 2958 1680; baseline -0.004 -20"><span class='ocrx_word' id='word_1_45' title='bbox 454 1605 576 1674; x_wconf 90' lang='lat' dir='ltr'><strong>tur,</strong></span> <span class='ocrx_word' id='word_1_46' title='bbox 609 1602 713 1662; x_wconf 91' lang='lat' dir='ltr'><strong>cui</strong></span> <span class='ocrx_word' id='word_1_47' title='bbox 755 1605 974 1662; x_wconf 85' lang='lat' dir='ltr'>auctor</span> <span class='ocrx_word' id='word_1_48' title='bbox 1006 1625 1035 1655; x_wconf 90' lang='lat'>«</span> <span class='ocrx_word' id='word_1_49' title='bbox 1068 1603 1345 1680; x_wconf 90' lang='lat' dir='ltr'><strong>primum</strong></span> <span class='ocrx_word' id='word_1_50' title='bbox 1386 1604 1719 1662; x_wconf 85' lang='lat' dir='ltr'><strong>tractatum</strong></span> <span class='ocrx_word' id='word_1_51' title='bbox 1768 1601 1846 1660; x_wconf 89' lang='lat' dir='ltr'><strong>de</strong></span> <span class='ocrx_word' id='word_1_52' title='bbox 1889 1601 2212 1672; x_wconf 84' lang='lat' dir='ltr'><strong>omnibuS,</strong></span> <span class='ocrx_word' id='word_1_53' title='bbox 2247 1617 2404 1677; x_wconf 86' lang='lat' dir='ltr'><strong>quae</strong></span> <span class='ocrx_word' id='word_1_54' title='bbox 2433 1601 2608 1659; x_wconf 89' lang='lat' dir='ltr'><strong>Iesus</strong></span> <span class='ocrx_word' id='word_1_55' title='bbox 2649 1596 2854 1674; x_wconf 87' lang='lat' dir='ltr'><strong>coepit</strong></span> <span class='ocrx_word' id='word_1_56' title='bbox 2883 1593 2958 1651; x_wconf 80' lang='lat' dir='ltr'><strong>fa-</strong></span> 
     </span>
     <span class='ocr_line' id='line_1_8' title="bbox 456 1693 2896 1775; baseline -0.003 -19"><span class='ocrx_word' id='word_1_57' title='bbox 456 1714 595 1756; x_wconf 90' lang='lat' dir='ltr'><strong>cere</strong></span> <span class='ocrx_word' id='word_1_58' title='bbox 624 1702 689 1757; x_wconf 91' lang='lat' dir='ltr'><strong>et</strong></span> <span class='ocrx_word' id='word_1_59' title='bbox 716 1698 944 1758; x_wconf 90' lang='lat' dir='ltr'><strong>docere</strong></span> <span class='ocrx_word' id='word_1_60' title='bbox 974 1715 1170 1774; x_wconf 89' lang='lat' dir='ltr'><strong>usque</strong></span> <span class='ocrx_word' id='word_1_61' title='bbox 1198 1698 1263 1756; x_wconf 89' lang='lat' dir='ltr'><strong>in</strong></span> <span class='ocrx_word' id='word_1_62' title='bbox 1288 1699 1459 1757; x_wconf 88' lang='lat' dir='ltr'><strong>diem</strong></span> <span class='ocrx_word' id='word_1_63' title='bbox 1490 1715 1616 1775; x_wconf 91' lang='lat' dir='ltr'><strong>quo</strong></span> <span class='ocrx_word' id='word_1_64' title='bbox 1647 1701 1962 1758; x_wconf 81' lang='lat' dir='ltr'><strong>assumtus</strong></span> <span class='ocrx_word' id='word_1_65' title='bbox 1990 1700 2088 1757; x_wconf 87' lang='lat' dir='ltr'><strong>est</strong></span> <span class='ocrx_word' id='word_1_66' title='bbox 2117 1719 2147 1752; x_wconf 89' lang='lat'>»</span> <span class='ocrx_word' id='word_1_67' title='bbox 2166 1741 2182 1769; x_wconf 89' lang='lat'>‚</span> <span class='ocrx_word' id='word_1_68' title='bbox 2215 1714 2281 1756; x_wconf 89' lang='lat' dir='ltr'><strong>se</strong></span> <span class='ocrx_word' id='word_1_69' title='bbox 2311 1696 2634 1756; x_wconf 83' lang='lat' dir='ltr'><strong>dedicasse</strong></span> <span class='ocrx_word' id='word_1_70' title='bbox 2661 1693 2896 1752; x_wconf 88' lang='lat' dir='ltr'><strong>asserit.</strong></span> 
     </span>
    </p>
   </div>
   <div class='ocr_carea' id='block_1_6' title="bbox 456 1805 2970 2847">
    <p class='ocr_par' dir='ltr' id='par_1_6' title="bbox 456 1805 2970 2847">
     <span class='ocr_line' id='line_1_9' title="bbox 526 1805 2960 1881; baseline -0.003 -17"><span class='ocrx_word' id='word_1_71' title='bbox 526 1810 772 1865; x_wconf 90' lang='lat' dir='ltr'><strong>Titulum</strong></span> <span class='ocrx_word' id='word_1_72' title='bbox 796 1810 864 1865; x_wconf 88' lang='lat' dir='ltr'><strong>ab</strong></span> <span class='ocrx_word' id='word_1_73' title='bbox 888 1811 1005 1880; x_wconf 86' lang='lat' dir='ltr'><strong>ipso</strong></span> <span class='ocrx_word' id='word_1_74' title='bbox 1035 1819 1261 1866; x_wconf 87' lang='lat' dir='ltr'><strong>auctore</strong></span> <span class='ocrx_word' id='word_1_75' title='bbox 1290 1811 1443 1881; x_wconf 87' lang='lat' dir='ltr'><strong>operi</strong></span> <span class='ocrx_word' id='word_1_76' title='bbox 1471 1826 1590 1865; x_wconf 89' lang='lat' dir='ltr'><strong>esse</strong></span> <span class='ocrx_word' id='word_1_77' title='bbox 1615 1809 1938 1880; x_wconf 81' lang='lat' dir='ltr'><strong>praefixum,</strong></span> <span class='ocrx_word' id='word_1_78' title='bbox 1970 1826 2084 1866; x_wconf 89' lang='lat' dir='ltr'><strong>uon</strong></span> <span class='ocrx_word' id='word_1_79' title='bbox 2109 1809 2384 1864; x_wconf 87' lang='lat' dir='ltr'><strong>immerito</strong></span> <span class='ocrx_word' id='word_1_80' title='bbox 2410 1809 2606 1864; x_wconf 86' lang='lat' dir='ltr'><strong>asserit</strong></span> <span class='ocrx_word' id='word_1_81' title='bbox 2637 1807 2696 1862; x_wconf 92' lang='lat' dir='ltr'><strong>S.</strong></span> <span class='ocrx_word' id='word_1_82' title='bbox 2733 1805 2960 1874; x_wconf 70' lang='lat' dir='ltr'><strong>Chryso-</strong></span> 
     </span>
     <span class='ocr_line' id='line_1_10' title="bbox 456 1895 2962 1969; baseline -0.003 -17"><span class='ocrx_word' id='word_1_83' title='bbox 456 1903 675 1953; x_wconf 83' lang='lat' dir='ltr'><strong>stomus</strong></span> <span class='ocrx_word' id='word_1_84' title='bbox 700 1900 788 1965; x_wconf 90' lang='lat' dir='ltr'><strong>(In</strong></span> <span class='ocrx_word' id='word_1_85' title='bbox 811 1899 983 1968; x_wconf 86' lang='lat' dir='ltr'><strong>princ.</strong></span> <span class='ocrx_word' id='word_1_86' title='bbox 1004 1899 1126 1952; x_wconf 85' lang='lat' dir='ltr'><strong>Act.</strong></span> <span class='ocrx_word' id='word_1_87' title='bbox 1161 1903 1290 1967; x_wconf 78' lang='lat'><strong>1,3&gt;,</strong></span> <span class='ocrx_word' id='word_1_88' title='bbox 1318 1913 1489 1969; x_wconf 87' lang='lat' dir='ltr'><strong>quum</strong></span> <span class='ocrx_word' id='word_1_89' title='bbox 1504 1914 1618 1952; x_wconf 88' lang='lat' dir='ltr'><strong>non</strong></span> <span class='ocrx_word' id='word_1_90' title='bbox 1636 1905 1856 1952; x_wconf 86' lang='lat' dir='ltr'><strong>tantum</strong></span> <span class='ocrx_word' id='word_1_91' title='bbox 1879 1897 2291 1968; x_wconf 87' lang='lat' dir='ltr'><strong>antiquissimus</strong></span> <span class='ocrx_word' id='word_1_92' title='bbox 2319 1895 2411 1964; x_wconf 88' lang='lat' dir='ltr'><strong>sit,</strong></span> <span class='ocrx_word' id='word_1_93' title='bbox 2441 1895 2540 1951; x_wconf 89' lang='lat' dir='ltr'><strong>sed</strong></span> <span class='ocrx_word' id='word_1_94' title='bbox 2563 1905 2682 1950; x_wconf 88' lang='lat' dir='ltr'><strong>tam</strong></span> <span class='ocrx_word' id='word_1_95' title='bbox 2705 1903 2834 1965; x_wconf 84' lang='lat' dir='ltr'><strong>apte</strong></span> <span class='ocrx_word' id='word_1_96' title='bbox 2855 1907 2962 1962; x_wconf 63' lang='lat' dir='ltr'><strong>quo</strong></span> 
     </span>
     <span class='ocr_line' id='line_1_11' title="bbox 458 1978 2963 2058; baseline -0.003 -17"><span class='ocrx_word' id='word_1_97' title='bbox 458 2001 567 2058; x_wconf 90' lang='lat' dir='ltr'><strong>que</strong></span> <span class='ocrx_word' id='word_1_98' title='bbox 592 1985 720 2041; x_wconf 89' lang='lat' dir='ltr'><strong>libri</strong></span> <span class='ocrx_word' id='word_1_99' title='bbox 740 1995 1066 2058; x_wconf 84' lang='lat' dir='ltr'><strong>argumento</strong></span> <span class='ocrx_word' id='word_1_100' title='bbox 1094 1985 1443 2056; x_wconf 89' lang='lat' dir='ltr'><strong>respondeat,</strong></span> <span class='ocrx_word' id='word_1_101' title='bbox 1470 1992 1534 2039; x_wconf 90' lang='lat' dir='ltr'><strong>ut</strong></span> <span class='ocrx_word' id='word_1_102' title='bbox 1557 1993 1770 2054; x_wconf 84' lang='lat' dir='ltr'><strong>auctor,</strong></span> <span class='ocrx_word' id='word_1_103' title='bbox 1804 1985 1900 2056; x_wconf 89' lang='lat' dir='ltr'><strong>qui</strong></span> <span class='ocrx_word' id='word_1_104' title='bbox 1923 1985 2078 2056; x_wconf 86' lang='lat' dir='ltr'><strong>operi</strong></span> <span class='ocrx_word' id='word_1_105' title='bbox 2101 2001 2202 2040; x_wconf 89' lang='lat' dir='ltr'><strong>suo</strong></span> <span class='ocrx_word' id='word_1_106' title='bbox 2229 1984 2494 2040; x_wconf 88' lang='lat' dir='ltr'><strong>historico</strong></span> <span class='ocrx_word' id='word_1_107' title='bbox 2527 1981 2754 2039; x_wconf 88' lang='lat' dir='ltr'><strong>titulum</strong></span> <span class='ocrx_word' id='word_1_108' title='bbox 2787 1978 2963 2052; x_wconf 79' lang='lat' dir='ltr'><strong>praefi-</strong></span> 
     </span>
     <span class='ocr_line' id='line_1_12' title="bbox 456 2066 2966 2147; baseline -0.003 -17"><span class='ocrx_word' id='word_1_109' title='bbox 456 2090 587 2147; x_wconf 81' lang='lat' dir='ltr'><strong>gere</strong></span> <span class='ocrx_word' id='word_1_110' title='bbox 611 2072 821 2142; x_wconf 85' lang='lat' dir='ltr'><strong>debuit,</strong></span> <span class='ocrx_word' id='word_1_111' title='bbox 861 2073 1132 2145; x_wconf 82' lang='lat' dir='ltr'><strong>aptiorem</strong></span> <span class='ocrx_word' id='word_1_112' title='bbox 1168 2089 1299 2128; x_wconf 90' lang='lat' dir='ltr'><strong>sane</strong></span> <span class='ocrx_word' id='word_1_113' title='bbox 1336 2073 1584 2128; x_wconf 88' lang='lat' dir='ltr'><strong>invenire</strong></span> <span class='ocrx_word' id='word_1_114' title='bbox 1628 2088 1743 2128; x_wconf 92' lang='lat' dir='ltr'><strong>non</strong></span> <span class='ocrx_word' id='word_1_115' title='bbox 1781 2073 2041 2144; x_wconf 85' lang='lat' dir='ltr'><strong>potuerit.</strong></span> <span class='ocrx_word' id='word_1_116' title='bbox 2081 2075 2166 2128; x_wconf 85' lang='lat' dir='ltr'><strong>De</strong></span> <span class='ocrx_word' id='word_1_117' title='bbox 2207 2072 2605 2144; x_wconf 82' lang='lat' dir='ltr'><strong>Apostolorum</strong></span> <span class='ocrx_word' id='word_1_118' title='bbox 2641 2071 2792 2125; x_wconf 86' lang='lat' dir='ltr'><strong>enim</strong></span> <span class='ocrx_word' id='word_1_119' title='bbox 2828 2066 2966 2122; x_wconf 71' lang='lat' dir='ltr'><strong>rebus</strong></span> 
     </span>
     <span class='ocr_line' id='line_1_13' title="bbox 460 2154 2964 2235; baseline -0.004 -18"><span class='ocrx_word' id='word_1_120' title='bbox 460 2163 627 2235; x_wconf 81' lang='lat' dir='ltr'><strong>gestis</strong></span> <span class='ocrx_word' id='word_1_121' title='bbox 668 2161 813 2232; x_wconf 88' lang='lat' dir='ltr'><strong>agit,</strong></span> <span class='ocrx_word' id='word_1_122' title='bbox 838 2169 897 2215; x_wconf 92' lang='lat' dir='ltr'><strong>at</strong></span> <span class='ocrx_word' id='word_1_123' title='bbox 916 2177 1020 2215; x_wconf 86' lang='lat' dir='ltr'><strong>nec</strong></span> <span class='ocrx_word' id='word_1_124' title='bbox 1044 2159 1113 2215; x_wconf 87' lang='lat' dir='ltr'><strong>de</strong></span> <span class='ocrx_word' id='word_1_125' title='bbox 1140 2161 1387 2215; x_wconf 89' lang='lat' dir='ltr'><strong>omnium</strong></span> <span class='ocrx_word' id='word_1_126' title='bbox 1418 2176 1521 2214; x_wconf 91' lang='lat' dir='ltr'><strong>nec</strong></span> <span class='ocrx_word' id='word_1_127' title='bbox 1549 2159 1618 2215; x_wconf 90' lang='lat' dir='ltr'><strong>de</strong></span> <span class='ocrx_word' id='word_1_128' title='bbox 1651 2164 1872 2214; x_wconf 78' lang='lat' dir='ltr'><strong>eunctis</strong></span> <span class='ocrx_word' id='word_1_129' title='bbox 1911 2160 2224 2231; x_wconf 87' lang='lat' dir='ltr'><strong>aliquorum</strong></span> <span class='ocrx_word' id='word_1_130' title='bbox 2251 2157 2418 2214; x_wconf 87' lang='lat' dir='ltr'><strong>rebus</strong></span> <span class='ocrx_word' id='word_1_131' title='bbox 2450 2158 2647 2231; x_wconf 80' lang='lat' dir='ltr'><strong>gestis3</strong></span> <span class='ocrx_word' id='word_1_132' title='bbox 2677 2170 2810 2212; x_wconf 89' lang='lat' dir='ltr'><strong>nam</strong></span> <span class='ocrx_word' id='word_1_133' title='bbox 2845 2154 2964 2209; x_wconf 75' lang='lat' dir='ltr'><strong>iuxta</strong></span> 
     </span>
     <span class='ocr_line' id='line_1_14' title="bbox 460 2243 2963 2321; baseline -0.005 -16"><span class='ocrx_word' id='word_1_134' title='bbox 460 2250 803 2321; x_wconf 80' lang='lat' dir='ltr'><strong>optimorum</strong></span> <span class='ocrx_word' id='word_1_135' title='bbox 844 2247 1099 2303; x_wconf 90' lang='lat' dir='ltr'><strong>codicum</strong></span> <span class='ocrx_word' id='word_1_136' title='bbox 1137 2247 1307 2302; x_wconf 87' lang='lat' dir='ltr'><strong>fidem</strong></span> <span class='ocrx_word' id='word_1_137' title='bbox 1346 2247 1541 2302; x_wconf 87' lang='lat' dir='ltr'><strong>titulus</strong></span> <span class='ocrx_word' id='word_1_138' title='bbox 1577 2247 1847 2319; x_wconf 88' lang='lat' dir='ltr'><strong>genuinus</strong></span> <span class='ocrx_word' id='word_1_139' title='bbox 1892 2262 2006 2302; x_wconf 90' lang='lat' dir='ltr'><strong>non</strong></span> <span class='ocrx_word' id='word_1_140' title='bbox 2049 2255 2132 2302; x_wconf 87' lang='lat' dir='ltr'><strong>est</strong></span> <span class='ocrx_word' id='word_1_141' title='bbox 2174 2245 2233 2299; x_wconf 78' lang='grc' dir='ltr'><strong>αἱ</strong></span> <span class='ocrx_word' id='word_1_142' title='bbox 2277 2245 2468 2317; x_wconf 79' lang='grc' dir='ltr'>πράξεις</span> <span class='ocrx_word' id='word_1_143' title='bbox 2515 2251 2632 2298; x_wconf 78' lang='grc' dir='ltr'><strong>τῶν</strong></span> <span class='ocrx_word' id='word_1_144' title='bbox 2679 2243 2963 2296; x_wconf 55' lang='grc' dir='ltr'><strong>ἀποστόλου.</strong></span> 
     </span>
     <span class='ocr_line' id='line_1_15' title="bbox 458 2325 2962 2405; baseline -0.003 -13"><span class='ocrx_word' id='word_1_145' title='bbox 458 2336 559 2392; x_wconf 90' lang='lat' dir='ltr'><strong>sed</strong></span> <span class='ocrx_word' id='word_1_146' title='bbox 585 2336 803 2391; x_wconf 88' lang='lat' dir='ltr'><strong>omissis</strong></span> <span class='ocrx_word' id='word_1_147' title='bbox 828 2334 1075 2391; x_wconf 85' lang='lat' dir='ltr'><strong>articulis</strong></span> <span class='ocrx_word' id='word_1_148' title='bbox 1096 2335 1283 2404; x_wconf 78' lang='grc' dir='ltr'>πράξεις</span> <span class='ocrx_word' id='word_1_149' title='bbox 1309 2333 1620 2388; x_wconf 79' lang='grc' dir='ltr'><strong>ἀποστόλων.</strong></span> <span class='ocrx_word' id='word_1_150' title='bbox 1657 2335 1810 2390; x_wconf 91' lang='lat' dir='ltr'><strong>Sicut</strong></span> <span class='ocrx_word' id='word_1_151' title='bbox 1831 2335 1892 2389; x_wconf 87' lang='lat' dir='ltr'><strong>in</strong></span> <span class='ocrx_word' id='word_1_152' title='bbox 1916 2333 2100 2405; x_wconf 86' lang='lat' dir='ltr'><strong>priore</strong></span> <span class='ocrx_word' id='word_1_153' title='bbox 2136 2349 2235 2389; x_wconf 91' lang='lat' dir='ltr'><strong>suo</strong></span> <span class='ocrx_word' id='word_1_154' title='bbox 2269 2325 2510 2389; x_wconf 84' lang='lat' dir='ltr'><strong>tractatu</strong></span> <span class='ocrx_word' id='word_1_155' title='bbox 2539 2331 2882 2404; x_wconf 67' lang='lat' dir='ltr'><strong>(Evangelio)</strong></span> <span class='ocrx_word' id='word_1_156' title='bbox 2899 2329 2962 2384; x_wconf 64' lang='lat' dir='ltr'><strong>illa</strong></span> 
     </span>
     <span class='ocr_line' id='line_1_16' title="bbox 458 2417 2966 2494; baseline -0.003 -14"><span class='ocrx_word' id='word_1_157' title='bbox 458 2426 579 2480; x_wconf 88' lang='lat' dir='ltr'><strong>sola</strong></span> <span class='ocrx_word' id='word_1_158' title='bbox 606 2422 749 2480; x_wconf 86' lang='lat' dir='ltr'><strong>facta</strong></span> <span class='ocrx_word' id='word_1_159' title='bbox 780 2432 835 2478; x_wconf 91' lang='lat' dir='ltr'><strong>et</strong></span> <span class='ocrx_word' id='word_1_160' title='bbox 862 2421 1008 2478; x_wconf 88' lang='lat' dir='ltr'><strong>dicta</strong></span> <span class='ocrx_word' id='word_1_161' title='bbox 1032 2423 1257 2478; x_wconf 87' lang='lat' dir='ltr'><strong>Domini</strong></span> <span class='ocrx_word' id='word_1_162' title='bbox 1287 2431 1480 2478; x_wconf 84' lang='lat' dir='ltr'><strong>auctor</strong></span> <span class='ocrx_word' id='word_1_163' title='bbox 1521 2422 1730 2494; x_wconf 84' lang='lat' dir='ltr'><strong>selegit,</strong></span> <span class='ocrx_word' id='word_1_164' title='bbox 1763 2437 1902 2493; x_wconf 89' lang='lat' dir='ltr'><strong>quae</strong></span> <span class='ocrx_word' id='word_1_165' title='bbox 1945 2421 2074 2476; x_wconf 86' lang='lat' dir='ltr'><strong>fidei</strong></span> <span class='ocrx_word' id='word_1_166' title='bbox 2108 2421 2404 2493; x_wconf 88' lang='lat' dir='ltr'><strong>Theophili</strong></span> <span class='ocrx_word' id='word_1_167' title='bbox 2429 2419 2848 2475; x_wconf 82' lang='lat' dir='ltr'><strong>confirmandae</strong></span> <span class='ocrx_word' id='word_1_168' title='bbox 2879 2417 2966 2473; x_wconf 64' lang='lat' dir='ltr'><strong>ida</strong></span> 
     </span>
     <span class='ocr_line' id='line_1_17' title="bbox 458 2505 2966 2580; baseline -0.003 -12"><span class='ocrx_word' id='word_1_169' title='bbox 458 2528 564 2568; x_wconf 90' lang='lat' dir='ltr'><strong>nea</strong></span> <span class='ocrx_word' id='word_1_170' title='bbox 591 2509 769 2579; x_wconf 90' lang='lat' dir='ltr'><strong>duxit,</strong></span> <span class='ocrx_word' id='word_1_171' title='bbox 802 2510 877 2566; x_wconf 90' lang='lat' dir='ltr'><strong>ita</strong></span> <span class='ocrx_word' id='word_1_172' title='bbox 902 2511 957 2566; x_wconf 92' lang='lat' dir='ltr'><strong>in</strong></span> <span class='ocrx_word' id='word_1_173' title='bbox 978 2510 1085 2566; x_wconf 91' lang='lat' dir='ltr'><strong>hoc</strong></span> <span class='ocrx_word' id='word_1_174' title='bbox 1107 2511 1285 2566; x_wconf 89' lang='lat' dir='ltr'><strong>altero</strong></span> <span class='ocrx_word' id='word_1_175' title='bbox 1312 2510 1611 2566; x_wconf 87' lang='lat' dir='ltr'><strong>nonnullas</strong></span> <span class='ocrx_word' id='word_1_176' title='bbox 1634 2509 2032 2564; x_wconf 86' lang='lat' dir='ltr'><strong>nonnullorum</strong></span> <span class='ocrx_word' id='word_1_177' title='bbox 2057 2510 2454 2580; x_wconf 83' lang='lat' dir='ltr'><strong>Apostolorum</strong></span> <span class='ocrx_word' id='word_1_178' title='bbox 2479 2523 2568 2563; x_wconf 59' lang='grc' dir='ltr'><strong>τω</strong></span> <span class='ocrx_word' id='word_1_179' title='bbox 2601 2517 2788 2580; x_wconf 85' lang='lat' dir='ltr'><strong>gestas</strong></span> <span class='ocrx_word' id='word_1_180' title='bbox 2821 2505 2966 2561; x_wconf 82' lang='lat' dir='ltr'><strong>eidem</strong></span> 
     </span>
     <span class='ocr_line' id='line_1_18' title="bbox 458 2593 2968 2670; baseline -0.004 -15"><span class='ocrx_word' id='word_1_181' title='bbox 458 2601 555 2655; x_wconf 87' lang='lat' dir='ltr'><strong>fini</strong></span> <span class='ocrx_word' id='word_1_182' title='bbox 590 2597 879 2670; x_wconf 86' lang='lat' dir='ltr'><strong>adaptatas</strong></span> <span class='ocrx_word' id='word_1_183' title='bbox 915 2599 1208 2669; x_wconf 78' lang='lat' dir='ltr'><strong>congessit.</strong></span> <span class='ocrx_word' id='word_1_184' title='bbox 1238 2601 1319 2653; x_wconf 91' lang='lat' dir='ltr'><strong>Ex</strong></span> <span class='ocrx_word' id='word_1_185' title='bbox 1356 2597 1552 2654; x_wconf 88' lang='lat' dir='ltr'><strong>iisdem</strong></span> <span class='ocrx_word' id='word_1_186' title='bbox 1581 2607 1765 2652; x_wconf 88' lang='lat' dir='ltr'><strong>autem</strong></span> <span class='ocrx_word' id='word_1_187' title='bbox 1794 2597 2065 2668; x_wconf 87' lang='lat' dir='ltr'><strong>prooemii</strong></span> <span class='ocrx_word' id='word_1_188' title='bbox 2103 2597 2284 2652; x_wconf 84' lang='lat' dir='ltr'><strong>verbis</strong></span> <span class='ocrx_word' id='word_1_189' title='bbox 2311 2597 2480 2652; x_wconf 88' lang='lat' dir='ltr'><strong>etiam</strong></span> <span class='ocrx_word' id='word_1_190' title='bbox 2517 2596 2724 2663; x_wconf 88' lang='lat' dir='ltr'><strong>elucet,</strong></span> <span class='ocrx_word' id='word_1_191' title='bbox 2759 2593 2968 2650; x_wconf 82' lang='lat' dir='ltr'><strong>eundem</strong></span> 
     </span>
     <span class='ocr_line' id='line_1_19' title="bbox 458 2683 2970 2760; baseline -0.004 -16"><span class='ocrx_word' id='word_1_192' title='bbox 458 2704 577 2744; x_wconf 90' lang='lat' dir='ltr'><strong>esse</strong></span> <span class='ocrx_word' id='word_1_193' title='bbox 610 2687 761 2742; x_wconf 87' lang='lat' dir='ltr'><strong>tertii</strong></span> <span class='ocrx_word' id='word_1_194' title='bbox 789 2687 1073 2760; x_wconf 84' lang='lat' dir='ltr'><strong>Evangelii</strong></span> <span class='ocrx_word' id='word_1_195' title='bbox 1116 2695 1172 2742; x_wconf 91' lang='lat' dir='ltr'><strong>et</strong></span> <span class='ocrx_word' id='word_1_196' title='bbox 1211 2690 1453 2741; x_wconf 83' lang='lat' dir='ltr'><strong>Actuum</strong></span> <span class='ocrx_word' id='word_1_197' title='bbox 1495 2694 1808 2752; x_wconf 84' lang='lat' dir='ltr'><strong>auctorem,</strong></span> <span class='ocrx_word' id='word_1_198' title='bbox 1852 2684 1910 2739; x_wconf 91' lang='lat' dir='ltr'><strong>id</strong></span> <span class='ocrx_word' id='word_1_199' title='bbox 1939 2684 2090 2756; x_wconf 90' lang='lat' dir='ltr'><strong>quod</strong></span> <span class='ocrx_word' id='word_1_200' title='bbox 2125 2685 2252 2756; x_wconf 87' lang='lat' dir='ltr'><strong>styli</strong></span> <span class='ocrx_word' id='word_1_201' title='bbox 2291 2699 2512 2755; x_wconf 89' lang='lat' dir='ltr'><strong>quoque</strong></span> <span class='ocrx_word' id='word_1_202' title='bbox 2551 2683 2970 2752; x_wconf 75' lang='lat' dir='ltr'><strong>narrationisque</strong></span> 
     </span>
     <span class='ocr_line' id='line_1_20' title="bbox 460 2771 2404 2847; baseline -0.003 -16"><span class='ocrx_word' id='word_1_203' title='bbox 460 2772 785 2842; x_wconf 83' lang='lat' dir='ltr'><strong>similitudo,</strong></span> <span class='ocrx_word' id='word_1_204' title='bbox 830 2791 971 2847; x_wconf 90' lang='lat' dir='ltr'><strong>quae</strong></span> <span class='ocrx_word' id='word_1_205' title='bbox 1000 2775 1057 2830; x_wconf 91' lang='lat' dir='ltr'><strong>in</strong></span> <span class='ocrx_word' id='word_1_206' title='bbox 1082 2783 1315 2845; x_wconf 86' lang='lat' dir='ltr'><strong>utroque</strong></span> <span class='ocrx_word' id='word_1_207' title='bbox 1338 2773 1478 2829; x_wconf 89' lang='lat' dir='ltr'><strong>libro</strong></span> <span class='ocrx_word' id='word_1_208' title='bbox 1508 2771 1961 2844; x_wconf 82' lang='lat' dir='ltr'><strong>deprehenditur,</strong></span> <span class='ocrx_word' id='word_1_209' title='bbox 1989 2773 2120 2828; x_wconf 86' lang='lat' dir='ltr'><strong>satis</strong></span> <span class='ocrx_word' id='word_1_210' title='bbox 2144 2771 2404 2828; x_wconf 86' lang='lat' dir='ltr'><strong>ostendit.</strong></span> 
     </span>
    </p>
   </div>
   <div class='ocr_carea' id='block_1_7' title="bbox 455 2920 2976 3464">
    <p class='ocr_par' dir='ltr' id='par_1_7' title="bbox 455 2920 2976 3464">
     <span class='ocr_line' id='line_1_21' title="bbox 534 2920 2974 3000; baseline -0.004 -15"><span class='ocrx_word' id='word_1_211' title='bbox 534 2928 594 2985; x_wconf 74' lang='lat'><strong>2.</strong></span> <span class='ocrx_word' id='word_1_212' title='bbox 624 2953 707 2968; x_wconf 84' lang='lat'><em>—-—-</em></span> <span class='ocrx_word' id='word_1_213' title='bbox 732 2924 883 2984; x_wconf 89' lang='lat' dir='ltr'><strong>Inde</strong></span> <span class='ocrx_word' id='word_1_214' title='bbox 920 2925 997 2983; x_wconf 89' lang='lat' dir='ltr'><strong>ab</strong></span> <span class='ocrx_word' id='word_1_215' title='bbox 1044 2923 1389 3000; x_wconf 89' lang='lat' dir='ltr'><strong>apostolica</strong></span> <span class='ocrx_word' id='word_1_216' title='bbox 1428 2925 1634 2981; x_wconf 84' lang='lat' dir='ltr'><strong>aetate</strong></span> <span class='ocrx_word' id='word_1_217' title='bbox 1683 2924 1874 2981; x_wconf 87' lang='lat' dir='ltr'><strong>Actus</strong></span> <span class='ocrx_word' id='word_1_218' title='bbox 1922 2923 1984 2981; x_wconf 89' lang='lat' dir='ltr'><strong>in</strong></span> <span class='ocrx_word' id='word_1_219' title='bbox 2023 2921 2299 2981; x_wconf 85' lang='lat' dir='ltr'><strong>Ecclesia</strong></span> <span class='ocrx_word' id='word_1_220' title='bbox 2328 2939 2442 2999; x_wconf 89' lang='lat' dir='ltr'><strong>pro</strong></span> <span class='ocrx_word' id='word_1_221' title='bbox 2487 2921 2655 2981; x_wconf 88' lang='lat' dir='ltr'><strong>libro</strong></span> <span class='ocrx_word' id='word_1_222' title='bbox 2692 2920 2974 2981; x_wconf 75' lang='lat' dir='ltr'><strong>divinitus</strong></span> 
     </span>
     <span class='ocr_line' id='line_1_22' title="bbox 461 3016 2972 3098; baseline -0.003 -17"><span class='ocrx_word' id='word_1_223' title='bbox 461 3022 766 3098; x_wconf 86' lang='lat' dir='ltr'><strong>inspirato</strong></span> <span class='ocrx_word' id='word_1_224' title='bbox 810 3036 945 3080; x_wconf 90' lang='lat' dir='ltr'><strong>esse</strong></span> <span class='ocrx_word' id='word_1_225' title='bbox 974 3023 1293 3096; x_wconf 75' lang='lat' dir='ltr'><strong>recept08‚</strong></span> <span class='ocrx_word' id='word_1_226' title='bbox 1326 3018 1617 3077; x_wconf 81' lang='lat' dir='ltr'><strong>Eusebius</strong></span> <span class='ocrx_word' id='word_1_227' title='bbox 1659 3022 1923 3078; x_wconf 82' lang='lat' dir='ltr'><strong>testatur</strong></span> <span class='ocrx_word' id='word_1_228' title='bbox 1966 3018 2106 3076; x_wconf 88' lang='lat' dir='ltr'><strong>illos</strong></span> <span class='ocrx_word' id='word_1_229' title='bbox 2137 3019 2300 3077; x_wconf 89' lang='lat' dir='ltr'><strong>inter</strong></span> <span class='ocrx_word' id='word_1_230' title='bbox 2339 3018 2404 3074; x_wconf 78' lang='grc' dir='ltr'><strong>τὰ</strong></span> <span class='ocrx_word' id='word_1_231' title='bbox 2449 3016 2856 3093; x_wconf 70' lang='grc' dir='ltr'>ὁμολογούμενα</span> <span class='ocrx_word' id='word_1_232' title='bbox 2893 3031 2972 3074; x_wconf 76' lang='lat' dir='ltr'><strong>re-</strong></span> 
     </span>
     <span class='ocr_line' id='line_1_23' title="bbox 455 3113 2970 3193; baseline -0.003 -17"><span class='ocrx_word' id='word_1_233' title='bbox 455 3135 739 3178; x_wconf 78' lang='lat' dir='ltr'><strong>censens,</strong></span> <span class='ocrx_word' id='word_1_234' title='bbox 796 3119 1036 3176; x_wconf 84' lang='lat' dir='ltr'><strong>Revera</strong></span> <span class='ocrx_word' id='word_1_235' title='bbox 1074 3117 1142 3174; x_wconf 89' lang='lat' dir='ltr'><strong>in</strong></span> <span class='ocrx_word' id='word_1_236' title='bbox 1192 3115 1638 3193; x_wconf 81' lang='lat' dir='ltr'><strong>superstitibus</strong></span> <span class='ocrx_word' id='word_1_237' title='bbox 1687 3117 1940 3174; x_wconf 86' lang='lat' dir='ltr'><strong>Patrum</strong></span> <span class='ocrx_word' id='word_1_238' title='bbox 1982 3113 2474 3192; x_wconf 86' lang='lat' dir='ltr'><strong>apostolicorum</strong></span> <span class='ocrx_word' id='word_1_239' title='bbox 2523 3115 2890 3191; x_wconf 87' lang='lat' dir='ltr'><strong>saeculique</strong></span> <span class='ocrx_word' id='word_1_240' title='bbox 2927 3114 2970 3168; x_wconf 73' lang='grc' dir='ltr'><strong>Ξ.</strong></span> 
     </span>
     <span class='ocr_line' id='line_1_24' title="bbox 456 3211 2976 3290; baseline -0.003 -18"><span class='ocrx_word' id='word_1_241' title='bbox 456 3214 925 3290; x_wconf 87' lang='lat' dir='ltr'><strong>apologetarum</strong></span> <span class='ocrx_word' id='word_1_242' title='bbox 972 3211 1267 3288; x_wconf 90' lang='lat' dir='ltr'><strong>operibus</strong></span> <span class='ocrx_word' id='word_1_243' title='bbox 1312 3229 1439 3271; x_wconf 91' lang='lat' dir='ltr'><strong>non</strong></span> <span class='ocrx_word' id='word_1_244' title='bbox 1481 3211 1708 3270; x_wconf 83' lang='lat' dir='ltr'><strong>desunt</strong></span> <span class='ocrx_word' id='word_1_245' title='bbox 1745 3215 1981 3280; x_wconf 82' lang='lat' dir='ltr'><strong>textuS,</strong></span> <span class='ocrx_word' id='word_1_246' title='bbox 2018 3211 2244 3287; x_wconf 86' lang='lat' dir='ltr'><strong>quibus</strong></span> <span class='ocrx_word' id='word_1_247' title='bbox 2273 3211 2529 3271; x_wconf 87' lang='lat' dir='ltr'><strong>Eusebii</strong></span> <span class='ocrx_word' id='word_1_248' title='bbox 2557 3211 2976 3270; x_wconf 88' lang='lat' dir='ltr'><strong>testimonium</strong></span> 
     </span>
     <span class='ocr_line' id='line_1_25' title="bbox 456 3306 2976 3386; baseline -0.001 -19"><span class='ocrx_word' id='word_1_249' title='bbox 456 3310 889 3381; x_wconf 87' lang='lat' dir='ltr'><strong>confirmatur;</strong></span> <span class='ocrx_word' id='word_1_250' title='bbox 924 3311 1109 3385; x_wconf 89' lang='lat' dir='ltr'><strong>atque</strong></span> <span class='ocrx_word' id='word_1_251' title='bbox 1139 3307 1262 3386; x_wconf 90' lang='lat' dir='ltr'><strong>ipsi</strong></span> <span class='ocrx_word' id='word_1_252' title='bbox 1292 3307 1721 3384; x_wconf 84' lang='lat' dir='ltr'><strong>antiquissimi</strong></span> <span class='ocrx_word' id='word_1_253' title='bbox 1745 3306 2042 3367; x_wconf 84' lang='lat' dir='ltr'><strong>haeretici</strong></span> <span class='ocrx_word' id='word_1_254' title='bbox 2075 3307 2296 3366; x_wconf 87' lang='lat' dir='ltr'><strong>saltem</strong></span> <span class='ocrx_word' id='word_1_255' title='bbox 2325 3307 2636 3367; x_wconf 86' lang='lat' dir='ltr'><strong>indirecte</strong></span> <span class='ocrx_word' id='word_1_256' title='bbox 2661 3311 2976 3366; x_wconf 83' lang='lat' dir='ltr'><strong>testantur.</strong></span> 
     </span>
     <span class='ocr_line' id='line_1_26' title="bbox 456 3403 1972 3464; baseline 0 -2"><span class='ocrx_word' id='word_1_257' title='bbox 456 3407 649 3464; x_wconf 86' lang='lat' dir='ltr'><strong>Actus</strong></span> <span class='ocrx_word' id='word_1_258' title='bbox 680 3403 928 3464; x_wconf 87' lang='lat' dir='ltr'><strong>saeculo</strong></span> <span class='ocrx_word' id='word_1_259' title='bbox 956 3407 1013 3462; x_wconf 77' lang='lat'><strong>⁶2..</strong></span> <span class='ocrx_word' id='word_1_260' title='bbox 1047 3405 1114 3463; x_wconf 90' lang='lat' dir='ltr'><strong>in</strong></span> <span class='ocrx_word' id='word_1_261' title='bbox 1142 3403 1459 3463; x_wconf 90' lang='lat' dir='ltr'><strong>Ecclesiae</strong></span> <span class='ocrx_word' id='word_1_262' title='bbox 1490 3420 1728 3463; x_wconf 89' lang='lat' dir='ltr'><strong>canone</strong></span> <span class='ocrx_word' id='word_1_263' title='bbox 1757 3403 1972 3463; x_wconf 82' lang='lat' dir='ltr'><strong>fuisse.</strong></span> 
     </span>
    </p>
   </div>
   <div class='ocr_carea' id='block_1_8' title="bbox 454 3514 2992 4730">
    <p class='ocr_par' dir='ltr' id='par_1_8' title="bbox 454 3514 2983 4112">
     <span class='ocr_line' id='line_1_27' title="bbox 525 3514 2980 3589; baseline -0 -19"><span class='ocrx_word' id='word_1_264' title='bbox 525 3515 803 3586; x_wconf 84' lang='lat' dir='ltr'><strong>Quoniam</strong></span> <span class='ocrx_word' id='word_1_265' title='bbox 826 3516 1114 3585; x_wconf 83' lang='lat' dir='ltr'><strong>EusebiuS,</strong></span> <span class='ocrx_word' id='word_1_266' title='bbox 1146 3514 1600 3588; x_wconf 81' lang='lat' dir='ltr'><strong>diligentissimus</strong></span> <span class='ocrx_word' id='word_1_267' title='bbox 1635 3515 1978 3586; x_wconf 89' lang='lat' dir='ltr'><strong>antiquitatis</strong></span> <span class='ocrx_word' id='word_1_268' title='bbox 2021 3517 2400 3589; x_wconf 85' lang='lat' dir='ltr'><strong>investigator,</strong></span> <span class='ocrx_word' id='word_1_269' title='bbox 2443 3516 2561 3572; x_wconf 85' lang='lat' dir='ltr'><strong>sine</strong></span> <span class='ocrx_word' id='word_1_270' title='bbox 2597 3517 2718 3574; x_wconf 86' lang='lat' dir='ltr'><strong>ulla</strong></span> <span class='ocrx_word' id='word_1_271' title='bbox 2757 3517 2980 3572; x_wconf 56' lang='lat' dir='ltr'><strong>haesita-</strong></span> 
     </span>
     <span class='ocr_line' id='line_1_28' title="bbox 454 3602 2969 3676; baseline -0.002 -17"><span class='ocrx_word' id='word_1_272' title='bbox 454 3604 607 3660; x_wconf 87' lang='lat' dir='ltr'><strong>tione</strong></span> <span class='ocrx_word' id='word_1_273' title='bbox 630 3607 803 3658; x_wconf 85' lang='lat' dir='ltr'><strong>Actus</strong></span> <span class='ocrx_word' id='word_1_274' title='bbox 832 3603 1040 3675; x_wconf 85' lang='lat' dir='ltr'><strong>primae</strong></span> <span class='ocrx_word' id='word_1_275' title='bbox 1069 3619 1199 3658; x_wconf 90' lang='lat' dir='ltr'><strong>suae</strong></span> <span class='ocrx_word' id='word_1_276' title='bbox 1222 3602 1385 3658; x_wconf 90' lang='lat' dir='ltr'><strong>classi</strong></span> <span class='ocrx_word' id='word_1_277' title='bbox 1407 3604 1600 3658; x_wconf 89' lang='lat' dir='ltr'><strong>inserit</strong></span> <span class='ocrx_word' id='word_1_278' title='bbox 1637 3603 1738 3671; x_wconf 79' lang='lat' dir='ltr'><strong>(cfr</strong></span> <span class='ocrx_word' id='word_1_279' title='bbox 1760 3603 1907 3658; x_wconf 87' lang='lat' dir='ltr'><strong>Diss.</strong></span> <span class='ocrx_word' id='word_1_280' title='bbox 1938 3605 1980 3659; x_wconf 92' lang='lat'><strong>1.</strong></span> <span class='ocrx_word' id='word_1_281' title='bbox 2005 3603 2036 3676; x_wconf 67' lang='grc' dir='ltr'><strong>ἓ</strong></span> <span class='ocrx_word' id='word_1_282' title='bbox 2064 3610 2116 3660; x_wconf 83' lang='grc'><strong>6.</strong></span> <span class='ocrx_word' id='word_1_283' title='bbox 2150 3621 2203 3676; x_wconf 90' lang='lat' dir='ltr'><strong>p.</strong></span> <span class='ocrx_word' id='word_1_284' title='bbox 2233 3611 2304 3660; x_wconf 83' lang='grc'><strong>43</strong></span> <span class='ocrx_word' id='word_1_285' title='bbox 2333 3609 2463 3676; x_wconf 89' lang='lat' dir='ltr'><strong>sq.),</strong></span> <span class='ocrx_word' id='word_1_286' title='bbox 2492 3606 2727 3660; x_wconf 84' lang='lat' dir='ltr'><strong>omnino</strong></span> <span class='ocrx_word' id='word_1_287' title='bbox 2759 3613 2969 3660; x_wconf 75' lang='lat' dir='ltr'><strong>constat</strong></span> 
     </span>
     <span class='ocr_line' id='line_1_29' title="bbox 454 3691 2980 3764; baseline 0 -18"><span class='ocrx_word' id='word_1_288' title='bbox 454 3693 514 3747; x_wconf 91' lang='lat' dir='ltr'><strong>in</strong></span> <span class='ocrx_word' id='word_1_289' title='bbox 526 3691 753 3747; x_wconf 86' lang='lat' dir='ltr'><strong>vetustis</strong></span> <span class='ocrx_word' id='word_1_290' title='bbox 778 3692 1059 3747; x_wconf 88' lang='lat' dir='ltr'><strong>Ecclesiae</strong></span> <span class='ocrx_word' id='word_1_291' title='bbox 1074 3691 1451 3747; x_wconf 89' lang='lat' dir='ltr'><strong>monumentis</strong></span> <span class='ocrx_word' id='word_1_292' title='bbox 1468 3707 1584 3746; x_wconf 90' lang='lat' dir='ltr'><strong>non</strong></span> <span class='ocrx_word' id='word_1_293' title='bbox 1606 3699 1826 3747; x_wconf 88' lang='lat' dir='ltr'><strong>tantum</strong></span> <span class='ocrx_word' id='word_1_294' title='bbox 1847 3691 1986 3746; x_wconf 86' lang='lat' dir='ltr'><strong>nihil</strong></span> <span class='ocrx_word' id='word_1_295' title='bbox 2013 3692 2267 3761; x_wconf 85' lang='lat' dir='ltr'><strong>inveniri,</strong></span> <span class='ocrx_word' id='word_1_296' title='bbox 2289 3692 2442 3764; x_wconf 87' lang='lat' dir='ltr'><strong>quod</strong></span> <span class='ocrx_word' id='word_1_297' title='bbox 2455 3691 2526 3748; x_wconf 90' lang='lat' dir='ltr'><strong>de</strong></span> <span class='ocrx_word' id='word_1_298' title='bbox 2551 3709 2752 3749; x_wconf 85' lang='lat' dir='ltr'><strong>eorum</strong></span> <span class='ocrx_word' id='word_1_299' title='bbox 2771 3693 2980 3748; x_wconf 77' lang='lat' dir='ltr'><strong>authen-</strong></span> 
     </span>
     <span class='ocr_line' id='line_1_30' title="bbox 456 3777 2982 3852; baseline -0.001 -18"><span class='ocrx_word' id='word_1_300' title='bbox 456 3780 533 3834; x_wconf 89' lang='lat' dir='ltr'><strong>tia</strong></span> <span class='ocrx_word' id='word_1_301' title='bbox 556 3778 763 3835; x_wconf 87' lang='lat' dir='ltr'><strong>iustam</strong></span> <span class='ocrx_word' id='word_1_302' title='bbox 784 3777 1187 3835; x_wconf 87' lang='lat' dir='ltr'><strong>dubitationem</strong></span> <span class='ocrx_word' id='word_1_303' title='bbox 1222 3795 1521 3850; x_wconf 83' lang='lat' dir='ltr'><strong>provocare</strong></span> <span class='ocrx_word' id='word_1_304' title='bbox 1557 3779 1744 3850; x_wconf 87' lang='lat' dir='ltr'><strong>possit,</strong></span> <span class='ocrx_word' id='word_1_305' title='bbox 1777 3779 1875 3834; x_wconf 90' lang='lat' dir='ltr'><strong>sed</strong></span> <span class='ocrx_word' id='word_1_306' title='bbox 1911 3780 2225 3836; x_wconf 86' lang='lat' dir='ltr'><strong>testimonia</strong></span> <span class='ocrx_word' id='word_1_307' title='bbox 2249 3795 2366 3835; x_wconf 90' lang='lat' dir='ltr'><strong>non</strong></span> <span class='ocrx_word' id='word_1_308' title='bbox 2393 3779 2605 3848; x_wconf 85' lang='lat' dir='ltr'><strong>deesse,</strong></span> <span class='ocrx_word' id='word_1_309' title='bbox 2647 3798 2799 3852; x_wconf 86' lang='lat' dir='ltr'><strong>quae</strong></span> <span class='ocrx_word' id='word_1_310' title='bbox 2839 3783 2888 3836; x_wconf 88' lang='lat' dir='ltr'><strong>ei</strong></span> <span class='ocrx_word' id='word_1_311' title='bbox 2919 3777 2982 3832; x_wconf 77' lang='lat' dir='ltr'><strong>la-</strong></span> 
     </span>
     <span class='ocr_line' id='line_1_31' title="bbox 458 3865 2980 3939; baseline 0.001 -21"><span class='ocrx_word' id='word_1_312' title='bbox 458 3875 639 3922; x_wconf 85' lang='lat' dir='ltr'><strong>veant.</strong></span> <span class='ocrx_word' id='word_1_313' title='bbox 690 3868 755 3922; x_wconf 90' lang='lat' dir='ltr'><strong>In</strong></span> <span class='ocrx_word' id='word_1_314' title='bbox 808 3865 1192 3939; x_wconf 88' lang='lat' dir='ltr'><strong>superstitibus</strong></span> <span class='ocrx_word' id='word_1_315' title='bbox 1240 3866 1463 3938; x_wconf 89' lang='lat' dir='ltr'><strong>quidem</strong></span> <span class='ocrx_word' id='word_1_316' title='bbox 1508 3869 1740 3922; x_wconf 74' lang='lat' dir='ltr'><strong>Pati-um</strong></span> <span class='ocrx_word' id='word_1_317' title='bbox 1793 3867 2224 3938; x_wconf 89' lang='lat' dir='ltr'><strong>apostolicorum</strong></span> <span class='ocrx_word' id='word_1_318' title='bbox 2275 3868 2534 3939; x_wconf 87' lang='lat' dir='ltr'><strong>operibus</strong></span> <span class='ocrx_word' id='word_1_319' title='bbox 2585 3871 2885 3939; x_wconf 84' lang='lat' dir='ltr'><strong>pauciores</strong></span> <span class='ocrx_word' id='word_1_320' title='bbox 2929 3867 2980 3920; x_wconf 79' lang='lat' dir='ltr'><strong>d·</strong></span> 
     </span>
     <span class='ocr_line' id='line_1_32' title="bbox 456 3953 2983 4026; baseline 0 -17"><span class='ocrx_word' id='word_1_321' title='bbox 456 3957 660 4024; x_wconf 77' lang='lat' dir='ltr'><strong>ActuS,</strong></span> <span class='ocrx_word' id='word_1_322' title='bbox 703 3971 874 4026; x_wconf 90' lang='lat' dir='ltr'><strong>quam</strong></span> <span class='ocrx_word' id='word_1_323' title='bbox 914 3953 985 4009; x_wconf 87' lang='lat' dir='ltr'><strong>ad</strong></span> <span class='ocrx_word' id='word_1_324' title='bbox 1015 3954 1340 4025; x_wconf 86' lang='lat' dir='ltr'><strong>Evangelia,</strong></span> <span class='ocrx_word' id='word_1_325' title='bbox 1368 3955 1721 4026; x_wconf 88' lang='lat' dir='ltr'><strong>reperiuntur</strong></span> <span class='ocrx_word' id='word_1_326' title='bbox 1759 3954 2084 4020; x_wconf 80' lang='lat' dir='ltr'><strong>allusioneS,</strong></span> <span class='ocrx_word' id='word_1_327' title='bbox 2127 3955 2222 4011; x_wconf 89' lang='lat' dir='ltr'><strong>sed</strong></span> <span class='ocrx_word' id='word_1_328' title='bbox 2267 3955 2339 4010; x_wconf 92' lang='lat' dir='ltr'><strong>ad</strong></span> <span class='ocrx_word' id='word_1_329' title='bbox 2369 3955 2592 4011; x_wconf 87' lang='lat' dir='ltr'><strong>Eusebii</strong></span> <span class='ocrx_word' id='word_1_330' title='bbox 2621 3959 2983 4015; x_wconf 67' lang='lat' dir='ltr'><strong>testimoninm}</strong></span> 
     </span>
     <span class='ocr_line' id='line_1_33' title="bbox 454 4040 1405 4112; baseline 0.003 -17"><span class='ocrx_word' id='word_1_331' title='bbox 454 4042 897 4098; x_wconf 83' lang='lat' dir='ltr'><strong>confirmandum</strong></span> <span class='ocrx_word' id='word_1_332' title='bbox 924 4043 1084 4112; x_wconf 86' lang='lat' dir='ltr'><strong>plane</strong></span> <span class='ocrx_word' id='word_1_333' title='bbox 1108 4040 1405 4098; x_wconf 86' lang='lat' dir='ltr'><strong>sufficiunt.</strong></span> 
     </span>
    </p>

    <p class='ocr_par' dir='ltr' id='par_1_9' title="bbox 458 4129 2992 4730">
     <span class='ocr_line' id='line_1_34' title="bbox 526 4129 2984 4210; baseline 0.003 -24"><span class='ocrx_word' id='word_1_334' title='bbox 526 4133 585 4187; x_wconf 87' lang='lat' dir='ltr'><strong>S.</strong></span> <span class='ocrx_word' id='word_1_335' title='bbox 620 4129 875 4185; x_wconf 75' lang='lat' dir='ltr'><strong>Clemens</strong></span> <span class='ocrx_word' id='word_1_336' title='bbox 902 4135 1056 4184; x_wconf 81' lang='lat' dir='ltr'><strong>Rom.</strong></span> <span class='ocrx_word' id='word_1_337' title='bbox 1090 4135 1136 4197; x_wconf 85' lang='lat'><strong>(1</strong></span> <span class='ocrx_word' id='word_1_338' title='bbox 1175 4130 1301 4184; x_wconf 89' lang='lat' dir='ltr'><strong>Cor.</strong></span> <span class='ocrx_word' id='word_1_339' title='bbox 1336 4133 1414 4197; x_wconf 82' lang='lat'><strong>2.)</strong></span> <span class='ocrx_word' id='word_1_340' title='bbox 1438 4129 1756 4186; x_wconf 83' lang='lat' dir='ltr'><strong>Corinthios</strong></span> <span class='ocrx_word' id='word_1_341' title='bbox 1783 4129 2041 4200; x_wconf 86' lang='lat' dir='ltr'><strong>laudans,</strong></span> <span class='ocrx_word' id='word_1_342' title='bbox 2077 4130 2228 4202; x_wconf 89' lang='lat' dir='ltr'><strong>quod</strong></span> <span class='ocrx_word' id='word_1_343' title='bbox 2263 4151 2288 4183; x_wconf 83' lang='grc'><strong>«</strong></span> <span class='ocrx_word' id='word_1_344' title='bbox 2315 4131 2578 4188; x_wconf 88' lang='lat' dir='ltr'><strong>libentius</strong></span> <span class='ocrx_word' id='word_1_345' title='bbox 2605 4133 2816 4192; x_wconf 86' lang='lat' dir='ltr'><strong>darent</strong></span> <span class='ocrx_word' id='word_1_346' title='bbox 2839 4152 2984 4210; x_wconf 76' lang='lat' dir='ltr'><strong>quam</strong></span> 
     </span>
     <span class='ocr_line' id='line_1_35' title="bbox 458 4216 2986 4298; baseline 0.002 -26"><span class='ocrx_word' id='word_1_347' title='bbox 458 4219 769 4287; x_wconf 87' lang='lat' dir='ltr'><strong>acciperent</strong></span> <span class='ocrx_word' id='word_1_348' title='bbox 790 4239 840 4286; x_wconf 84' lang='lat'><strong>»,</strong></span> <span class='ocrx_word' id='word_1_349' title='bbox 874 4234 1006 4288; x_wconf 87' lang='lat' dir='ltr'><strong>prae</strong></span> <span class='ocrx_word' id='word_1_350' title='bbox 1024 4217 1197 4273; x_wconf 91' lang='lat' dir='ltr'><strong>oculis</strong></span> <span class='ocrx_word' id='word_1_351' title='bbox 1218 4216 1409 4272; x_wconf 86' lang='lat' dir='ltr'><strong>habuit</strong></span> <span class='ocrx_word' id='word_1_352' title='bbox 1432 4223 1559 4274; x_wconf 75' lang='lat' dir='ltr'><strong>Act.</strong></span> <span class='ocrx_word' id='word_1_353' title='bbox 1594 4223 1786 4287; x_wconf 82' lang='lat'><strong>20,35;</strong></span> <span class='ocrx_word' id='word_1_354' title='bbox 1819 4227 2004 4274; x_wconf 89' lang='lat' dir='ltr'><strong>certae</strong></span> <span class='ocrx_word' id='word_1_355' title='bbox 2031 4233 2254 4291; x_wconf 87' lang='lat' dir='ltr'><strong>quoque</strong></span> <span class='ocrx_word' id='word_1_356' title='bbox 2277 4228 2408 4275; x_wconf 85' lang='lat' dir='ltr'><strong>sunt</strong></span> <span class='ocrx_word' id='word_1_357' title='bbox 2425 4221 2724 4278; x_wconf 85' lang='lat' dir='ltr'><strong>allusiones</strong></span> <span class='ocrx_word' id='word_1_358' title='bbox 2743 4227 2808 4282; x_wconf 90' lang='lat' dir='ltr'><strong>S.</strong></span> <span class='ocrx_word' id='word_1_359' title='bbox 2831 4229 2986 4298; x_wconf 63' lang='lat' dir='ltr'><strong>Iona·</strong></span> 
     </span>
     <span class='ocr_line' id='line_1_36' title="bbox 458 4305 2984 4378; baseline 0.001 -18"><span class='ocrx_word' id='word_1_360' title='bbox 458 4308 537 4360; x_wconf 73' lang='lat' dir='ltr'><strong>tiz·</strong></span> <span class='ocrx_word' id='word_1_361' title='bbox 580 4309 661 4358; x_wconf 89' lang='lat' dir='ltr'><strong>M.</strong></span> <span class='ocrx_word' id='word_1_362' title='bbox 703 4305 940 4378; x_wconf 86' lang='lat' dir='ltr'><strong>(Smyrn.</strong></span> <span class='ocrx_word' id='word_1_363' title='bbox 983 4312 1035 4360; x_wconf 84' lang='lat'><strong>3.</strong></span> <span class='ocrx_word' id='word_1_364' title='bbox 1080 4306 1353 4360; x_wconf 91' lang='lat' dir='ltr'><strong>Dominus</strong></span> <span class='ocrx_word' id='word_1_365' title='bbox 1394 4313 1517 4375; x_wconf 90' lang='lat' dir='ltr'><strong>post</strong></span> <span class='ocrx_word' id='word_1_366' title='bbox 1560 4305 2024 4361; x_wconf 87' lang='lat' dir='ltr'><strong>resurrectionem</strong></span> <span class='ocrx_word' id='word_1_367' title='bbox 2059 4309 2391 4378; x_wconf 78' lang='grc' dir='ltr'>συνέφαγεν</span> <span class='ocrx_word' id='word_1_368' title='bbox 2421 4307 2523 4360; x_wconf 78' lang='grc' dir='ltr'><strong>καὶ</strong></span> <span class='ocrx_word' id='word_1_369' title='bbox 2551 4312 2846 4366; x_wconf 67' lang='grc' dir='ltr'><strong>ουνέπιεν</strong></span> <span class='ocrx_word' id='word_1_370' title='bbox 2881 4327 2984 4370; x_wconf 76' lang='lat' dir='ltr'><strong>cum</strong></span> 
     </span>
     <span class='ocr_line' id='line_1_37' title="bbox 458 4390 2986 4473; baseline 0.004 -25"><span class='ocrx_word' id='word_1_371' title='bbox 458 4392 738 4464; x_wconf 84' lang='lat' dir='ltr'><strong>Apostolis</strong></span> <span class='ocrx_word' id='word_1_372' title='bbox 756 4392 837 4448; x_wconf 83' lang='lat' dir='ltr'><strong>cfr</strong></span> <span class='ocrx_word' id='word_1_373' title='bbox 861 4399 985 4449; x_wconf 82' lang='lat' dir='ltr'><strong>Act.</strong></span> <span class='ocrx_word' id='word_1_374' title='bbox 1021 4399 1209 4462; x_wconf 84' lang='lat'><strong>10,41;</strong></span> <span class='ocrx_word' id='word_1_375' title='bbox 1236 4395 1426 4465; x_wconf 87' lang='lat' dir='ltr'><strong>Magn.</strong></span> <span class='ocrx_word' id='word_1_376' title='bbox 1454 4398 1487 4448; x_wconf 88' lang='lat'><strong>5</strong></span> <span class='ocrx_word' id='word_1_377' title='bbox 1508 4390 1575 4453; x_wconf 85' lang='grc' dir='ltr'><strong>εἰς</strong></span> <span class='ocrx_word' id='word_1_378' title='bbox 1599 4391 1684 4444; x_wconf 78' lang='grc' dir='ltr'><strong>τὸν</strong></span> <span class='ocrx_word' id='word_1_379' title='bbox 1711 4391 1835 4446; x_wconf 80' lang='grc' dir='ltr'>ἴδιον</span> <span class='ocrx_word' id='word_1_380' title='bbox 1863 4394 2014 4446; x_wconf 77' lang='grc' dir='ltr'>τόπον</span> <span class='ocrx_word' id='word_1_381' title='bbox 2045 4393 2128 4449; x_wconf 81' lang='lat' dir='ltr'><strong>cfr</strong></span> <span class='ocrx_word' id='word_1_382' title='bbox 2147 4397 2274 4450; x_wconf 83' lang='lat' dir='ltr'><strong>Act.</strong></span> <span class='ocrx_word' id='word_1_383' title='bbox 2307 4399 2476 4464; x_wconf 79' lang='lat'><strong>1,25),</strong></span> <span class='ocrx_word' id='word_1_384' title='bbox 2507 4405 2564 4452; x_wconf 86' lang='lat' dir='ltr'><strong>et</strong></span> <span class='ocrx_word' id='word_1_385' title='bbox 2585 4397 2645 4453; x_wconf 91' lang='lat' dir='ltr'><strong>S.</strong></span> <span class='ocrx_word' id='word_1_386' title='bbox 2671 4401 2986 4473; x_wconf 71' lang='lat' dir='ltr'><strong>Polycarpi</strong></span> 
     </span>
     <span class='ocr_line' id='line_1_38' title="bbox 461 4479 2988 4558; baseline 0.001 -22"><span class='ocrx_word' id='word_1_387' title='bbox 461 4479 553 4547; x_wconf 88' lang='lat' dir='ltr'><strong>(ad</strong></span> <span class='ocrx_word' id='word_1_388' title='bbox 582 4479 725 4534; x_wconf 86' lang='lat' dir='ltr'><strong>Phil.</strong></span> <span class='ocrx_word' id='word_1_389' title='bbox 754 4487 776 4535; x_wconf 85' lang='lat'><strong>¹</strong></span> <span class='ocrx_word' id='word_1_390' title='bbox 812 4497 827 4534; x_wconf 89' lang='lat'>:</span> <span class='ocrx_word' id='word_1_391' title='bbox 854 4496 1021 4550; x_wconf 88' lang='lat' dir='ltr'><strong>quem</strong></span> <span class='ocrx_word' id='word_1_392' title='bbox 1049 4482 1199 4536; x_wconf 89' lang='lat' dir='ltr'><strong>Deus</strong></span> <span class='ocrx_word' id='word_1_393' title='bbox 1233 4480 1579 4535; x_wconf 84' lang='lat' dir='ltr'><strong>resuscitavit</strong></span> <span class='ocrx_word' id='word_1_394' title='bbox 1609 4479 1760 4542; x_wconf 73' lang='grc' dir='ltr'>λύσας</span> <span class='ocrx_word' id='word_1_395' title='bbox 1789 4479 1874 4542; x_wconf 76' lang='grc' dir='ltr'><strong>τὰς</strong></span> <span class='ocrx_word' id='word_1_396' title='bbox 1899 4481 2081 4544; x_wconf 80' lang='grc' dir='ltr'>ὠδῖνας</span> <span class='ocrx_word' id='word_1_397' title='bbox 2107 4485 2192 4534; x_wconf 78' lang='grc' dir='ltr'><strong>τοῦ</strong></span> <span class='ocrx_word' id='word_1_398' title='bbox 2221 4483 2339 4553; x_wconf 77' lang='grc' dir='ltr'>ᾅδου</span> <span class='ocrx_word' id='word_1_399' title='bbox 2367 4483 2451 4539; x_wconf 79' lang='lat' dir='ltr'><strong>cfr</strong></span> <span class='ocrx_word' id='word_1_400' title='bbox 2481 4489 2612 4540; x_wconf 79' lang='lat' dir='ltr'><strong>Act.</strong></span> <span class='ocrx_word' id='word_1_401' title='bbox 2640 4492 2810 4558; x_wconf 72' lang='lat'>2‚24;</span> <span class='ocrx_word' id='word_1_402' title='bbox 2839 4491 2988 4546; x_wconf 76' lang='lat' dir='ltr'><strong>etiam</strong></span> 
     </span>
     <span class='ocr_line' id='line_1_39' title="bbox 459 4568 2986 4646; baseline 0.003 -24"><span class='ocrx_word' id='word_1_403' title='bbox 459 4568 605 4622; x_wconf 88' lang='lat' dir='ltr'><strong>Phil.</strong></span> <span class='ocrx_word' id='word_1_404' title='bbox 651 4574 684 4624; x_wconf 85' lang='lat'><strong>2</strong></span> <span class='ocrx_word' id='word_1_405' title='bbox 728 4576 783 4628; x_wconf 86' lang='lat' dir='ltr'><strong>et</strong></span> <span class='ocrx_word' id='word_1_406' title='bbox 814 4572 945 4624; x_wconf 84' lang='lat' dir='ltr'><strong>Act.</strong></span> <span class='ocrx_word' id='word_1_407' title='bbox 998 4574 1155 4636; x_wconf 80' lang='lat'><strong>10,42</strong></span> <span class='ocrx_word' id='word_1_408' title='bbox 1199 4571 1360 4637; x_wconf 86' lang='lat' dir='ltr'><strong>etc.);</strong></span> <span class='ocrx_word' id='word_1_409' title='bbox 1400 4577 1457 4623; x_wconf 87' lang='lat' dir='ltr'><strong>at</strong></span> <span class='ocrx_word' id='word_1_410' title='bbox 1490 4569 1766 4623; x_wconf 88' lang='lat' dir='ltr'><strong>incertum</strong></span> <span class='ocrx_word' id='word_1_411' title='bbox 1810 4576 1920 4639; x_wconf 88' lang='lat' dir='ltr'><strong>est,</strong></span> <span class='ocrx_word' id='word_1_412' title='bbox 1960 4586 2096 4625; x_wconf 89' lang='lat' dir='ltr'><strong>num</strong></span> <span class='ocrx_word' id='word_1_413' title='bbox 2141 4580 2335 4626; x_wconf 86' lang='lat' dir='ltr'><strong>auctor</strong></span> <span class='ocrx_word' id='word_1_414' title='bbox 2377 4573 2569 4627; x_wconf 81' lang='lat' dir='ltr'><strong>Doctr.</strong></span> <span class='ocrx_word' id='word_1_415' title='bbox 2605 4581 2826 4646; x_wconf 78' lang='lat' dir='ltr'><strong>Apost.</strong></span> <span class='ocrx_word' id='word_1_416' title='bbox 2877 4587 2908 4634; x_wconf 72' lang='lat'>4</span> <span class='ocrx_word' id='word_1_417' title='bbox 2949 4589 2986 4632; x_wconf 72' lang='lat' dir='ltr'><strong>et</strong></span> 
     </span>
     <span class='ocr_line' id='line_1_40' title="bbox 462 4653 2992 4730; baseline 0.006 -24"><span class='ocrx_word' id='word_1_418' title='bbox 462 4654 518 4707; x_wconf 91' lang='lat' dir='ltr'><strong>S.</strong></span> <span class='ocrx_word' id='word_1_419' title='bbox 558 4659 871 4720; x_wconf 67' lang='lat' dir='ltr'><strong>Barnabas</strong></span> <span class='ocrx_word' id='word_1_420' title='bbox 910 4653 1029 4725; x_wconf 85' lang='lat' dir='ltr'><strong>(Ep.</strong></span> <span class='ocrx_word' id='word_1_421' title='bbox 1065 4659 1148 4723; x_wconf 83' lang='lat'><strong>19)</strong></span> <span class='ocrx_word' id='word_1_422' title='bbox 1176 4654 1246 4710; x_wconf 91' lang='lat' dir='ltr'><strong>ad</strong></span> <span class='ocrx_word' id='word_1_423' title='bbox 1274 4661 1402 4712; x_wconf 83' lang='lat' dir='ltr'><strong>Act.</strong></span> <span class='ocrx_word' id='word_1_424' title='bbox 1438 4661 1568 4720; x_wconf 82' lang='grc'><strong>4,32</strong></span> <span class='ocrx_word' id='word_1_425' title='bbox 1606 4656 1907 4712; x_wconf 88' lang='lat' dir='ltr'><strong>alluserint.</strong></span> <span class='ocrx_word' id='word_1_426' title='bbox 1938 4658 2091 4713; x_wconf 88' lang='lat' dir='ltr'><strong>Inter</strong></span> <span class='ocrx_word' id='word_1_427' title='bbox 2126 4658 2443 4730; x_wconf 83' lang='lat' dir='ltr'><strong>apologetas</strong></span> <span class='ocrx_word' id='word_1_428' title='bbox 2467 4676 2607 4716; x_wconf 90' lang='lat' dir='ltr'><strong>saec.</strong></span> <span class='ocrx_word' id='word_1_429' title='bbox 2639 4668 2688 4716; x_wconf 80' lang='lat'><strong>2.</strong></span> <span class='ocrx_word' id='word_1_430' title='bbox 2725 4667 2787 4719; x_wconf 85' lang='lat' dir='ltr'><strong>S.</strong></span> <span class='ocrx_word' id='word_1_431' title='bbox 2821 4668 2992 4720; x_wconf 72' lang='lat' dir='ltr'><strong>Iusti·</strong></span> 
     </span>
    </p>
   </div>
   <div class='ocr_carea' id='block_1_9' title="bbox 3030 4287 3031 5161">
    <p class='ocr_par' dir='ltr' id='par_1_10' title="bbox 3030 4287 3031 5161">
     <span class='ocr_line' id='line_1_41' title="bbox 3030 4287 3031 5161; baseline 0 0"><span class='ocrx_word' id='word_1_432' title='bbox 3030 4287 3031 5161; x_wconf 95' lang='lat' dir='ltr'><strong> </strong></span> 
     </span>
    </p>
   </div>
  </div>
 </body>
</html>
