3050 5184
410 307 526 366 168
685 322 966 368 HISTORIA
1009 320 1359 367 EXEGESEOS.
1391 336 1472 345 --
1498 316 1629 361 GAP.
1678 318 1763 361 tv.
1809 298 2127 367 carneum
2170 322 2668 369 INTERPRETATIO.

415 455 483 516 C.
535 453 637 515 Fr.
693 454 1062 535 Houbiqant‚
1112 456 1333 531 Congr.
1383 452 1550 513 Orat.
1582 448 1653 530 (1-
1684 450 1913 531 1784.),
1952 470 2025 513 33
2060 456 2434 532 praesertim
2482 456 2529 515 1.
2572 456 2648 517 Β.
2698 458 2782 517 de
2815 458 2980 517 Rossi

411 550 478 629 (†
500 551 735 630 1831.);
759 553 946 612 utiles
966 552 1294 630 suppetias
1321 548 1653 625 interpreti
1680 548 2313 611 subministraverunt
2331 550 2448 611 Ios.
2476 554 2621 613 Sim.
2648 556 2981 613 Asse-mani

411 646 481 725 (†
511 645 716 726 1768.)
747 652 811 707 et
854 650 1024 708 Βίας.
1081 646 1323 723 qulim·
1371 643 1442 723 (†
1491 644 1731 720 1769.);
1784 644 2249 724 Scripturarum
2296 647 2697 709 divinitatem
2752 656 2981 709 contra

411 749 698 804 exortum
741 745 1236 805 rationalismum
1281 741 1488 802 valide
1538 740 1953 801 defenderunt
2001 742 2053 801 I.
2106 743 2211 803 Fr.
2262 743 2563 804 Marcbini
2600 744 2675 823 (ἧ-
2720 744 2973 823 nn),

411 841 487 900 H.
527 841 898 918 Goldkayen,
919 842 980 903 S.
1010 842 1054 901 1.
1091 839 1161 919 (·1·
1186 837 1413 917 1794),
1445 838 1625 897 Laur.
1658 836 1933 909 Veitk,s.
1962 839 2011 899 1.
2038 837 2106 919 (†
2136 838 2373 919 1796.);
2414 840 2582 901 haud
2618 843 2828 920 pauci
2874 842 2979 901 de·

412 954 588 999 mum
617 938 968 998 vernaculis
999 936 1228 1015 linguis
1259 934 1613 1013 Scripturas
1646 933 2038 1011 interpretati
2070 941 2132 995 et
2163 938 2572 997 commentati
2606 942 2790 998 sunt.

482 1062 548 1116 C.
579 1064 674 1115 Fr.
699 1059 1045 1131 Houbz'qant
1069 1067 1124 1113 et
1150 1061 1192 1115 I.
1214 1062 1282 1112 B.
1310 1057 1385 1113 de
1408 1058 1575 1113 Rossi
1595 1056 1771 1111 textui
1796 1056 2060 1113 hebraico
2082 1074 2244 1113 curas
2276 1073 2405 1115 suas
2428 1060 2650 1116 criticas
2676 1059 2973 1130 impende-

409 1156 568 1213 runt;
598 1147 746 1217 prior
764 1146 1066 1213 ingeniosis
1089 1154 1144 1201 et
1167 1144 1322 1201 haud
1344 1160 1471 1199 raro
1497 1142 1800 1199 audacibus
1823 1144 2157 1201 coniecturis
2176 1147 2638 1203 massorethicam
2662 1148 2971 1203 lectionem

410 1243 628 1290 mutare
661 1234 870 1305 potiuS,
899 1250 1068 1306 quam
1095 1232 1392 1289 emendare
1427 1231 1629 1299 voluit;
1662 1232 1801 1287 alter
1836 1232 2125 1289 meliorem
2164 1234 2311 1290 viam
2344 1234 2627 1305 ingressus
2656 1250 2735 1291 ex
2758 1236 2971 1306 ingemi

411 1321 668 1378 codicum
693 1322 1198 1394 manuscriptorum
1225 1329 1283 1376 31
1312 1319 1626 1375 versionum
1649 1320 1805 1391 copia
1832 1320 2019 1377 varias
2046 1322 2310 1377 lectiones
2331 1338 2535 1395 magna
2559 1338 2695 1379 cum
2720 1322 2967 1379 sollertia
3009 1388 3010 1391 Ἴ

411 1410 661 1483 collegit,
689 1418 856 1482 atque
883 1410 1052 1465 etiam
1075 1409 1267 1465 multis
1289 1406 1551 1479 operibus
1572 1406 1642 1463 de
1667 1408 2199 1464 commentatoribus
2222 1418 2279 1464 et
2306 1410 2682 1481 scriptoribus
2706 1409 2965 1466 iudaiciS.

413 1497 484 1553 de
504 1496 788 1553 codicibus
810 1506 865 1553 et
887 1496 1224 1553 editionibus
1255 1495 1526 1552 librorum
1560 1493 1952 1551 hebraicorum
1985 1504 2091 1552 etc.
2123 1496 2403 1569 variisque
2429 1498 2716 1569 opusculis
2742 1498 2819 1553 de
2843 1498 2967 1552 her·

413 1586 720 1643 meneutica
767 1600 924 1641 sacra
973 1593 1080 1641 etc.
1126 1583 1310 1639 studia
1349 1582 1757 1653 scripturistica
1796 1584 2091 1654 promovit.
2132 1586 2217 1640 De
2258 1585 2525 1659 Syrorum
2562 1584 2965 1657 interpretibus

418 1674 636 1746 egregie
659 1672 913 1729 tractavit
939 1674 1052 1728 Ios.
1077 1672 1223 1728 Sim.
1255 1670 1570 1727 Ass-emani
1591 1670 1651 1725 in
1677 1685 1880 1743 magna
1903 1686 2001 1727 sua
2030 1691 2057 1722 <1
2086 1671 2408 1728 Biblioheca
2432 1672 2697 1728 orientali
2730 1694 2783 1729 n.
2812 1672 2963 1728 Circa

415 1761 562 1816 idem
585 1768 806 1832 tempus
845 1760 931 1814 Bl.
979 1759 1220 1831 qulinz'
1262 1757 1537 1831 congestis
1570 1757 1941 1831 undequaque
1984 1758 2267 1830 operibus,
2297 1776 2439 1832 quae
2474 1759 2721 1817 decursu
2748 1768 2957 1828 tempo-

413 1865 538 1904 rum
581 1847 650 1904 de
677 1847 1056 1919 archaeologia
1086 1863 1244 1903 sacra
1281 1845 1622 1918 prodierant,
1662 1846 1947 1913 ingentem
1976 1867 2001 1897 α
2026 1846 2376 1903 Τ1135311111111
2420 1848 2832 1919 antiquitatum
2875 1863 2959 1900 sa-

415 1951 634 1991 crarum
663 1956 688 1986 »
717 1934 908 1991 edidit.
936 1966 1008 1975 —-·
1029 1934 1260 1990 Minoris
1289 1934 1639 1990 auctoritatis
1662 1943 1792 1989 sunt
1829 1934 2033 2006 reliqui
2058 1935 2310 1991 exeuntis
2336 1951 2481 1991 saec.
2514 1943 2600 1992 18.
2630 1945 2693 1992 et
2716 1934 2953 1991 ineuntis

415 2039 557 2079 saec.
591 2030 674 2080 19.
704 2024 1061 2093 interpretes;
1091 2037 1232 2077 unus
1261 2021 1549 2077 dumtaxat
1572 2020 1945 2077 nominandus
1968 2031 2113 2078 esset
2138 2027 2303 2079 ioan.
2331 2024 2485 2079 ΙαΙιη
2525 2024 2584 2093 (†
2620 2030 2787 2080 1816.
2794 2042 2842 2094 ),
2878 2022 2955 2075 vir

415 2111 562 2167 acuti
592 2111 804 2184 ingenii
821 2117 987 2179 atque
1013 2111 1223 2165 multae
1244 2110 1539 2181 variaeque
1562 2107 1917 2177 eruditioni8‚
1942 2109 2047 2165 nisi
2074 2110 2133 2165 in
2160 2110 2365 2183 linguis
2384 2110 2759 2166 orientalibus
2784 2109 2953 2181 magis

416 2214 586 2270 quam
610 2198 669 2254 in
700 2197 978 2269 theologia
1017 2204 1266 2253 versatus
1294 2212 1462 2267 opera
1505 2211 1608 2252 sua
1630 2195 2035 2253 introductoria
2060 2206 2115 2253 et
2142 2198 2454 2269 exegetica,
2484 2206 2743 2255 ceterum
2772 2197 2953 2253 multis

415 2284 732 2341 nominibus
754 2284 1194 2341 commendanda
1209 2326 1225 2351 ,
1251 2282 1402 2340 haud
1429 2283 1619 2356 paucis
1640 2282 1921 2340 erroribus
1944 2285 2079 2341 satis
2103 2284 2360 2357 gravibus
2390 2284 2691 2343 foedasset.

493 2466 554 2523 4.
585 2464 847 2525 Ineunte
877 2480 1038 2523 saec.
1065 2464 1159 2523 19.
1181 2464 1266 2523 ita
1295 2464 1658 2539 perturbata
1686 2466 1820 2523 erat
1846 2462 2081 2540 ubique
2111 2463 2425 2524 Ecclesiae
2455 2482 2594 2543 pax,
2622 2470 2695 2525 ut
2726 2464 2947 2523 mirum

417 2577 543 2620 non
571 2560 681 2631 sit,
716 2559 885 2636 quod
917 2577 992 2620 eo
1019 2563 1307 2637 tempore
1337 2558 1547 2620 studia
1577 2558 2036 2637 scripturistica
2068 2576 2266 2636 aeque
2307 2578 2379 2620 ac
2415 2560 2665 2637 reliqua
2704 2562 2943 2637 langue-

416 2656 570 2719 rint:
605 2659 942 2733 postquam
969 2659 1180 2717 autem
1211 2656 1515 2716 Ecclesiae
1548 2659 1610 2715 et
1640 2655 1872 2715 mundo
1899 2673 2015 2733 pax
2049 2659 2144 2715 est
2172 2655 2448 2731 reddita,
2484 2674 2607 2717 una
2638 2674 2789 2719 cum
2818 2654 2943 2713 aliis

417 2752 767 2830 disciplinis
810 2752 1182 2830 theologicis
1227 2752 1417 2812 etiam
1447 2752 1727 2829 exegesis
1768 2750 2135 2812 resuscitata
2164 2755 2288 2825 est,
2325 2758 2529 2829 neque
2562 2752 2793 2813 desunt
2819 2766 2939 2827 ger-

417 2849 612 2922 mina,
649 2866 808 2927 quae
839 2851 1034 2909 laetos
1063 2849 1190 2908 iam
1221 2848 1360 2908 eius
1391 2848 1630 2908 fructus
1660 2847 2059 2925 promittunt.

484 2970 754 3027 Omnibus
781 2972 929 3027 enim
956 2972 1015 3026 in
1036 2971 1200 3026 terris
1227 2969 1394 3026 hodie
1432 2970 1609 3026 multa
1636 2978 1691 3025 31
1728 2971 1928 3026 eximia
1966 2970 2187 3043 ingenia
2228 2971 2339 3027 illis
2386 2970 2690 3043 disciplinis
2734 2968 2938 3026 studere

415 3058 761 3129 inceperunt,
810 3074 950 3130 quae
992 3059 1161 3113 sacris
1191 3057 1344 3113 libris
1380 3058 1577 3113 melius
1602 3057 1967 3130 intelligendis
2008 3058 2337 3128 inserviunt,
2385 3068 2553 3130 atque
2590 3059 2662 3114 ad
2710 3056 2939 3130 puriores

415 3146 756 3217 antiquitatis
786 3145 1089 3202 catholicae
1127 3144 1308 3201 fontes
1339 3145 1546 3201 reversi
1582 3160 1709 3201 cum
1740 3145 2083 3217 philologieis
2110 3144 2337 3213 studiiS,
2368 3162 2510 3219 quae
2538 3162 2571 3203 a
2599 3140 2933 3217 protestanti-

415 3232 520 3287 bus
550 3248 662 3288 non
689 3248 890 3305 parum
911 3242 1070 3289 aucta
1093 3242 1148 3288 et
1177 3242 1432 3304 promota
1453 3231 1688 3289 libenter
1714 3232 1968 3301 fatemur,
1994 3248 2129 3289 vera
2160 3232 2611 3290 hermeneuticae
2648 3230 2935 3291 catholicae

418 3319 682 3391 principia
721 3321 1114 3393 coniungentes
1141 3321 1360 3393 egregia
1387 3321 1501 3377 iam
1538 3321 1803 3377 nonnulla
1833 3335 2000 3391 opera
2026 3319 2335 3377 ediderunt.
2364 3324 2545 3378 Immo
2580 3320 2719 3377 illud
2752 3316 2932 3374 addere

419 3424 708 3477 possumus
743 3418 799 3463 31
835 3408 1125 3476 (1311331115,
1169 3410 1381 3480 aliquos
1413 3406 1713 3463 modernos
1744 3408 2173 3464 commentarios
2201 3409 2444 3482 antiquis
2484 3407 2587 3465 sub
2626 3404 2825 3479 triplici
2858 3416 2933 3455 re-

415 3499 606 3566 spectu
641 3504 938 3566 praestare.
972 3495 1444 3552 scholasticorum
1479 3495 1629 3551 enim
1656 3494 1985 3551 methodum
2010 3505 2304 3568 sequentes
2341 3496 2599 3553 moderni
2622 3496 2930 3564 interpretes

417 3583 472 3637 in
513 3583 712 3654 integri
759 3582 912 3651 libri,
957 3600 1120 3654 quem
1170 3598 1445 3654 exponere
1491 3582 1712 3652 volunt,
1762 3584 2246 3653 compositionem,
2295 3584 2741 3655 dispositionem,
2788 3578 2933 3634 finem

415 3670 724 3725 accuratius
752 3671 1063 3742 inquirunt,
1087 3669 1224 3726 dum
1248 3669 1551 3727 immediati
1574 3670 1753 3725 nostri
1774 3669 2225 3741 praedecessores
2246 3670 2493 3743 singulas
2520 3672 2701 3741 potius
2729 3667 2929 3739 phrases

401 3758 532 3817 ,solo
579 3766 839 3813 contextu
881 3759 1130 3829 proximo
1175 3760 1424 3814 contenti
1463 3767 1855 3829 exposuerunt.
1902 3759 2231 3814 Accuratius
2278 3774 2501 3829 quoque
2545 3758 2614 3814 ad
2667 3752 2926 3814 historicas

414 3847 682 3913 rationeS,
713 3860 853 3917 quas
873 3844 1182 3901 scholastici
1215 3846 1600 3918 neglexerant,
1628 3844 1923 3901 attendunt
1960 3845 2211 3901 moderni
2247 3846 2581 3916 interpretes
2599 3889 2613 3912 ,
2647 3855 2807 3915 atque
2840 3836 2925 3893 de-

413 3949 566 3989 mum
594 3948 782 3989 sacrae
811 3931 1147 4005 philologiae
1167 3932 1440 4001 studium,
1474 3931 1627 4004 quod
1652 3930 1833 3988 media
1862 3941 2043 3989 aetate
2072 3932 2187 3990 fere
2216 3933 2458 4002 iacebat,
2479 3932 2609 3988 inde
2634 3950 2664 3989 a
2686 3944 2821 3987 saec.
2850 3929 2920 3979 15.

413 4031 467 4075 et
499 4026 584 4077 16.
610 4020 922 4093 diligentius
958 4022 1136 4077 excoli
1173 4030 1258 4077 est
1293 4028 1583 4091 coeptum,
1614 4018 1780 4075 hodie
1811 4035 1979 4092 quam
2006 4021 2277 4077 maximos
2311 4020 2443 4076 fecit
2476 4032 2819 4093 progressus,
2846 4008 2922 4081 qui

414 4108 625 4181 exegesi
655 4124 990 4181 magnopere
1021 4109 1346 4165 inserviunt.

483 4198 737 4269 Longum
766 4205 937 4265 esset,
971 4197 1018 4252 si
1039 4197 1379 4267 completum
1415 4210 1613 4251 eorum
1639 4195 1955 4267 catalogum
1978 4205 2165 4252 texere
2184 4196 2481 4263 vellemus,
2510 4196 2602 4269 qui
2631 4195 2733 4251 hac
2755 4194 2919 4246 nostra

413 4293 594 4339 aetate
619 4284 688 4339 de
713 4284 1008 4355 Scripturis
1045 4284 1188 4340 113113
1215 4283 1399 4339 meriti
1425 4292 1585 4351 sunt3
1614 4298 1819 4355 paucos
1858 4292 2075 4339 tantum
2110 4282 2551 4351 nominabimus,
2576 4284 2670 4355 qui
2694 4278 2917 4335 ultimum

413 4372 558 4427 diem
589 4387 750 4427 suum
779 4372 890 4427 iam
918 4370 1204 4439 obierunt,
1227 4369 1324 4425 sed
1351 4386 1422 4425 ne
1448 4386 1643 4425 eorum
1669 4370 1893 4441 quidem
1916 4386 2083 4441 opera
2112 4370 2518 4439 adscribemus,
2543 4371 2666 4442 quia
2688 4369 2918 4441 pleraqut'

413 4460 472 4513 in
495 4456 732 4514 decursu
769 4460 934 4515 huius
971 4461 1152 4531 operis
1179 4458 1555 4513 nominantur.
1582 4458 1925 4515 Celebriores
1952 4459 2121 4531 igitur
2146 4460 2203 4514 in
2232 4458 2394 4514 Italia
2428 4468 2558 4514 sunt
2584 4461 2631 4514 Ι.
2664 4462 2724 4513 Β.
2756 4450 2915 4506 Plan·

415 4548 578 4601 ciani
601 4547 656 4601 S.
692 4548 734 4601 1.
761 4548 822 4617 (†
850 4554 1050 4615 1862),
1077 4549 1219 4603 Car.
1254 4546 1593 4603 Vercellone
1610 4546 1677 4602 Ο.
1700 4547 1865 4601 Β3111.
1894 4548 1958 4616 (†
1987 4546 2191 4617 1868.),
2216 4546 2313 4601 Al.
2350 4546 2637 4601 Vincenzi
2663 4546 2723 4616 (†
2748 4534 2915 4628 188⁰&

413 4638 518 4691 Fr.
551 4636 710 4689 Χαυ.
751 4635 991 4689 Patri-’02‘
1022 4636 1078 4689 S.
1117 4634 1161 4687 1.
1203 4635 1266 4701 (†
1306 4633 1504 4704 1881.),
1544 4633 1815 4689 Ubaldus
1844 4634 2069 4689 Ubaldz'
2098 4635 2161 4703 (1-
2190 4633 2402 4706 1884.);
2433 4634 2491 4689 in
2516 4634 2711 4700 Gallia,
2740 4624 2913 4691 Belgio.
