3050 5184
457 322 653 365 CANON
695 323 834 367 vss'r.
881 322 1051 365 TEST.
1098 322 1316 365 'ramus
1355 322 1558 365 Plutus
1600 321 1915 365 EGCLESIAE
1958 320 2249 365 sanctius,
2555 300 2629 358 23

97 454 266 517 renim
291 451 781 524 quemadmodum
816 468 1000 525 neque
1035 468 1102 508 ex
1141 453 1466 523 scripturis,
1499 468 1637 524 quas
1666 468 1779 508 uon
1808 451 2172 525 agnoscitis...
2197 444 2632 505 demonstratio-

95 554 206 593 nem
231 538 298 593 de
325 538 568 595 Christo
595 541 866 611 perficere
892 539 1103 609 studui,
1137 540 1236 597 sed
1262 556 1338 596 ex
1362 541 1472 607 iis,
1503 556 1659 612 quae
1687 540 1888 596 adhuc
1915 557 1957 596 a
1984 542 2145 597 vobis
2171 536 2470 593 communi
2496 548 2635 590 con-

95 642 244 681 sessu
279 628 643 699 recipiuntur
666 648 692 679 n
723 633 794 695 (e.
823 628 1032 701 Tryph.
1070 633 1209 695 120).
1241 658 1312 671 —-·
1334 630 1392 685 S.
1433 620 1738 683 melitonis
1764 628 1944 684 Βανά.
1980 627 2212 698 epistola
2253 623 2527 697 quaedam
2564 619 2635 675 ad

95 714 400 769 Onesimum
437 716 764 787 episcopum
793 716 863 771 ab
892 716 1130 771 Eusebio
1159 720 1254 783 (H.
1285 720 1362 773 E.
1391 716 1490 771 IV.
1519 716 1607 786 26)
1638 714 1895 784 refertur,
1917 717 1977 771 in
2014 730 2123 787 qua
2150 714 2436 785 catalogus
2462 708 2635 765 libro-

97 814 198 855 rum
233 802 300 856 V.
338 804 412 858 T.
451 802 720 873 traditur,
762 805 859 875 qui
895 812 1116 875 praeter
1150 803 1679 859 deuterocanonicos
1715 803 1887 859 libros
1924 805 2091 859 etiam
2124 803 2162 858 l.
2195 800 2397 859 Esther
2434 795 2638 854 omittit

101 895 156 947 ‚et
186 886 329 945 sorte
365 896 406 945 2
450 890 676 957 Esdr.);
715 891 868 947 unde
917 890 1257 947 concludunt
1291 889 1621 960 adversarii,
1660 906 1787 947 eum
1822 890 2323 947 deuterocanonica
2359 886 2632 943 reiecisse.

97 982 154 1027 At
173 977 476 1046 epistolam
505 979 676 1034 istam
701 978 910 1050 legenti
939 978 1100 1035 facile
1119 986 1300 1049 patet,
1323 980 1647 1051 episcopum
1672 978 2007 1035 sardensem
2032 994 2147 1035 non
2174 976 2633 1039 Christianorum,

98 1062 176 1115 sed
205 1064 560 1121 ludaeorum
601 1067 776 1123 libros
815 1082 1002 1123 sacros
1039 1082 1365 1123 enumerare
1407 1067 1662 1123 voluisse.
1694 1068 1913 1123 Etenim
1958 1068 2055 1137 a.).
2079 1068 2139 1122 in
2174 1064 2543 1123 Palaestinam
2580 1073 2639 1113 se

109 1164 198 1203 m
217 1152 550 1221 profectum
576 1154 793 1223 scribit,
825 1162 889 1210 ut
917 1154 1064 1209 huno
1101 1169 1374 1210 canonem
1409 1163 1796 1226 cognosceret;
1830 1156 1983 1225 atqui
2012 1168 2192 1210 canon
2220 1152 2553 1209 christianus
2580 1146 2637 1201 in

123 1238 216 1291 Μὴ
233 1241 456 1297 liuore
485 1242 582 1297 vix
605 1242 1002 1315 quinquaginta
1030 1242 1188 1297 annis
1215 1250 1341 1312 post
1365 1244 1421 1298 S.
1455 1242 1679 1297 Ioannis
1706 1245 1810 1313 Ap.
1845 1251 2105 1311 mortem,
2134 1239 2356 1314 quando
2384 1240 2442 1295 S.
2470 1235 2637 1306 Poly-

129 1338 274 1393 ?smt
303 1328 510 1383 adhuo
551 1337 672 1384 erat
704 1338 1014 1398 superstes,
1040 1330 1354 1403 incognitus
1393 1344 1510 1385 esse
1546 1345 1661 1385 non
1698 1332 1891 1400 potuit.
1926 1330 2017 1385 Ad
2052 1344 2323 1385 canonem
2357 1324 2637 1382 iudaicum

153 1423 262 1469 m
291 1414 768 1489 cognoscendum
797 1417 906 1472 iter
931 1416 1070 1474 illud
1097 1426 1220 1473 erat
1242 1418 1645 1485 necessarium,
1674 1420 1801 1488 quia
1829 1417 2021 1475 Iudaei
2050 1416 2277 1485 asiatici,
2306 1414 2365 1471 id
2392 1410 2542 1486 quod
2570 1424 2637 1467 ex

123 1503 146 1551 5
175 1503 378 1569 lastini„
393 1502 778 1574 disputatione
808 1505 955 1559 circa
981 1503 1129 1561 idem
1157 1513 1377 1577 tempus
1405 1505 1608 1576 Ephesi
1634 1504 1819 1561 habita
1858 1510 2067 1575 elucet,
2097 1506 2156 1561 in
2184 1506 2297 1560 suis
2325 1516 2455 1559 cum
2476 1500 2637 1556 Chri-

111 1589 266 1645 sonis
288 1590 798 1663 disceptationibus
823 1593 1132 1663 Scripturas
1157 1593 1308 1659 illas»,
1332 1591 1533 1665 quibus
1562 1594 1979 1664 premebantur,
2010 1594 2162 1649 velut
2188 1592 2403 1664 spurias
2430 1588 2637 1645 reiicie-

104 1683 230 1731 kent-
265 1678 342 1749 b.)
377 1680 684 1755 Onesimus
711 1679 973 1735 laudatur
999 1696 1067 1736 eo
1095 1678 1246 1752 quod
1274 1696 1545 1737 canonem
1574 1690 1831 1737 accurate
1859 1696 2191 1754 cognoscere
2219 1677 2493 1736 desideret
2524 1696 2549 1726 ιι
2576 1684 2638 1729 ut

99 1779 174 1831 {sm
195 1767 387 1821 salute
419 1774 648 1823 aeterna
673 1766 965 1823 dimicaret
992 1788 1020 1820 ι
1052 1766 1442 1839 (ἀγωνιζόμενος
1463 1780 1573 1839 περὶ
1600 1772 1687 1835 τῆς
1713 1768 1913 1821 αἰωνίου
1942 1770 2221 1839 σωτηρίας),
2246 1782 2429 1838 neque
2451 1774 2636 1820 tamen

101 1853 218 1906 Viri
245 1856 435 1922 Test.,
457 1870 528 1909 ac
554 1854 600 1910 si
628 1855 744 1911 eius
767 1855 896 1912 libri
921 1855 1172 1912 nondum
1199 1858 1553 1926 exstitissent,
1578 1858 1692 1914 ulla
1717 1858 1781 1913 fit
1804 1858 2032 1913 mentio.
2060 1858 2229 1928 Atqui
2256 1857 2305 1911 si
2332 1854 2403 1910 de
2428 1867 2636 1909 canone

95 1942 538 1997 christianorum
573 1952 717 1999 esset
751 1958 968 2011 sermo,
1001 1942 1294 2001 Onesimus
1334 1948 1667 2017 episcopus,
1698 1948 1793 2017 qui
1826 1961 1953 2002 eum
1991 1945 2293 2017 ignoravit,
2324 1940 2489 1999 laude
2523 1954 2636 1995 non

11 2069 13 2080 .
89 2040 194 2083 erat
221 2028 438 2101 dignus
468 2038 642 2102 atque
667 2031 989 2102 praeprimis
1016 2031 1332 2089 edocendus
1369 2030 1440 2088 de
1465 2034 1617 2089 Novi
1652 2036 1801 2088 Test.
1838 2034 2024 2101 libris,
2058 2032 2151 2103 qui
2189 2033 2238 2088 ei
2270 2030 2445 2103 magis
2481 2036 2636 2084 erant

91 2118 414 2185 necessat-ih
436 2118 632 2174 laudes
655 2134 784 2174 vero
811 2119 954 2175 bene
981 2120 1240 2186 meritae,
1261 2122 1308 2175 si
1325 2121 1621 2177 Onesimus
1650 2130 1833 2175 certus
1860 2120 1978 2176 fieri
2010 2121 2183 2176 voluit
2212 2119 2279 2175 de
2304 2118 2635 2175 Iudaeorum

91 2220 312 2275 mone,
353 2214 426 2260 ut
461 2222 560 2261 eos
596 2206 872 2262 efficacius
901 2208 1270 2279 impugnaret.
1301 2238 1374 2247 —
1401 2208 1491 2263 Ad
1521 2209 1833 2280 origenem
1871 2207 2024 2281 quod
2051 2210 2275 2275 attinet,
2308 2206 2510 2261 sufficit
2538 2202 2635 2259 ad-

11 2327 14 2338 »
89 2295 368 2365 scripsisse
403 2293 604 2363 verba,
630 2293 829 2364 quibus
857 2296 1106 2368 catalogo
1142 2296 1224 2350 illi
1255 2295 1414 2351 nobis
1442 2296 1657 2352 obiecto
1698 2295 1979 2368 praefatur
2008 2317 2021 2351 :
2061 2316 2087 2347 α
2119 2296 2347 2351 Minime
2374 2295 2635 2366 ignoran-

89 2382 208 2437 dum
236 2391 364 2445 est,
404 2382 574 2437 etiam
605 2383 819 2437 Veteris
850 2384 999 2438 Test.
1029 2381 1330 2449 librorum,
1359 2390 1427 2439 ut
1461 2384 1725 2439 Hebraei
1764 2384 2048 2451 tradunt,
2082 2384 2271 2455 viginti
2310 2391 2364 2437 et
2400 2381 2635 2436 duorum

93 2486 416 2537 sumerum,
448 2470 542 2525 cui
577 2470 820 2541 aequalis
847 2479 932 2525 est
958 2486 1222 2526 numerus
1258 2471 1545 2527 literarum
1585 2487 1805 2543 eorum,
1838 2487 1936 2527 sua
1976 2471 2188 2527 ratione
2223 2486 2337 2526 non
2379 2485 2633 2525 carere...

11 2579 13 2584 ·
93 2558 206 2613 Sunt
239 2566 446 2613 autem
479 2557 670 2629 viginti
697 2557 810 2613 duo
837 2558 962 2613 libri
988 2560 1172 2614 iuxta
1199 2560 1498 2615 Hebraeos
1525 2559 1585 2615 hi
1614 2582 1639 2609 n
1673 2569 1779 2615 etc.

183 2736 476 2792 Quane-1¹10
505 2736 549 2780 8.
583 2760 644 2768 --
673 2734 880 2781 Pati-um
912 2737 960 2783 4.
989 2741 1040 2781 et
1069 2736 1286 2782 ineuntis
1319 2736 1362 2783 5.
1395 2750 1517 2783 saec.
1548 2738 1609 2783 de
1639 2750 1823 2785 canone
1851 2737 2045 2783 Veteris
2072 2738 2204 2787 Teat.
2237 2736 2523 2783 sententiae.

159 2896 217 2951 5.
249 2926 338 2965 ,-
379 2894 556 2953 Saec.
599 2896 657 2952 4.
707 2896 771 2953 et
812 2895 870 2953 5.
905 2893 1281 2972 insigniores
1317 2894 1534 2955 Patres
1574 2912 1793 2955 omnes
1833 2895 1898 2953 in
1941 2895 2070 2955 suis
2115 2894 2397 2971 scriptis,
2446 2894 2635 2953 etiam

93 2987 472 3065 dogmaticis
506 2992 570 3047 et
598 2988 956 3067 polemicis,
991 2990 1215 3050 saltem
1245 2990 1581 3067 aliquoties
1612 2991 2211 3050 deuterocanonicos
2240 2990 2437 3049 libros
2468 2994 2633 3049 tam-

91 3102 274 3159 quam
307 3084 564 3144 divinas
588 3084 1040 3163 canonicasque
1069 3086 1423 3164 Scripturas
1447 3086 1825 3163 allegarunt,
1854 3103 2271 3164 quaecunque
2294 3086 2637 3147 theoretica

95 3182 452 3258 aliquorum
498 3178 686 3243 fuerit
711 3182 790 3242 de
821 3182 1078 3242 canonis
1106 3184 1349 3244 ambitu
1380 3172 1780 3242 et'divisione
1810 3184 2150 3257 sententia;
2184 3200 2402 3243 omnes
2442 3182 2655 3269 igitur·

95 3278 310 3338 eadem
341 3277 620 3349 ratione,
655 3295 778 3355 qua
807 3294 1026 3339 eorum
1060 3278 1573 3356 praedecessores
1595 3326 1609 3350 ‚
1642 3279 2017 3356 ampliorem
2046 3280 2289 3339 Veteris
2326 3278 2493 3339 Test.
2531 3285 2640 3338 ca-'

97 3391 320 3434 nonem
361 3372 842 3433 alexandrinum
899 3375 1236 3451 Apostolos
1288 3374 1571 3435 ecclesiis
1621 3391 1658 3433 a
1708 3391 1775 3433 se
1834 3374 2109 3435 fundatis
2165 3374 2501 3434 tradidisse
2546 3380 2635 3435 te·

99 3473 350 3532 stantur.

161 3592 310 3660 Quos
338 3592 521 3647 tribus
551 3591 822 3661 prioribus
849 3590 1433 3649 saeculis-christianis
1470 3609 1604 3649 suae
1642 3593 1948 3649 sententiae
1984 3601 2247 3663 patronos
2272 3591 2359 3648 vel
2394 3592 2637 3648 fautores

103 3694 198 3735 non
219 3681 588 3746 invenerunt,
620 3678 1247 3735 deuterocanonicorum
1267 3672 1541 3737 librorum
1566 3680 1862 3737 adversarii
1892 3686 1945 3735 4.
1976 3688 2030 3735 et
2058 3685 2111 3735 5.
2138 3679 2373 3735 saeculis
2400 3696 2461 3735 se
2488 3680 2637 3735 inve·

123 3770 230 3822 isse
255 3767 590 3839 gloriantur.
629 3770 706 3822 At
730 3768 947 3840 egregie
979 3766 1260 3823 falluntur.
1289 3768 1492 3840 Negari
1521 3768 1745 3840 quidem
1769 3769 1989 3839 nequit,
2023 3768 2171 3839 apud
2199 3767 2410 3839 aliquos
2438 3784 2638 3823 aureae

110 3856 232 3910 alius
257 3854 466 3911 aetatis
481 3856 704 3921 Patres„
723 3854 897 3910 immo
926 3856 984 3909 in
1011 3856 1284 3926 aliquibus
1304 3855 1548 3911 ecclesiis
1576 3856 1900 3927 praesertim
1930 3856 2317 3923 orientalibuS,
2342 3856 2637 3928 genuinam

114 3944 164 3993 22⁶·
189 3944 252 3995 V.
281 3944 352 3997 T.
379 3956 599 3998 canone
625 3940 978 3997 traditionem
1007 3956 1128 3998 esse
1157 3942 1509 3998 obscuratam
1538 3950 1704 4013 atque
1734 3942 1900 3998 dubia
1932 3944 2199 3997 nonnulla
2228 3942 2533 3998 theoretica
2564 3940 2635 3995 de

117 4032 356 4100 *mpliore
384 4044 602 4085 canone
618 4027 964 4085 admittendo
983 4044 1102 4085 esse
1131 4038 1350 4096 exorta,
1383 4038 1629 4085 attamen
1651 4045 1765 4085 non
1783 4040 2001 4086 tantum
2022 4030 2379 4086 occidentalis
2408 4030 2632 4085 ecclesia

117 4116 372 4173 doetrinae
397 4116 470 4173 ab
497 4118 738 4190 antiquis
758 4116 1014 4173 Patribus
1036 4117 1272 4173 traditae
1298 4132 1514 4189 semper
1536 4118 1694 4173 firma
1726 4118 2005 4185 adhaesit,
2032 4118 2129 4173 sed
2158 4118 2325 4173 etiam
2356 4116 2637 4171 orientalis

113 4220 218 4260 *ern
241 4208 442 4261 saltem
466 4205 712 4275 practice
739 4204 994 4273 retinuit,
1024 4206 1101 4261 ita
1129 4213 1193 4260 ut
1220 4220 1412 4261 omnes
1439 4203 1681 4261 duorum
1704 4206 1937 4262 istorum
1965 4206 2312 4261 saeculorum
2342 4202 2636 4273 scriptores

117 4302 256 4349 testes
295 4296 412 4351 sint
449 4291 759 4350 catholicae
803 4292 1067 4349 veritatis,
1115 4294 1224 4351 Sed
1267 4308 1462 4349 eorum
1506 4293 1821 4350 testimonia
1864 4310 1979 4348 non
2024 4292 2336 4360 afferimuS‚
2366 4292 2491 4363 quia
2535 4291 2635 4361 ipsi

121 4378 384 4438 Jdrersarii
423 4382 604 4438 nostri
642 4379 985 4449 concedunt,
1015 4380 1074 4436 in
1101 4381 1524 4451 allegationibus
1550 4383 1663 4437 suis
1692 4384 1883 4437 Patres
1906 4383 2051 4437 inter
2078 4388 2263 4451 proto·
2292 4389 2348 4434 et
2376 4378 2635 4435 deutero-

117 4470 380 4527 canonias
419 4472 740 4541 Scripturas
775 4481 889 4525 non
925 4466 1240 4525 distinxisse
1253 4468 1296 4525 ⁸.
1335 4469 1761 4525 Conclusionem
1798 4477 2013 4535 autem,
2048 4482 2216 4538 quam
2250 4481 2355 4522 nos
2392 4484 2459 4521 ex
2497 4467 2634 4523 alle-

175 4646 226 4704 '32
261 4648 424 4695 Pauca
457 4650 630 4696 tamen
663 4610 896 4707 exempla
924 4658 988 4694 ex
1027 4647 1264 4708 syriacis
1301 4649 1352 4695 S.
1395 4646 1671 4709 Ephraem
1702 4644 1938 4709 operibus
1970 4644 2155 4695 afferre
2185 4658 2289 4695 non
2320 4643 2633 4701 est-inutile.
