3050 5184
382 292 499 351 282
582 309 659 352 DE
699 309 837 354 vm.
888 309 1142 356 TESTAU.
1188 311 1386 356 umus
1428 305 1778 356 flls'romcls·
1823 329 1902 340 --
1937 312 2068 356 GAP.
2115 312 2176 354 X·
2221 311 2296 356 ΒΕ
2338 311 2514 355 Lumo
2555 311 2781 354 EsTnER.

1436 717 1734 786 CAPUT
1777 717 1866 784 X.

1294 958 1388 1011 DE
1427 959 1651 1010 LIBRO
1691 957 1996 1010 ESTHER.

713 1191 747 1276 ἕ
778 1198 886 1259 38.
917 1229 1005 1242 -
1034 1195 1131 1259 De
1159 1191 1324 1258 libri
1342 1192 1586 1259 Esther
1615 1191 1935 1274 textibus,
1965 1204 2396 1282 arqumeneo,
2421 1192 2582 1280 fine.

458 1410 515 1470 1.
564 1443 643 1454 -—
692 1413 943 1473 Duabus
990 1413 1498 1486 recensionibuS‚
1549 1415 1837 1474 breviore
1880 1412 2178 1474 hebraica
2220 1417 2285 1474 et
2330 1412 2612 1491 longiore
2659 1427 2876 1490 graeca,

378 1512 785 1568 conservatus
811 1513 910 1570 est
930 1509 1095 1570 liber
1118 1510 1370 1585 Esther;
1411 1528 1632 1590 graeca
1655 1515 1867 1571 autem
1907 1509 2339 1570 additamenta
2375 1526 2513 1570 esse
2549 1509 2806 1588 genuina
2832 1511 2882 1564 et

378 1601 456 1662 ad
503 1604 899 1680 primitivum
940 1607 1085 1666 libri
1126 1610 1367 1668 textum
1397 1607 1712 1685 pertinere
1747 1625 1872 1667 non
1909 1609 2152 1667 tantum
2188 1606 2466 1684 antiquis
2494 1603 2879 1666 testimoniis,

386 1699 497 1760 sed
532 1700 671 1779 ipsa
697 1718 950 1779 quoque
994 1702 1206 1765 indole
1234 1704 1608 1764 narrationis
1639 1707 1902 1774 constat,
1941 1719 2098 1780 quae
2133 1702 2258 1761 illis
2290 1701 2520 1763 demtis
2564 1718 2775 1762 manca
2807 1701 2884 1758 est

379 1798 566 1873 atque
596 1797 992 1875 imperfecta,
1032 1800 1227 1860 immo
1265 1799 1617 1862 charactere
1649 1817 1793 1860 vere
1827 1799 2123 1878 religioso
2153 1805 2342 1859 caret.

459 1909 612 1965 Infra
644 1909 870 1982 quidem
902 1915 950 1979 (§
981 1912 1066 1984 39)
1098 1911 1167 1968 de
1196 1914 1483 1984 utriusque
1510 1912 1846 1968 recensionis
1873 1911 2084 1984 origine
2113 1920 2168 1967 et
2191 1911 2259 1968 de
2283 1911 2786 1968 additamentorum
2811 1925 2882 1963 ca-

381 1998 683 2054 nonicitate
732 1998 1093 2068 disseremus3
1124 1999 1232 2056 hoc
1259 2009 1446 2057 autem
1477 2000 1602 2056 loco
1630 1999 1699 2056 de
1727 2015 1921 2056 eorum
1948 1999 2275 2072 antiquitate
2318 2009 2375 2054 et
2416 1999 2606 2055 indole
2652 1996 2884 2055 nonnulla

378 2094 507 2140 sunt
538 2087 967 2157 praemonenda.
1001 2086 1396 2144 Additamenta
1419 2103 1647 2160 graeca,
1675 2102 1815 2160 quae
1844 2087 1995 2144 velut
2019 2087 2268 2143 membra
2296 2085 2520 2144 disiecta
2549 2089 2609 2144 S.
2642 2088 2887 2155 Hierony-

377 2189 504 2228 mus
526 2188 658 2229 suae
688 2174 929 2232 hebraici
955 2175 1082 2232 libri
1110 2177 1346 2231 versioni
1374 2175 1617 2245 addidit,
1650 2184 1859 2247 septem
1894 2183 2024 2230 sunt
2049 2191 2281 2231 numero
2314 2197 2327 2230 :
2365 2180 2451 2243 a.)
2481 2175 2612 2231 libri
2635 2175 2884 2247 prologus,

375 2261 433 2315 in
462 2277 571 2332 quo
608 2261 965 2318 Mardochaei
992 2263 1268 2320 somnium
1304 2273 1584 2332 narratur,
1617 2280 1728 2336 quo
1763 2262 1964 2336 integri
2004 2262 2130 2319 libri
2169 2271 2559 2335 argumentum
2605 2264 2888 2320 insinuatur

376 2348 688 2420 (11,2-12,6
717 2351 932 2419 Victa),
964 2351 1042 2418 b.)
1080 2351 1225 2424 regis
1253 2353 1479 2407 Assueri
1506 2350 1750 2407 edictum
1780 2350 1849 2407 de
1873 2350 2041 2408 caede
2065 2349 2400 2407 Iudaeorum
2429 2350 2518 2422 (ad
2546 2357 2705 2420 3,14;
2727 2381 2790 2390 ——-
2815 2353 2885 2411 13,

378 2441 477 2491 1-7
505 2438 734 2507 Μικρὸς
766 2443 837 2504 ο.)
869 2438 1223 2495 Mardochaei
1267 2437 1580 2495 exhortatio
1619 2440 1689 2494 ad
1727 2438 1926 2494 Esther
1961 2439 2054 2508 (ad
2087 2445 2303 2506 4‚8;-
2332 2444 2524 2506 15,1-3
2571 2440 2794 2508 Vulq.);
2820 2436 2888 2491 d.)

376 2540 567 2595 preces
603 2524 961 2582 Mardochaei
986 2536 1043 2581 et
1082 2526 1332 2583 Estheris
1358 2526 1450 2598 (ad
1476 2533 1638 2595 4,1⁷;
1667 2557 1736 2567 —
1766 2532 2087 2597 13,8-14,19
2119 2525 2349 2598 Vulq.);
2381 2531 2455 2594 e.)
2491 2525 2784 2595 descriptio
2819 2525 2888 2578 in-

374 2628 592 2684 gressus
620 2613 868 2668 Estheris
896 2613 966 2670 ad
994 2631 1187 2686 regem
1216 2614 1309 2687 (ad
1338 2621 1452 2676 5,1.
1477 2621 1540 2684 23
1559 2646 1634 2656 —
1663 2619 1892 2682 15,⁴-19
1929 2614 2156 2686 Vutq.);
2185 2613 2258 2690 f.)
2294 2616 2532 2670 alterum
2562 2613 2786 2670 Assueri
2809 2610 2890 2666 de-

378 2710 594 2756 cretum
624 2700 841 2758 Iudaeis
872 2702 1171 2774 propitium
1202 2702 1291 2772 (ad
1320 2709 1572 2770 8,13;-
1601 2708 1827 2771 16,1-24
1856 2702 2084 2772 νωθὴς
2111 2706 2191 2772 a.)
2219 2703 2470 2775 epilogus
2493 2703 2890 2774 explicationem

376 2789 578 2845 somnii
606 2788 963 2846 Mardochaei
991 2799 1047 2847 et
1069 2799 1261 2848 notam
1283 2790 1354 2846 de
1382 2790 1594 2863 origine
1615 2791 1797 2863 graeci
1824 2798 2006 2845 textus
2035 2789 2301 2847 exhibens
2321 2795 2465 2862 (post
2489 2797 2648 2859 10,3;
2671 2793 2890 2856 —10‚4-

381 2883 501 2942 11,1
540 2877 756 2947 γαίᾳ).
791 2909 863 2918 --
890 2879 1089 2934 Omnia
1116 2879 1253 2934 haec
1290 2879 1667 2934 additamenta
1693 2893 1724 2934 a
1753 2878 2144 2934 Theodotione
2176 2878 2233 2933 in
2263 2894 2421 2934 suam
2449 2880 2760 2934 versionem
2784 2883 2890 2931 sunt

383 2974 625 3036 recepta,
650 2981 681 3020 a
706 2965 791 3021 Fl.
814 2966 1057 3038 Iosepho
1083 2965 1329 3023 adhibita
1352 2968 1600 3038 (Antiqu.
1623 2966 1728 3022 XI.
1751 2971 1828 3035 6),
1851 2965 2133 3022 chaldaice
2157 2967 2305 3022 inter
2333 2964 2571 3022 ludaeos
2595 2966 2890 3038 pervulgata

380 3055 487 3121 (De
523 3057 687 3110 Bessi
724 3052 915 3109 Chald.
958 3053 1203 3110 Estheris
1242 3052 1637 3110 additamenta.
1675 3042 1890 3110 Romae
1929 3057 2126 3122 1782).
2161 3056 2337 3110 lmmo
2375 3069 2522 3110 saec.
2565 3061 2620 3110 2.
2662 3070 2715 3110 a.
2757 3052 2888 3108 Chr..

382 3140 604 3211 quando
642 3142 817 3212 prima
848 3157 1044 3214 graeca
1075 3141 1201 3198 libri
1230 3142 1405 3198 versio
1434 3141 1701 3198 adornata
1739 3151 1851 3213 est,
1883 3140 2076 3198 eadem
2115 3143 2172 3197 in
2206 3141 2477 3198 hebraicis
2503 3140 2892 3214 exemplaribus

378 3227 645 3298 adfuisse,
689 3228 849 3285 docet
895 3231 1078 3300 graeci
1125 3229 1251 3286 libri
1296 3229 1653 3302 subscriptio,
1697 3230 1853 3286 cuius
1900 3230 2068 3287 verba
2095 3249 2121 3280 α
2147 3229 2297 3286 leaeo
2341 3229 2594 3300 epistola
2624 3230 2822 3286 Parim
2847 3247 2890 3279 n.

380 3333 553 3388 quum
582 3317 896 3373 immediate
924 3317 1435 3389 interpretationem
1459 3317 1656 3373 somnii
1675 3317 2030 3374 Mardochaei
2051 3327 2355 3389 sequantur
2373 3333 2438 3374 ac
2456 3319 2622 3389 proin
2643 3316 2892 3374 somnium

380 3405 438 3460 in
466 3403 693 3461 exordio
722 3405 961 3461 relatum
994 3414 1338 3476 supponant,
1359 3406 1638 3478 integrum
1667 3404 1870 3462 librum
1903 3421 2012 3462 una
2048 3421 2177 3460 cum
2204 3406 2322 3462 eius
2340 3404 2748 3462 ‘additamentis
2767 3402 2892 3459 desi-

386 3491 560 3559 gnant
594 3495 735 3562 (11,1
774 3493 995 3562 Vnda).
1027 3494 1155 3550 lure
1189 3493 1357 3566 igitur
1390 3492 1800 3559 concludimuS,
1835 3493 2030 3549 eadem
2072 3493 2132 3548 in
2172 3491 2446 3564 primitivo
2475 3493 2624 3550 libro
2667 3495 2774 3550 iam
2807 3488 2892 3546 ad-

378 3580 574 3647 fuisse,
598 3579 767 3652 idque
796 3597 861 3636 eo
890 3581 1091 3653 magiS‚
1120 3582 1245 3653 quia
1281 3581 1389 3638 illis
1426 3579 1626 3637 demtis
1657 3580 1796 3636 liber
1823 3589 1970 3636 esset
2004 3595 2233 3636 mancus
2271 3589 2328 3636 et
2363 3581 2741 3653 imperfectus.
2775 3583 2891 3636 Pro-

378 3671 507 3742 logo
535 3669 683 3724 enim
712 3667 947 3739 (somnio
975 3668 1351 3736 Mardochaei)
1398 3675 1453 3726 et
1495 3669 1712 3741 epilogo
1761 3669 1978 3738 (somnii
2019 3667 2402 3739 explicatione)
2438 3677 2626 3726 totum
2665 3683 2800 3741 opus
2835 3663 2892 3719 ad

383 3759 657 3814 unitatem
692 3756 975 3828 redigitur,
1008 3757 1314 3829 iisdemque
1350 3766 1406 3812 et
1440 3756 1668 3828 reliquis
1700 3755 2090 3813 additamentis
2125 3757 2416 3830 religiosus
2458 3757 2588 3814 libri
2633 3757 2895 3814 character

375 3843 779 3902 manifestatur.
816 3846 956 3901 Nam
996 3846 1055 3900 in
1089 3845 1305 3917 integro
1342 3854 1498 3900 textu
1543 3843 1799 3900 hebraico
1827 3861 1898 3900 ne
1925 3845 2096 3901 semel
2125 3844 2354 3916 quidem
2389 3847 2541 3902 Deus
2571 3846 2891 3906 nominatur,

374 3947 650 4005 nusquam
679 3933 797 3988 eius
820 3931 1162 4004 providentia
1191 3941 1681 4001 commemoratur,
1709 3949 1983 4005 nusquam
2015 3933 2132 3989 eius
2161 3933 2426 3990 auxilium
2455 3933 2786 4007 imploratur
2807 3945 2892 3985 ne-

376 4037 483 4094 que
504 4021 558 4076 ei
584 4019 655 4078 de
682 4020 886 4077 auxilio
914 4020 1144 4077 obtento
1172 4021 1377 4094 gratiae
1406 4029 1666 4094 aguntur.
1699 4021 1866 4093 Atqui
1890 4021 2028 4078 haec
2053 4021 2387 4078 alienissima
2415 4031 2546 4078 sunt
2571 4021 2645 4078 ab
2668 4021 2894 4077 omnium

380 4111 615 4166 aliorum
641 4108 908 4165 librorum
940 4123 1226 4166 sacrorum
1250 4109 1467 4184 indole,
1496 4108 1590 4180 qui
1623 4119 1812 4180 aperte
1835 4118 1894 4166 et
1915 4107 2206 4166 manifeste
2233 4109 2616 4166 characterem
2643 4125 2802 4164 suum
2827 4121 2894 4162 re-

380 4197 633 4270 ligiosum
674 4213 805 4269 prae
843 4213 903 4254 se
930 4197 1143 4268 ferunt,
1176 4195 1311 4253 dum
1342 4197 1401 4253 in
1429 4197 1691 4254 hebraico
1717 4195 1859 4254 libro
1886 4213 2112 4268 prorsus
2139 4205 2225 4254 est
2254 4205 2437 4254 tectus
2471 4205 2530 4253 et
2553 4197 2827 4262 occultus,
2850 4202 2894 4247 at

374 4284 554 4340 insere
591 4285 964 4341 additamenta
1004 4300 1230 4359 graeca,
1260 4294 1427 4357 atque
1463 4285 1652 4342 statim
1685 4285 1970 4356 apparebit
2011 4285 2206 4342 eadem
2243 4283 2456 4341 indoles
2484 4285 2740 4358 religiosa
2756 4326 2770 4350 ‚
2803 4295 2894 4353 qua

377 4373 468 4427 alii
497 4372 621 4428 libri
654 4374 799 4428 sacri
820 4374 1208 4446 insigniuntur.
1239 4374 1591 4446 Quapropter
1617 4373 1674 4429 in
1699 4382 2026 4445 argumento
2053 4371 2428 4445 divisioneque
2451 4373 2578 4428 libri
2605 4367 2896 4427 indicandis

376 4457 751 4516 additamenta
773 4462 923 4518 velut
950 4463 1213 4534 genuinas
1240 4471 1424 4533 partes
1450 4461 1563 4517 suis
1589 4460 1725 4516 locis
1750 4461 2075 4517 inseremus,

456 4611 516 4670 2.
544 4644 621 4654 —-
648 4611 879 4688 Integri
913 4613 1061 4672 libri
1092 4616 1532 4690 argumentum
1561 4617 1655 4670 est
1685 4610 2138 4672 documentum
2167 4610 2600 4689 providentiae
2631 4612 2770 4679 Dei,
2801 4604 2894 4683 qui
