3050 5184
821 357 897 400 ns
939 355 1282 400 ezr-:enisus
1321 354 1466 398 vrrA
1511 357 1584 402 ar
1626 359 1887 404 nicusus.
2512 344 2627 402 405

173 487 482 544 Admodum
510 503 684 560 pauca
714 486 784 543 de
815 486 932 543 eius
976 487 1084 543 vita
1126 486 1283 543 nobis
1310 495 1442 541 sunt
1467 487 1689 545 tradita.
1724 492 1782 546 Si
1821 511 1843 542 ι
1875 499 1964 549 30.
1998 509 2206 548 anuum
2236 515 2290 561 n,
2321 509 2433 565 quo
2464 490 2629 546 visio-

121 589 230 628 nem
263 575 642 648 inauguralem
675 573 868 630 habuit
902 576 1051 643 (1,1),
1078 573 1148 628 de
1179 582 1359 630 aetate
1398 575 1517 631 eius
1556 577 1867 650 intelligere
1909 579 2064 648 licet,
2105 588 2268 636 natus
2304 589 2387 636 est
2419 595 2471 634 a.
2502 583 2628 633 622.

122 663 286 732 paucis
307 664 465 718 annis
492 671 788 734 postquam
824 661 1088 717 Ieremias
1126 661 1512 733 propheticum
1548 679 1752 720 munus
1786 667 1927 724 iniit.
1970 667 2245 726 Ultimum
2280 665 2627 728 vaticinium,

120 748 250 820 quod
269 750 441 806 literis
465 749 780 818 mandavit,
805 767 856 806 a.
892 756 980 804 27.
1013 749 1513 821 transmigrationis
1544 766 1675 808 suae
1710 754 2077 828 promulgavit
2100 755 2331 822 (29,17);
2365 751 2633 825 quamdiu

122 845 284 908 postea
311 838 535 907 vixerit,
556 838 896 911 ignoramus
924 837 1174 893 'I'rnditio
1196 836 1470 908 quaedam
1493 846 1579 894 est
1600 839 1845 909 iudaica,
1873 858 2041 913 quam
2064 845 2255 898 Patres
2276 847 2629 911 receperunt,

122 939 231 980 eum
265 947 290 976 α
313 941 344 982 a
386 923 566 982 iudice
603 925 846 998 quodam
885 925 1075 997 populi
1111 926 1282 980 Israel
1317 935 1640 997 propterea,
1678 928 1830 998 quod
1860 929 2019 985 illum
2054 930 2126 985 de
2163 929 2317 985 cultu
2354 927 2633 984 idolorum

122 1013 396 1085 arguisset,
427 1014 576 1086 apud
611 1013 972 1087 Babyloniam
1009 1013 1363 1070 interfectum
1397 1029 1514 1070 esse
1544 1035 1593 1070 n.
1632 1017 1899 1088 Reliquas
1936 1017 2192 1085 fabellas,
2228 1031 2367 1088 quas
2392 1015 2635 1071 iuniores

120 1101 389 1172 scriptores
409 1101 518 1158 fide
546 1117 660 1157 non
688 1100 840 1172 digni
865 1099 1115 1170 tradunt,
1145 1098 1456 1157 adscribere
1484 1103 1828 1174 superfluum
1858 1113 1963 1162 est.

186 1245 239 1302 2.
269 1245 535 1303 —Inter
553 1243 892 1323 prophetas
919 1243 1208 1303 Ezechiel
1229 1243 1613 1322 singularem
1633 1245 1841 1306 locum
1862 1251 2148 1325 occupat.
2174 1248 2263 1306 Eo
2285 1245 2453 1306 enim
2479 1248 2637 1304 tem-

121 1357 282 1416 pore,
315 1357 444 1418 quo
473 1341 768 1418 antiquus
801 1339 1409 1400 theocratiaestatus
1439 1342 1797 1413 corruebat,
1830 1349 2087 1404 vocatus
2118 1347 2243 1413 est,
2279 1346 2348 1402 ut
2377 1341 2437 1400 in
2476 1347 2637 1402 terra

119 1435 295 1496 aliena
313 1437 562 1497 exsules
581 1435 660 1496 ad
679 1453 936 1510 novum,
962 1436 1070 1514 qui
1091 1435 1454 1497 condendus
1476 1442 1631 1507 erat,
1659 1442 1895 1499 statum
1913 1442 2332 1516 praepararet.
2354 1439 2637 1514 Namque

121 1549 185 1592 ne
219 1551 406 1611 regno
449 1533 713 1610 antiquo
755 1537 820 1592 et
862 1532 1101 1610 templo
1149 1532 1482 1593 destructis
1526 1535 1770 1595 exsules
1815 1552 2073 1595 omnem
2118 1534 2402 1594 melioris
2446 1531 2637 1593 sortis

121 1645 279 1706 spem
299 1630 664 1702 abiicerent,
693 1629 980 1690 Ezechiel
1005 1619 1326 1706 tamquam
1343 1629 1660 1707 fidelitatis
1682 1631 1927 1692 divinae
1946 1631 2239 1710 propheta
2260 1630 2493 1690 missus
2512 1633 2635 1697 est,

122 1725 210 1801 qui
238 1729 436 1787 Deum
465 1725 596 1786 suis
624 1726 954 1805 promissis
993 1724 1248 1786 fidelem
1289 1730 1452 1786 stare
1491 1726 1831 1788 ostendens
1867 1727 2112 1788 animos
2151 1726 2435 1787 exsulum
2472 1740 2637 1785 nova

120 1837 214 1898 spe
242 1823 515 1900 repletos
543 1821 621 1882 ad
650 1823 850 1882 Deum
878 1821 1228 1882 reduceret.

175 1925 292 1994 Quo
319 1925 624 1982 infeliciora
651 1935 709 1982 et
749 1925 1012 1982 Israelitis
1036 1925 1432 1997 periculosiora
1471 1935 1630 1982 erant
1663 1935 1915 1999 tempora
1931 1968 1948 1994 ,
1978 1928 2035 1984 in
2077 1941 2219 1999 quae
2258 1926 2449 1982 incidit
2490 1927 2635 1980 Eze-

120 2011 290 2068 chielis
311 2013 452 2082 vita,
480 2030 548 2070 eo
580 2013 782 2070 clarius
810 2015 962 2068 Deus
988 2013 1428 2070 misericordiam
1455 2013 1859 2082 manifestavit,
1890 2031 1997 2086 qua
2028 2015 2293 2086 populum
2326 2029 2487 2069 suum
2516 2013 2632 2068 eius

120 2102 336 2169 peccatis
355 2117 472 2158 non
504 2101 848 2157 obstantibus
875 2101 1338 2172 amplectebatur3
1365 2103 1518 2157 omni
1552 2102 1700 2158 enim
1728 2118 1837 2174 qua
1864 2102 2045 2174 potuit
2074 2102 2289 2157 ratione
2316 2116 2447 2157 eum
2472 2099 2543 2156 ad
2571 2115 2633 2153 se

120 2203 357 2244 revocare
385 2189 624 2257 studuit,
652 2205 833 2260 neque
860 2188 919 2244 in
954 2189 1266 2245 Palaestina
1297 2196 1517 2258 tantum
1540 2188 1867 2262 degentibus
1894 2189 2111 2245 Iudaeis
2132 2189 2433 2260 prophetas
2456 2187 2631 2242 susci-

117 2276 265 2344 tavit,
294 2274 392 2331 sed
421 2276 588 2331 etiam
614 2273 911 2331 exsulibus,
944 2274 1158 2331 Eodem
1185 2285 1464 2346 tempore,
1499 2292 1609 2347 quo
1638 2277 1900 2332 Ieremias
1923 2284 1979 2332 et
2002 2277 2222 2333 Baruch
2254 2275 2631 2348 lerosolymiS,

119 2363 298 2418 Daniel
336 2372 394 2419 et
433 2363 690 2419 Ezechiel
728 2364 786 2418 in
811 2362 1090 2419 Chaldaea
1129 2363 1412 2419 vaticinati
1452 2372 1599 2419 sunt.
1639 2395 1709 2404 —
1740 2364 1973 2420 Exsules
2008 2380 2140 2420 vero
2172 2364 2367 2421 eadem
2396 2363 2631 2428 ratione,

118 2465 211 2520 qua
256 2450 448 2507 ludaei
488 2451 949 2524 ierosolymitani,
981 2449 1356 2521 superstitiosa
1402 2450 1644 2522 quadam
1685 2452 1985 2508 sanctuarii
2028 2451 2231 2508 fiducia
2274 2451 2486 2523 abrepti
2528 2466 2637 2506 nec

119 2538 292 2605 primis
339 2538 588 2596 cladibus
633 2538 842 2607 edocti,
881 2537 1110 2594 credere
1150 2537 1478 2608 noluerunt,
1527 2541 1708 2594 Deum
1750 2540 2146 2611 permissurum
2190 2555 2337 2608 esse,
2386 2547 2447 2595 ut
2486 2538 2630 2594 anti-

118 2640 271 2695 quum
337 2642 572 2700 regnum
633 2625 1028 2694 destrueretur,
1091 2627 1188 2682 sed
1251 2625 1861 2698 pseudoprophetarum
1910 2626 2365 2698 promissionibus
2418 2625 2630 2682 seducti

116 2727 232 2769 mox
263 2729 324 2771 se
373 2729 493 2771 esse
534 2714 594 2771 in
638 2715 877 2786 patriam
921 2729 1243 2770 reversuros
1294 2713 1611 2785 sperabant.
1659 2715 1900 2770 Difficile
1941 2715 2112 2787 igitur
2158 2724 2278 2770 erat
2324 2713 2631 2770 Ezechielis

113 2815 325 2872 munus,
355 2802 428 2859 ad
454 2801 602 2875 quod
630 2801 978 2870 implendum
1005 2802 1270 2874 singulari
1297 2800 1579 2874 indigebat
1607 2801 1959 2869 fortitudine,
1995 2817 2163 2873 quam
2190 2803 2268 2867 ei,
2299 2803 2382 2857 uti
2408 2801 2637 2856 nomine

115 2888 220 2945 eius
240 2891 610 2964 praesagitum
637 2899 785 2959 erat,
813 2892 964 2946 Deus
985 2889 1338 2961 impertivit¹.
1371 2891 1438 2945 In
1465 2888 1609 2946 duro
1636 2889 1785 2945 enim
1810 2898 1869 2944 et
1894 2888 2169 2946 obstinato
2198 2891 2400 2961 populo
2430 2904 2633 2945 vanam

116 2975 252 3033 illam
280 2978 570 3048 fiduciam,
605 2994 712 3050 qua
743 2994 774 3033 a
811 2978 1026 3034 sincera
1053 2977 1414 3034 conversione
1449 2977 1811 3044 retinebatur,
1835 2975 2125 3032 destruere
2146 2975 2335 3033 debuit
2362 2977 2633 3034 vaticiniis

113 3065 523 3138 symbolicisque
577 3065 884 3122 actionibus
937 3065 1320 3121 imminentem
1374 3065 1529 3136 regni
1569 3073 1627 3121 et
1664 3064 1819 3121 urbis
1861 3072 1920 3120 et
1954 3065 2151 3136 templi
2198 3064 2479 3120 interitum
2528 3081 2631 3121 an-

115 3155 379 3210 nuntians.
407 3155 472 3210 In
493 3154 600 3210 hac
625 3153 870 3210 muneris
891 3161 1052 3224 parte
1079 3153 1306 3209 omnino
1331 3151 1524 3209 similis
1546 3161 1629 3208 est
1652 3152 1920 3209 Ieremiae
1944 3151 2139 3209 eadem
2162 3151 2359 3208 eodem
2382 3161 2632 3224 tempore

115 3240 453 3315 lerosolymis
489 3240 738 3310 docenti3
771 3249 828 3296 at
854 3240 960 3297 hac
986 3248 1141 3311 parte
1171 3240 1436 3296 Ieremiae
1471 3255 1676 3296 munus
1712 3239 2122 3307 absolvebatur,
2160 3239 2295 3296 dum
2334 3241 2636 3296 Ezechielis

115 3331 458 3401 praecipuum
487 3344 688 3384 munus
717 3327 1168 3400 praeparabatur.
1200 3330 1423 3399 Septem
1451 3329 1601 3384 enim
1628 3327 1789 3384 annis
1815 3335 1944 3383 ante
1971 3327 2167 3383 urbem
2194 3327 2437 3384 deletam
2460 3330 2632 3384 susci-

109 3425 271 3486 tatus,
304 3426 367 3472 ut
404 3417 836 3473 destructionem
873 3416 1253 3484 annuntiaret,
1285 3416 1605 3487 impletione
1644 3413 1943 3471 minacium
1983 3415 2207 3472 illorum
2252 3415 2637 3472 vaticiniorum

111 3515 218 3558 sese
246 3503 504 3575 probavit
531 3503 835 3576 genuinum
861 3502 963 3558 Dei
993 3503 1257 3574 legatum,
1287 3501 1378 3557 cui
1404 3502 1575 3557 etiam
1604 3502 1831 3558 laetiora
1860 3501 2211 3558 annuntianti
2236 3499 2375 3559 fides
2402 3501 2633 3561 debere-

111 3597 206 3648 tur.
253 3593 508 3649 Laetiora
547 3590 770 3664 quidem
811 3591 1010 3662 reliqui
1045 3605 1266 3662 quoque
1308 3589 1611 3662 prophetae
1641 3589 2058 3661 praedixerant,
2104 3599 2160 3645 at
2206 3605 2399 3646 omnes
2441 3606 2635 3648 eorum

113 3681 494 3746 promissiones
535 3694 661 3734 cum
701 3678 868 3735 domo
911 3677 1158 3734 davidica
1175 3719 1189 3747 ,
1222 3693 1350 3734 oum
1382 3676 1520 3733 urbe
1548 3685 1736 3734 sancta
1753 3721 1768 3748 ,
1798 3693 1927 3734 cum
1960 3678 2171 3749 templo
2198 3678 2275 3734 ita
2306 3677 2637 3734 videbantur

111 3780 409 3836 connexae,
453 3775 517 3822 ut
561 3766 628 3822 iis
678 3767 910 3823 sublatis
959 3782 1071 3822 non
1122 3765 1362 3838 amplius
1406 3765 1625 3838 impleri
1670 3780 1831 3837 posse
1874 3764 2212 3821 viderentur.
2275 3767 2469 3837 Itaque
2524 3783 2635 3838 quo

111 3861 350 3926 tempore
415 3871 504 3911 res
579 3870 774 3910 omnes
839 3854 1175 3926 putabantur
1239 3853 1643 3924 conclamatae,
1707 3851 1962 3910 Ezechiel
2023 3852 2346 3908 fidelitatem
2407 3854 2635 3909 Domini

115 3943 426 4010 praedicans
469 3958 611 3999 nova
657 3957 756 4014 spe
795 3943 1008 4000 animos
1055 3942 1260 4014 replet;
1295 3941 1577 3998 davidicae
1626 3932 1829 3998 dom'us
1877 3942 2255 3997 ramusculum
2304 3955 2429 3997 esse
2480 3941 2634 3997 relic-

111 4039 218 4086 tum
263 4029 532 4098 ostendit,
583 4032 676 4102 qui
716 4033 774 4086 in
833 4039 1022 4086 monte
1082 4031 1296 4085 excelso
1361 4031 1640 4101 plantatus
1689 4037 1867 4085 totam
1921 4037 2131 4084 terram
2182 4028 2253 4083 sit
2310 4028 2637 4099 impleturus

113 4125 280 4188 117‚22
310 4135 436 4192 sqq.
465 4123 624 4186 etc->3
654 4133 756 4190 pro
785 4119 1011 4190 antiquo
1041 4117 1280 4188 templo,
1313 4115 1464 4171 cultu
1501 4125 1606 4172 etc.
1645 4114 1938 4171 destructis
1964 4129 2172 4169 novum
2203 4114 2501 4185 templum,
2529 4132 2639 4171 no·-

111 4221 230 4262 vnm
272 4209 515 4273 cultum,
547 4220 750 4261 novam
790 4205 1014 4272 urbem,
1057 4219 1260 4260 novam
1303 4212 1488 4260 terrae
1525 4202 1966 4259 distributionem
2006 4201 2125 4256 fore
2166 4198 2327 4256 docet
2366 4201 2638 4274 imagines

113 4291 414 4350 futurarum
445 4309 635 4349 rerum
664 4291 946 4348 deIIneans
975 4291 1253 4364 (40.-46.).
1287 4293 1436 4348 Deus
1463 4300 1679 4362 autem,
1706 4305 1878 4364 quum
1905 4303 2004 4359 per
2030 4287 2380 4344 Ezechielem
2425 4289 2637 4360 priores

111 4397 226 4437 suas
245 4382 640 4453 promissiones
662 4379 844 4436 denuo
869 4388 926 4435 et
957 4380 1162 4436 clarius
1185 4387 1549 4452 proponeret,
1577 4378 1635 4435 id
1665 4376 1986 4451 praesertim
2010 4373 2264 4446 intendit,
2288 4385 2351 4431 ut
2372 4374 2636 4434 fidelitate

163 4557 226 4619 (1)
255 4559 452 4607 Nomen
485 4531 710 4640 ΒΝΡἸΠἿ
745 4553 915 4618 (Alex.
948 4555 1200 4620 ’Ῑηζεκιήλ)
1226 4555 1413 4605 rectius
1436 4553 1718 4618 explicatur
1746 4528 1825 4621 ’ἾΝ
1857 4553 2021 4634 ΡτΠἾ,
2054 4552 2326 4616 consonat
2364 4554 2503 4604 Deus
2539 4552 2637 4616 (cfr

111 4662 282 4712 Ezech.
315 4667 361 4714 3.
367 4669 428 4709 ⁶-
439 4661 502 4724 8).
535 4661 632 4711 Alii
661 4663 831 4712 tamen
857 4661 1106 4724 explicare
1133 4660 1336 4710 malunt
1361 4635 1440 4730 ’ἿΝ
1469 4661 1665 4742 pffi'n
1641 4659 1985 4717 «praevalet
2010 4662 2205 4709 Deus»
