3050 5184
777 107 791 138 l

569 345 646 387 ne
685 344 921 389 canons
963 346 1220 393 VETERIS
1263 350 1641 393 'resume-un
1684 352 1843 396 Aron
1884 338 2159 395 tumens.
2567 336 2643 395 15

165 472 302 525 luter
322 473 749 543 protestanticos
775 476 1108 549 interpretes
1133 480 1298 535 multi
1327 480 1717 537 machabaicae
1757 483 1928 537 aetati
1965 480 2352 539 collectionem
2381 490 2641 553 protoca-

11 565 13 568 ’
107 560 402 614 {ionicorum
445 561 716 617 librorum
759 562 1100 633 attribuunt,
1137 566 1312 623 immo
1345 569 1721 624 rationalistae
1761 585 1887 625 eam
1914 570 2002 625 vix
2050 575 2099 625 1.
2144 585 2288 627 saec.
2332 575 2468 641 post
2502 569 2637 624 Chr.

105 644 382 702 assaturam
419 662 545 703 ime
571 659 846 705 asserunt.
879 650 1290 709 catholicorum
1329 671 1554 727 quoque
1590 656 1754 713 hodie
1791 673 1903 712 non
1942 671 2052 713 una
2094 666 2179 713 est
2204 657 2504 737 sententia3
2536 656 2641 711 ali-

103 734 174 827 qui
193 734 340 789 enim
369 734 514 791 nihil
538 734 608 792 de
633 736 730 792 illa
757 738 928 793 statui
949 754 1111 810 posse
1137 752 1396 812 censept3
1423 744 1587 815 pauci
1609 760 1739 799 cum
1765 744 2121 800 rationalistis
2148 744 2264 815 (sed
2288 744 2359 799 ob
2384 744 2521 799 alias
2547 759 2639 799 ra—

103 824 264 887 mnes)
300 838 430 877 eam
467 824 700 880 saeculo
733 831 780 881 1.
815 825 1115 884 christiano
1155 828 1492 899 attribuunt,
1535 840 1701 901 atque
1742 832 1997 888 nonnulli
2040 833 2209 887 etiam
2249 846 2371 887 eam
2412 832 2638 887 Macha-

101 922 332 975 ὁποι-πω
369 920 672 975 dumtaxat
710 926 894 975 aetate
931 919 1292 976 terminatam
1327 934 1448 977 esse
1479 922 1696 977 volunt.
1727 924 1804 977 At
1838 921 1994 977 nulla
2024 921 2315 995 hucusque
2352 922 2523 978 allata
2553 930 2639 978 est

103 1009 232 1073 ratio,
259 1024 374 1079 qua
406 1007 761 1064 a·communi
793 1005 1156 1079 antiquorum
1183 1008 1551 1081 interpretum
1574 1009 1849 1067 sententia
1877 1008 2139 1067 recedere
2168 1011 2445 1083 cogimur,
2479 1010 2635 1066 iuxta

113 1112 212 1163 ques
233 1096 570 1151 hodiernus
589 1094 958 1151 ludaeorum
969 1111 1184 1161 canon,
1209 1097 1324 1169 qui,
1353 1097 1482 1168 quia
1507 1113 1540 1152 a
1569 1096 2061 1167 palaestinensibus
2089 1098 2309 1155 Iudaeis
2335 1098 2639 1171 antiquitus

121 1182 344 1239 ffltus
383 1192 501 1251 oet,
541 1182 1006 1255 palaestinensis
1043 1192 1291 1254 vocatur,
1335 1190 1591 1256 tempore
1622 1186 1857 1241 Esdrae
1891 1192 1951 1240 et
1988 1185 2313 1243 Nelaemiae
2350 1183 2637 1257 definitus

131 1263 493 1345 nmisque
517 1272 618 1337 sit,
647 1278 826 1344 atque
861 1272 928 1327 in
962 1271 1090 1327 iuis
1121 1271 1302 1328 libris
1329 1272 1681 1346 colliqendis
1710 1273 1941 1331 Esdras
1968 1276 2371 1347 praecipuam
2400 1279 2635 1347 partem

133 1356 368 1426 labuerit,
403 1356 562 1413 unde
590 1357 844 1419 collectio
881 1358 986 1415 ista
1024 1366 1176 1414 recte
1209 1358 1376 1415 etiam
1405 1376 1602 1416 canon
1630 1358 1904 1417 esdr-inus
1929 1362 2267 1433 appelletur-3
2302 1362 2439 1433 quin
2468 1362 2637 1418 etiam

127 1444 218 1501 1³2&
237 1446 484 1514 desunt,
517 1460 662 1517 quae
691 1444 822 1501 huic
849 1444 1157 1503 sententiae
1185 1446 1428 1505 faveant.

155 1607 398 1665 Etenim
416 1608 784 1683 praeprimis
802 1622 916 1684 pro
943 1624 1058 1667 sua
1077 1606 1362 1667 bonitate
1385 1612 1448 1669 et
1467 1609 1865 1686 providentia
1886 1611 2087 1671 Deum
2111 1611 2221 1671 illa
2248 1614 2476 1684 aetate,
2508 1628 2638 1688 qua

99 1717 286 1763 munus
324 1702 792 1781 propheticum
829 1704 1119 1778 cessavit,
1153 1704 1490 1782 providere
1517 1706 1763 1781 decuit,
1798 1710 1869 1768 ut
1908 1708 2167 1769 Iudaeis
2199 1707 2351 1767 libri
2386 1724 2631 1779 omneS,

99 1820 224 1885 ‘ipos
247 1822 374 1866 ceu
405 1805 559 1865 fidei
595 1812 660 1865 et
701 1823 950 1867 morum
977 1808 1258 1885 reg-ulam
1297 1805 1424 1866 illis
1461 1806 1911 1873 destinaverat,
1947 1804 2199 1881 publica
2232 1821 2376 1864 cum
2410 1807 2623 1864 aucto-

95 1900 240 1961 ritate
279 1902 850 1979 promulgarentur
885 1920 921 1962 a
957 1902 1144 1977 viriS,
1186 1902 1416 1979 quibus
1454 1901 1617 1962 fides
1660 1900 1960 1978 denegari
1994 1918 2122 1961 non
2160 1901 2388 1977 potuit.
2428 1900 2629 1971 Quare

93 1998 240 2069 quasi
267 2016 308 2056 a
339 1996 560 2075 priore
586 1998 710 2057 iam
737 1997 1116 2058 concludere
1141 1998 1322 2069 licet,
1353 1997 1587 2058 Esdrae
1618 2000 1683 2057 et
1711 1996 2051 2077 Nehemiae
2076 2000 2277 2057 aetate
2304 1994 2629 2073 collectio-

93 2108 206 2150 nem
231 2076 892 2171 protocanonicorum'
924 2094 1232 2159 librorum
1262 2112 1398 2153 esse
1427 2094 1855 2154 terminatam.

143 2214 366 2271 ludaeis
401 2215 646 2285 antiquis
680 2223 954 2271 canonem
991 2215 1256 2271 librorum
1294 2230 1581 2271 sacrorum
1620 2214 1817 2270 eadem
1854 2216 2093 2283 ratione,
2136 2230 2243 2285 qua
2280 2214 2439 2271 nobis
2474 2229 2628 2269 sum-

91 2316 206 2359 mm
233 2301 768 2374 irrefutabilemque
796 2302 1060 2359 credendi
1088 2310 1143 2359 ct
1171 2302 1370 2375 agendi
1394 2302 1647 2375 regulam
1676 2303 2040 2370 constituisse,
2071 2310 2187 2357 tota
2216 2303 2445 2357 Domini
2474 2303 2541 2358 N.
2574 2312 2631 2357 et
2658 2312 2666 2320 ·

93 2392 476 2457 Apostolorum
511 2405 640 2445 cum
680 2388 898 2446 ludaeis
935 2389 1249 2462 disputandi
1293 2390 1434 2446 ratio
1477 2389 1642 2446 docet
1684 2399 1740 2444 et
1772 2388 1991 2449 disertis
2018 2391 2199 2446 verbis
2236 2391 2318 2446 Fl.
2362 2390 2631 2462 Iosephus

105 2492 138 2527 e.
163 2484 314 2550 App.
355 2479 399 2533 1.
433 2482 492 2543 8)
517 2488 768 2533 testatur.
798 2480 1028 2535 Constat
1051 2494 1291 2550 quoque,
1315 2478 1575 2550 antiquos
1598 2476 1833 2534 ludaeos
1856 2494 1929 2535 ne
1949 2478 2237 2534 minimam
2262 2476 2486 2550 quidem
2510 2493 2629 2533 rem

95 2564 394 2637 religiosam
423 2575 644 2621 mutare
671 2581 790 2623 esse
817 2580 1008 2634 ausoS‚
1034 2567 1141 2621 nisi
1163 2566 1330 2621 simul
1353 2581 1476 2621 eam
1504 2566 1819 2621 auctoritati
1846 2567 1984 2621 certi
2008 2573 2066 2621 et
2080 2565 2374 2622 indubitati
2396 2566 2631 2639 prophe·

91 2662 154 2705 ’ae
177 2650 592 2709 subiiciendam
625 2669 798 2725 eaque
835 2653 1276 2709 confirmandam
1315 2652 1718 2723 profitebantur
1747 2652 1795 2725 (1
1829 2652 2020 2710 Maeli.
2060 2659 2217 2723 4,46;
2251 2654 2451 2721 14,41).
2471 2650 2638 2709 Unde

91 2740 387 2796 aeras-‚ario
423 2741 694 2813 sequitur,
723 2757 820 2797 eos
856 2742 1268 2811 scripturarum
1305 2756 1536 2797 suarum
1574 2756 1859 2797 sacrarum
1896 2739 2411 2805 determinationem
2441 2750 2499 2796 et
2529 2740 2630 2797 de-

91 2826 382 2885 finitionem
411 2844 528 2884 non
557 2829 732 2899 primo
761 2829 960 2899 cuique
994 2829 1334 2900 permisisse,
1366 2827 1466 2884 sed
1491 2844 1587 2885 eas
1620 2844 1651 2883 a
1688 2828 1819 2883 viris
1844 2826 2224 2897 solummodo,
2257 2844 2495 2900 quorum
2532 2845 2631 2885 au·

90 2916 300 2971 ‘’todtas
329 2930 550 2971 summa
576 2924 740 2985 esset,
773 2916 1026 2987 accipere
1051 2915 1305 2971 voluisse.
1341 2916 1593 2971 lamvero
1622 2913 1886 2987 quamdiu
1910 2916 2062 2971 Deus
2084 2914 2193 2970 illis
2218 2914 2516 2986 prophetas
2536 2932 2629 2971 su-

93 3003 308 3071 sitavit,
335 3002 406 3058 ad
428 3018 526 3058 eos
545 3018 830 3060 recurrere
849 3012 1182 3076 potuerunt;
1205 3002 1464 3059 omnibus
1482 3012 1669 3059 autem
1694 3002 1995 3059 fatentibus
2013 3019 2226 3059 munus
2249 3002 2631 3075 propheticum

89 3100 278 3157 fsdrae
301 3099 723 3171 Nehemiaeque
745 3107 928 3155 aetate
952 3096 1208 3167 cessavit,
1235 3106 1401 3171 atque
1420 3098 1727 3153 Malachias
1751 3097 1979 3175 ultimus
2003 3095 2108 3153 ruit
2131 3096 2427 3168 propheta.
2451 3096 2633 3151 Deum

91 3190 240 3245 zitur
269 3186 568 3261 providere
603 3187 818 3257 decuit,
859 3196 923 3243 ut
956 3186 1176 3243 Iudaeis
1211 3185 1611 3258 prophetarum
1648 3185 1852 3242 auxilio
1888 3184 2097 3241 orbatis
2138 3184 2291 3241 aliud
2324 3183 2633 3239 subsidium

93 3285 298 3343 praesto
318 3284 485 3343 esset,
507 3290 619 3347 quo
639 3273 710 3331 ad
731 3276 938 3347 Legem
959 3274 1360 3331 observandam
1381 3273 1754 3331 excitarentur
1780 3283 1835 3329 et
1858 3288 2208 3346 magnarum,
2234 3288 2376 3345 quae
2396 3272 2508 3328 illis
2528 3272 2633 3327 sac-

93 3370 168 3419 tae
189 3372 372 3429 erant,
401 3362 833 3435 promissionum
861 3363 1130 3419 continuo
1153 3362 1611 3419 admonerentur.
1636 3364 1761 3419 Hoc
1788 3361 2121 3433 praesidium
2151 3363 2306 3419 Deus
2331 3361 2441 3417 illis
2468 3376 2634 3432 prae-

97 3460 374 3519 paraverat
407 3451 466 3507 in
497 3451 652 3507 libris
685 3451 888 3519 sacris;
920 3451 1058 3507 illud
1088 3450 1369 3522 reliquum
1401 3450 1537 3519 fuit,
1569 3460 1630 3506 ut
1662 3466 1792 3507 cum
1826 3451 2145 3507 omnimoda
2180 3448 2515 3506 certitudine
2538 3464 2637 3505 eos

97 3548 484 3612 cognoscerent
509 3548 566 3596 et
591 3556 624 3595 a
663 3539 908 3611 profanis
950 3539 1390 3612 quibuscumque
1421 3538 1822 3595 discernerent.
1852 3542 1994 3595 Tota
2034 3555 2168 3611 ergo
2214 3538 2399 3594 divina
2434 3537 2637 3594 salutis

99 3630 404 3683 -aeeonomia
445 3628 792 3683 considerata
829 3636 978 3685 recte
1015 3627 1348 3684 concludere
1388 3626 1549 3683 nobis
1586 3627 1861 3696 videmur,
1903 3627 1996 3683 illo
2029 3636 2305 3698 tempore,
2347 3642 2460 3699 quo
2502 3626 2635 3681 ulti-

99 3734 204 3775 mus
239 3720 512 3792 propheta
555 3720 716 3787 vixit,
747 3724 928 3777 Deum
959 3722 1125 3777 etiam
1159 3719 1495 3793 providisse,
1532 3728 1598 3776 ut
1626 3719 1842 3777 Iudaeis
1871 3728 2087 3792 praeter
2114 3720 2285 3777 libros
2308 3721 2461 3793 illoS‚
2495 3739 2635 3796 quos

103 3810 194 3863 iam
219 3818 351 3865 ante
379 3809 637 3865 exsilium
663 3823 764 3880 pro
790 3807 989 3864 divinis
1016 3817 1379 3882 agnoverant,
1404 3808 1605 3880 reliqui
1634 3824 1883 3881 quoque,
1916 3810 2011 3881 qui
2040 3807 2303 3865 divinitus
2331 3819 2459 3868 ante
2489 3812 2634 3867 exsi-

105 3896 218 3950 lium
241 3894 360 3951 dati
385 3895 640 3952 nondum
665 3895 836 3969 agniti
868 3904 965 3952 aut
990 3905 1182 3968 postea
1211 3912 1244 3952 a
1271 3898 1392 3951 Deo
1418 3896 1675 3966 inspirati
1700 3905 1858 3963 sunt,
1890 3912 2018 3952 cum
2047 3896 2376 3954 certitudine
2412 3899 2633 3954 innote-

109 3993 320 4039 soerent.
345 3984 522 4057 Atqui
562 3984 676 4040 illa·
695 3991 878 4041 aetate
915 3984 1092 4051 virm,
1134 3985 1228 4055 qui
1265 4000 1392 4041 cum
1438 3983 1657 4055 publica
1694 3984 2020 4040 auctoritate
2062 3984 2231 4040 libros
2268 3986 2391 4041 illos
2425 3976 2633 4057 populo

115 4070 326 4127 udicare
367 4080 429 4127 et
457 4072 818 4145 promulgare
853 4073 1164 4143 potuerint,
1201 4080 1420 4144 praeter
1461 4071 1697 4127 Esdram
1737 4071 2177 4143 Nehemiamque
2209 4063 2325 4128 non
2356 4071 2629 4129 novimus.

175 4240 356 4299 Porro
389 4240 654 4301 eandem
687 4240 1070 4300 sententiam
1100 4241 1471 4301 confirmant
1513 4238 1879 4300 testimonia
1906 4240 2233 4313 historica,
2278 4240 2442 4299 inter
2475 4257 2633 4317 quae

113 4334 366 4407 primum
397 4337 602 4397 locum
633 4340 810 4397 tenet
839 4340 1132 4397 constans
1161 4337 1537 4397 Iudaeorum
1564 4337 1843 4397 traditio.
1872 4338 2086 4415 Neque
2113 4336 2283 4397 enim
2314 4336 2636 4397 dumtaxat

117 4434 242 4500 post
265 4430 578 4493 Christum
612 4432 861 4495 rabbini
891 4450 1048 4493 saec.
1081 4438 1142 4493 2.
1173 4434 1266 4493 vel
1301 4432 1460 4493 3.'et
1489 4432 1586 4493 Fl.
1614 4434 1899 4511 Iosephus
1924 4450 2085 4493 saec.
2120 4434 2203 4505 1.,
2232 4434 2343 4493 sed
2376 4434 2501 4495 iam
2528 4452 2635 4494 an-

117 4526 204 4582 tea
241 4525 414 4587 [edas
465 4528 664 4591 Maeli.
715 4538 776 4591 et
815 4530 1170 4610 synedrium
1225 4532 1793 4610 ierosolymitanum
1844 4545 2148 4591 canonem
2200 4546 2385 4590 suum
2435 4531 2624 4592 Nehe·

119 4620 262 4681 miae
287 4624 648 4703 Esdraeque
673 4630 880 4687 aetate
907 4628 1318 4688 terminatum
1352 4644 1492 4689 esse
1527 4631 1636 4688 aut
1678 4631 1895 4706 aperte
1935 4626 2164 4686 docent
2192 4630 2299 4687 aut
2341 4627 2629 4689 innuunt.

3042 646 3045 669 -
3041 524 3045 565 -.-
3038 266 3045 517 Αῌ-Ᾰ-ῌ,
3036 194 3045 245 ..ι-
3032 138 3045 181 ‘su
3030 76 3045 113 ..-
3032 46 3043 64 n
3028 0 3045 10 “,
