3050 5184
336 273 452 332 556
533 289 606 332 DE
626 287 768 332 N0v1
797 288 966 333 TEST.
1000 290 1182 334 umus
1211 289 1561 351 nunonem.
1596 309 1674 319 -—·
1698 289 1825 334 CAP.
1862 291 1927 336 11.
1952 291 2029 334 DE
2049 291 2236 336 EPIST.
2268 291 2537 336 PAULINIS
2566 287 2822 335 SINGULIS.

652 421 716 476 In
741 421 1036 492 Evangelio
1066 429 1250 476 autem
1273 421 1531 478 omnibus
1554 423 1641 477 via
1665 431 1720 478 et
1744 422 1885 478 ratio
1909 422 2307 478 iustificationis
2330 431 2411 478 est
2430 420 2663 477 revelata
2686 419 2833 488 (331-

579 508 754 576 4,25);
787 523 917 562 nam
955 508 1161 564 iustitia
1191 509 1328 564 haec
1363 517 1448 564 est
1473 523 1572 580 per
1599 509 1767 564 fidem
1804 510 1861 564 in
1899 512 2083 566 lesum
2113 510 2391 566 Christum
2412 516 2579 579 atque
2604 505 2839 562 omnibus

571 603 775 666 ‚parata
799 603 1086 666 tamquam
1113 595 1321 652 donum
1347 597 1667 668 gratuitum,
1696 597 1851 652 cuius
1882 599 2119 668 pretium
2140 597 2389 653 Christus
2410 596 2572 652 solvit
2594 593 2840 666 sanguine

578 699 678 738 suo
708 684 1010 755 (3,21-31);
1045 685 1157 738 Lex
1187 693 1374 740 autem
1403 691 1458 738 et
1486 683 1792 755 prophetae
1822 683 1967 740 hanc
1994 685 2233 740 iustitiae
2264 683 2619 756 gratuitatem
2650 689 2705 736 et
2730 681 2842 735 uni-

580 771 951 826 versalitatem
977 772 1086 826 iam
1115 769 1426 827 docuerunt
1451 771 1529 843 (4,
1544 777 1711 838 1-25).

402 872 455 921 2.
486 868 765 923 Virtutem
791 867 1076 938 Evangelii
1105 867 1374 938 explicat
1397 875 1454 924 et
1485 867 1862 924 commendat
1888 867 2179 939 descriptis
2222 867 2493 924 fructibus
2520 874 2579 921 et
2606 863 2845 936 proprie-

577 954 788 1010 tatibus
815 954 1080 1020 iustitiae,
1114 969 1256 1026 quae
1279 963 1362 1010 est
1391 971 1490 1025 per
1517 954 1686 1010 iidem
1711 960 2027 1024 (5,1-8,39).

471 1043 690 1098 Etenim
717 1041 970 1097 Christus
999 1057 1100 1096 nos
1127 1057 1258 1097 cum
1291 1045 1406 1098 Deo
1430 1043 1847 1098 reconciliavit
1874 1041 2144 1114 nobisque
2180 1059 2337 1114 spem
2372 1042 2585 1114 gloriae
2624 1039 2845 1096 restituit

577 1133 844 1197 (5‚1-11)·‚
879 1145 1010 1185 nam
1045 1129 1092 1184 si
1133 1129 1299 1202 primi
1331 1128 1510 1184 Adam
1551 1129 1933 1186 inobedientia
1980 1130 2173 1185 efficax
2222 1127 2325 1185 fuit
2370 1129 2443 1185 ad
2474 1126 2845 1199 perditionem,

577 1216 752 1271 multo
800 1216 1079 1273 efficacior
1117 1216 1191 1272 ad
1232 1216 1466 1272 salutem
1505 1225 1589 1272 est
1631 1215 1943 1272 obedientia
1982 1215 2211 1273 secundi
2250 1215 2431 1272 Adam
2464 1219 2753 1282 (5,12-21).
2790 1243 2845 1252 -

580 1305 753 1358 Porro
799 1319 902 1359 nos
951 1303 1229 1360 liberavit
1267 1321 1309 1359 a
1351 1303 1635 1360 servitute
1676 1305 1934 1376 peccati,
1966 1297 2229 1374 quoniam
2270 1319 2398 1360 cum
2434 1319 2500 1360 eo
2546 1301 2755 1358 mortui
2788 1299 2845 1353 ad

575 1406 777 1446 novam
801 1392 968 1446 vitam
1000 1392 1402 1447 resurreximus
1426 1391 1665 1464 (ea-14)
1682 1434 1695 1459 ‚
1728 1401 1894 1462 atque
1922 1391 2091 1447 etlam
2118 1408 2159 1446 a
2188 1393 2473 1447 servitute
2498 1390 2701 1461 Leqis,
2728 1403 2847 1460 qua·

575 1485 736 1532 tenus
772 1479 878 1534 Dei
919 1479 1138 1534 servitio
1166 1493 1316 1534 nunc
1343 1478 1532 1534 devoti
1560 1487 1617 1534 et
1657 1493 1785 1534 cum
1813 1477 2030 1535 Christo
2072 1479 2213 1534 uniti
2258 1478 2470 1534 fructus
2510 1493 2680 1534 verae
2722 1477 2848 1530 vitae

579 1564 883 1635 producere
920 1581 1212 1637 possumus
1253 1565 1561 1636 (6‚15-7,6).
1594 1566 1887 1622 Relatione
1918 1565 2119 1622 deinde
2164 1568 2365 1638 Legem
2408 1566 2557 1621 inter
2586 1574 2645 1620 et
2680 1579 2848 1635 pecea-

577 1661 696 1708 tum
727 1653 999 1724 explicata
1021 1653 1277 1724 (7,7-25),
1302 1661 1533 1724 quartus
1560 1653 1873 1709 ostenditur
1894 1652 2125 1718 fructus,
2158 1669 2233 1708 sc.
2268 1653 2579 1709 beatitudo
2610 1651 2849 1708 hominis

578 1743 640 1794 in
671 1740 909 1796 Christo
937 1742 1158 1805 renati,
1185 1741 1277 1796 cui
1305 1739 1467 1796 datus
1495 1749 1579 1796 est
1602 1741 1871 1812 SpirituS‚
1906 1757 2003 1812 per
2032 1756 2198 1813 quem
2226 1741 2623 1796 constituimur
2642 1739 2741 1795 filii
2762 1736 2849 1793 Dei

579 1826 822 1898 adoptivi
850 1844 912 1883 ac
941 1829 1099 1899 proin
1127 1826 1466 1884 cohaeredes
1493 1828 1695 1884 Christi
1717 1833 1973 1896 (8‚1-30).
2006 1830 2185 1898 Quam
2214 1828 2645 1900 explicationem
2674 1826 2851 1882 Paulus

575 1915 838 1970 terminat
862 1915 1152 1988 magnifico
1177 1916 1393 1987 epilogo
1413 1915 1641 1983 docem,
1670 1916 1906 1972 salutem
1936 1915 2360 1971 iustificatorum
2383 1915 2485 1970 niti
2504 1915 2617 1970 Dei
2642 1922 2699 1970 et
2714 1913 2849 1970 Chri·

577 2001 646 2056 sti
674 2017 800 2074 erga
833 2017 927 2058 eos
955 2019 1171 2071 amore,
1199 2019 1230 2058 a
1258 2018 1367 2073 quo
1395 2002 1532 2058 nihil
1562 2018 1657 2058 eos
1682 2017 1941 2074 separare
1970 2003 2139 2074 possit
2164 2001 2446 2074 (8‚31-39).

406 2103 455 2153 3.
487 2098 810 2153 Doctrinam
839 2100 1142 2169 expositam
1171 2115 1212 2154 a
1239 2099 1537 2154 nonnullis
1572 2099 1938 2155 Iudaeorum
1979 2099 2399 2154 obiectionibus
2426 2099 2711 2154 vindicat
2736 2101 2852 2163 (9,1·

583 2190 782 2252 11,36).

473 2271 708 2327 Iudaeos
737 2273 884 2327 enim
905 2272 1152 2328 refutans
1180 2272 1448 2342 ostendit,
1477 2273 1745 2345 sanguine
1774 2283 1832 2330 et
1856 2274 2100 2330 naturali
2128 2274 2480 2346 generatione
2508 2273 2601 2329 ius
2632 2272 2703 2329 ad
2729 2273 2853 2328 salu·

574 2367 692 2414 tem
730 2374 844 2414 non
891 2361 1095 2430 acquiri
1141 2361 1441 2430 (9,1-29);
1486 2377 1753 2432 magnum
1802 2376 1932 2416 vero
1989 2360 2321 2417 Iudaeorum
2358 2374 2663 2416 numerum
2702 2361 2854 2431 parti-

575 2447 758 2517 cipem
785 2447 1211 2518 promissionum
1253 2464 1367 2503 non
1395 2463 1515 2504 esse
1560 2447 1791 2514 factum,
1828 2449 1956 2519 quia
1998 2449 2122 2504 illas
2161 2464 2275 2504 non
2316 2463 2382 2503 ea
2418 2449 2534 2514 via,
2583 2464 2729 2520 quae
2752 2446 2854 2502 sola

577 2549 704 2588 vera
739 2543 852 2600 est,
881 2534 1132 2590 obtinere
1169 2535 1561 2607 quaesiverunt
1593 2539 1983 2604 (9‚30-10,21);
2012 2551 2079 2590 ex
2123 2552 2189 2591 eo
2228 2544 2441 2604 autem,
2474 2537 2633 2608 quod
2673 2549 2853 2604 magna

573 2622 766 2693 populi
800 2637 930 2692 pars
973 2623 1332 2696 Evangelium
1375 2623 1675 2694 respuerit,
1712 2631 1878 2694 negat
1918 2623 2073 2694 sequi
2126 2623 2485 2678 reiectionem
2527 2622 2742 2694 populi.
2784 2623 2855 2676 De

577 2708 720 2765 facto
753 2710 902 2765 enim
936 2711 1098 2766 multi
1132 2710 1322 2766 ludaei
1356 2709 1496 2765 illud
1533 2720 1861 2781 receperunt
1900 2713 2183 2779 (lm-10),
2227 2711 2467 2766 aliorum
2505 2717 2851 2782 temporanea

576 2797 878 2853 infidelitas
915 2797 1272 2869 permittitur,
1305 2807 1367 2852 ut
1405 2797 1741 2869 praecedens
1779 2798 2130 2854 ethnicorum
2167 2797 2455 2853 conversio
2490 2796 2611 2852 illis
2634 2797 2729 2853 fiat
2769 2795 2852 2850 sti-

578 2887 759 2942 mulus
792 2889 1109 2953 (11‚11-24),
1140 2901 1315 2956 usque
1345 2883 1478 2940 dum
1509 2901 1703 2941 omnes
1736 2893 2127 2941 convertantur
2160 2887 2488 2954 (11‚25-32),
2528 2893 2705 2956 atque
2737 2893 2854 2939 tunc

576 2972 778 3028 clarior
823 2972 1107 3043 apparebit
1151 2972 1364 3027 infinita
1413 2973 1515 3028 Dei
1561 2973 1830 3044 sapientia
1872 2973 1999 3040 viiS‚
2030 2987 2166 3043 quas
2206 2972 2375 3028 homo
2422 2985 2535 3026 non
2579 2971 2850 3044 intelligit,

577 3075 770 3114 omnes
791 3058 863 3115 ad
890 3059 1125 3115 salutem
1150 3058 1430 3115 adducens
1458 3065 1786 3130 (11‚33-35).

403 3158 558 3210 PAns
586 3171 1020 3213 PARAENRTICA
1049 3161 1416 3226 (12‚1-15‚13)
1443 3161 1644 3214 varias
1674 3155 2090 3229 complectitur
2116 3155 2581 3213 admonitiones.

405 3259 451 3304 1.
481 3253 717 3308 Monita
751 3253 1068 3320 oenc-ralia
1102 3257 1458 3322 (12,1-13,14)
1489 3269 1807 3325 proponens
1841 3254 2047 3310 Paulus
2090 3256 2373 3310 Romanos
2414 3253 2769 3322 exhortatur,
2804 3259 2856 3304 ut

576 3338 633 3393 in
679 3342 802 3394 vica
846 3341 1130 3414 reliqiosa
1176 3339 1336 3397 donis
1379 3340 1759 3411 spiritualibus
1804 3342 1954 3396 velut
1997 3343 2237 3414 genuina
2290 3341 2566 3397 Ecclesiae
2620 3339 2853 3397 membra

576 3435 806 3482 utantur
837 3431 1102 3497 (12‚1-8)‚
1132 3429 1190 3484 in
1219 3429 1354 3483 vita
1387 3431 1629 3500 privata
1657 3444 1851 3484 omnes
1890 3429 2123 3484 virtutes
2158 3437 2451 3484 exerceant
2486 3427 2855 3497 (12‚9-21)‚in

574 3515 706 3569 vita
734 3515 904 3570 civili
930 3514 1300 3573 obedientiam
1330 3531 1462 3587 erga
1500 3517 1841 3588 superiores»,
1874 3516 2161 3572 caritatem
2186 3531 2319 3588 erga
2344 3531 2537 3571 omnes
2564 3516 2855 3572 exhibeant

579 3604 864 3672 (13‚1-10);
907 3602 978 3659 ad
1015 3603 1152 3659 haec
1197 3602 1346 3658 enim
1374 3617 1568 3658 omnes
1614 3603 1865 3676 instigari
1906 3603 2110 3659 debent
2151 3603 2561 3674 exspectatione
2592 3603 2855 3660 adventus

575 3689 778 3745 Christi
808 3695 1134 3761 (13,11-14).

399 3791 449 3840 2.
477 3788 756 3842 Montium
792 3790 1040 3860 speciale
1069 3790 1434 3855 (14‚1-15‚13)
1475 3783 1544 3840 de
1579 3785 1802 3841 infirmo
1836 3787 1895 3843 in
1929 3785 2039 3842 fide
2077 3786 2399 3844 sustinendo
2440 3786 2618 3843 addit.
2656 3789 2855 3843 Omnes

575 3873 863 3946 alloquens
899 3873 1209 3931 cavendum
1245 3890 1365 3928 esse
1409 3883 1632 3938 monet,
1662 3889 1733 3929 ne
1770 3889 1829 3929 se
1872 3883 2065 3930 mutuo
2108 3873 2411 3931 diiudicent
2452 3883 2549 3930 aut
2598 3881 2853 3946 spernant

575 3966 876 4032 (14‚1-12);
900 3960 1230 4019 eruditiores
1248 3969 1434 4016 autem
1462 3961 1748 4033 alloquens
1772 3961 2119 4028 exhortatur,
2151 3978 2221 4017 ne
2247 3945 2512 4018 fratribus
2540 3962 2851 4018 scandalum

576 4049 709 4105 dent
738 4056 839 4118 (14,
858 4055 1058 4116 13-23)‚
1093 4048 1193 4104 sed
1229 4048 1510 4104 Christum
1548 4049 1854 4118 imitentur,
1898 4049 1992 4120 qui
2031 4065 2226 4106 omnes
2267 4050 2699 4121 promissionum
2736 4065 2851 4121 par-

575 4137 765 4208 ticipes
794 4137 925 4194 fecit
951 4139 1235 4209 (15,1-14).

403 4233 467 4287 In
494 4234 742 4304 longiore
769 4249 1035 4291 nruooo
1061 4237 1454 4301 (15‚14-16‚27)
1485 4234 1750 4289 nonnulla
1780 4233 1997 4290 disserit
2026 4234 2096 4289 de
2132 4249 2229 4290 sua
2268 4235 2535 4291 relatione
2570 4231 2642 4290 ad
2682 4233 2847 4288 eccle-

575 4320 714 4375 siam
749 4337 1038 4378 romanam
1065 4327 1400 4390 (15‚14-33);
1428 4319 1691 4377 Phoeben
1720 4320 2089 4388 commendat,
2126 4338 2268 4392 quae
2297 4322 2591 4393 epistolam
2621 4324 2847 4377 Romam

573 4407 645 4462 sit
682 4408 944 4477 allatura;
986 4411 1192 4465 multos
1237 4408 1581 4464 Christianos
1617 4409 1949 4464 nominatim
1984 4409 2192 4466 salutat
2232 4413 2537 4480 (16,1·16);
2588 4408 2845 4464 monitum

574 4494 790 4563 inserit,
823 4504 884 4550 ut
915 4513 944 4550 a
971 4495 1330 4552 schismatum
1365 4495 1681 4552 auctoribus
1718 4505 1952 4552 caveant
1982 4500 2277 4568 (mm-20)
2305 4497 2539 4571 aliisque
2572 4493 2845 4554 salutatio-

577 4580 739 4636 nibus
765 4580 966 4637 additis
995 4584 1282 4654 epistolam
1309 4582 1607 4654 doxologia
1632 4583 1897 4638 terminat
1926 4589 2248 4650 (16‚21-27).
