3050 5184
467 327 586 386 198
668 343 743 387 ne
784 343 920 387 ver.
969 344 1227 388 rasum.
1273 343 1468 388 manis
1509 343 1859 388 msrotucrs.
1904 357 1987 370 --
2024 341 2155 386 car.
2203 343 2247 386 1.
2294 341 2369 385 ne
2410 341 2845 386 namneticae.

467 473 600 529 tiam
627 473 864 546 prodere
893 483 1146 531 asserunt
1170 475 1498 544 adversarii,
1529 474 1791 549 quoniam
1816 473 2252 546 quadringentos
2274 471 2389 529 fere
2418 489 2594 530 annos
2615 474 2761 530 inter
2788 472 2996 542 losephi

467 571 705 617 mortem
724 571 781 618 et
803 564 1011 637 Moysis
1030 563 1376 618 nativitatem
1395 563 1616 618 silentio
1636 561 1983 634 praeterierit
2002 569 2061 618 et
2078 561 2305 634 triginta
2320 569 2537 632 septem
2560 560 2996 634 peregrinationis

467 665 642 704 annos
669 651 858 722 paucis
885 651 1156 721 capitibus
1183 655 1377 718 (Num.
1409 657 1494 706 15.
1511 654 1665 717 49.)
1693 648 2012 706 absolverit.
2037 652 2115 705 At
2142 663 2249 705 nec
2272 649 2428 720 prius
2460 651 2777 720 exemplum
2806 649 2994 705 mosai-

465 751 562 792 cae
590 739 772 809 operis
800 739 998 810 origini
1021 738 1229 806 obstat,
1262 738 1388 810 quia
1421 737 1561 794 nihil
1584 737 1870 810 prohibet,
1900 737 2199 810 quominus
2228 738 2463 809 Moysen
2490 753 2593 792 nec
2618 753 2686 793 ex
2713 735 2994 794 traditione

465 841 567 880 nec
593 841 660 881 ex
685 823 1016 882 revelatione
1049 825 1353 899 quidquam
1380 827 1516 881 certi
1541 824 1611 881 de
1636 833 1758 882 toto
1784 824 1883 880 illo
1906 833 2160 896 tempore
2184 823 2407 880 scivisse
2431 823 2711 892 dicamus,
2738 840 2843 880 nec
2867 824 2994 879 alte-

466 929 620 980 rum,
661 912 731 968 de
769 929 880 985 quo
911 914 995 968 cfr
1021 917 1052 981 ς
1089 920 1176 983 1,5
1207 929 1259 986 p.
1297 919 1416 969 183.
1449 945 1519 953 —
1547 915 1723 968 Porro
1758 921 1875 968 tam
1914 914 2161 968 ieiunas
2189 927 2310 968 esse
2340 912 2641 968 nonnullas
2666 913 2995 968 narrationes

465 1000 746 1068 asseritur,
778 1009 838 1055 ut
859 1017 890 1056 a
917 1008 1055 1056 teste
1085 1001 1294 1056 oculari
1319 999 1484 1056 scribi
1503 1017 1621 1056 non
1649 1001 1929 1072 potuerint
1957 998 2169 1066 (Exod.
2197 1005 2283 1069 15,
2306 1004 2405 1068 253
2439 1004 2709 1066 17,8-16;
2742 1004 2989 1068 aaa-18:

463 1089 634 1141 Num.
673 1093 828 1155 7,89;
864 1093 1078 1154 21,33);
1111 1087 1279 1143 ieiuni
1307 1097 1495 1144 autem
1522 1086 1663 1143 nihil
1692 1086 1987 1160 detegitur,
2014 1087 2120 1142 nisi
2149 1085 2292 1142 forte
2320 1095 2613 1156 statuatur,
2648 1095 2849 1144 testem
2873 1103 2992 1141 ocu-

463 1173 638 1229 larem
675 1183 868 1230 omnes
901 1191 1118 1244 rerum,
1161 1191 1298 1248 quas
1336 1175 1494 1244 vidit,
1536 1176 1934 1231 minutissimas
1966 1175 2209 1231 rationes
2234 1173 2441 1231 referre
2469 1175 2693 1231 debere.
2736 1205 2811 1216 --
2845 1173 2991 1232 Ordo

463 1263 894 1334 chronoloyicus
915 1269 971 1320 et
999 1265 1288 1320 naturalis
1313 1263 1597 1319 nonnullis
1622 1265 1679 1319 in
1699 1263 1833 1319 locis
1856 1271 2092 1334 negatur
2113 1277 2233 1318 esse
2252 1261 2602 1333 observatus3
2631 1271 2691 1320 at
2706 1263 2986 1318 immerito.

465 1350 667 1422 Moysis
695 1352 842 1406 enim
881 1359 938 1406 et
973 1353 1211 1408 Aaronis
1235 1351 1555 1424 genealogia
1586 1359 1733 1407 recte
1765 1351 1843 1407 ibi
1871 1350 2120 1420 affertur,
2148 1349 2244 1405 ubi
2278 1351 2429 1406 velut
2454 1365 2727 1422 personae
2762 1350 2990 1422 publicae.

461 1452 651 1494 coram
677 1437 966 1495 Pharaone
985 1455 1148 1512 agere
1175 1448 1476 1510 coeperunt
1497 1439 1709 1506 (Exod.
1741 1443 1870 1503 6‚14
1900 1442 2070 1512 sqq.).
2102 1441 2297 1512 Neque
2317 1454 2387 1494 ex
2403 1439 2603 1495 Exod.
2637 1444 2783 1509 18‚5.
2810 1444 2891 1494 12.
2915 1443 2983 1493 19.

461 1526 728 1596 sequitur,
773 1525 1095 1582 lethronem
1124 1525 1196 1581 ad
1239 1527 1466 1597 Moysen
1505 1527 1747 1594 venisse,
1780 1533 2077 1598 postquam
2114 1525 2229 1583 Lex
2265 1525 2323 1582 in
2348 1535 2541 1582 monte
2566 1525 2719 1582 Sinai
2752 1527 2863 1582 iam
2886 1535 2987 1580 erat

461 1611 588 1668 data
629 1622 685 1669 et
721 1614 1144 1670 tabernaculum
1174 1621 1545 1682 exstructum3
1581 1629 1713 1669 nam
1742 1629 1907 1669 mons
1941 1615 2049 1670 Dei
2078 1617 2153 1681 (v.
2192 1617 2249 1683 6)
2288 1621 2374 1670 est
2404 1614 2618 1685 Horeb,
2660 1614 2701 1670 i.
2736 1631 2785 1670 e.
2826 1623 2981 1668 totum

461 1699 600 1755 illud
637 1709 996 1770 montanum,
1036 1703 1191 1757 cuius
1219 1701 1364 1758 Sinai
1393 1701 1755 1773 praecipuum
1782 1710 1867 1757 est
1893 1716 2186 1771 cacumen3
2220 1718 2446 1775 panem
2482 1701 2779 1758 comedere
2812 1717 2978 1757 coram

461 1791 707 1843 Domino
735 1794 808 1856 (v.
835 1795 918 1855 12)
933 1833 947 1860 ,
975 1789 1013 1844 i.
1045 1806 1094 1844 e.
1119 1790 1312 1860 epulas
1334 1789 1663 1845 sacrificales
1686 1789 1988 1858 celebrare,
2017 1797 2319 1861 potuerunt
2342 1789 2632 1846 Israelitae
2656 1799 2788 1846 ante
2800 1791 2977 1862 Legem

459 1874 676 1944 datam3
705 1862 872 1948 atque
898 1878 1087 1949 populi
1116 1893 1204 1933 res
1227 1897 1252 1928 «
1278 1877 1364 1933 ad
1385 1881 1567 1932 Deum
1597 1897 1622 1928 »
1652 1881 1728 1944 (v.
1757 1881 1843 1945 19)
1868 1877 2037 1934 etiam
2058 1885 2187 1933 ante
2207 1877 2548 1934 tabernaculi
2572 1877 2975 1934 exstructionem

457 1963 854 2020 reserebantur.
883 1967 1061 2020 Unica
1087 1964 1468 2037 chronologici
1496 1963 1707 2021 ordinis
1732 1965 1971 2021 inversio
2001 1965 2071 2021 ab
2100 1973 2328 2022 auctore
2354 1965 2476 2036 ipso
2504 1963 2786 2022 indicatur
2807 1968 2972 2032 (Num.

460 2058 544 2116 1,1
573 2067 695 2123 sqq.
724 2059 886 2132 etu7,1
927 2069 1048 2126 sqq.
1077 2051 1162 2110 cfr
1182 2056 1213 2120 §
1239 2059 1352 2118 1,5,
1376 2069 1432 2108 n.
1462 2059 1514 2108 3.
1546 2069 1601 2125 p.
1629 2057 1770 2120 184).
1792 2084 1865 2094 —
1886 2052 1998 2110 Sed
2026 2051 2159 2125 quid
2186 2053 2381 2124 plura?
2408 2055 2619 2110 Omnes
2646 2055 2795 2110 enim
2820 2061 2976 2108 textus

456 2140 698 2196 obiectos
727 2141 1042 2197 examinare
1075 2143 1159 2196 vel
1187 2139 1312 2196 ideo
1347 2149 1431 2196 est
1465 2142 1841 2212 superfluum,
1874 2142 2031 2214 quia,
2072 2140 2119 2197 si
2158 2149 2243 2196 tot
2278 2149 2466 2197 essent
2500 2142 2766 2212 lacunae,
2803 2155 2972 2196 narra·

455 2229 634 2284 tiones
661 2227 908 2297 iciunae,
940 2229 1313 2298 repetitiones,
1347 2227 1557 2284 ordinis
1580 2228 1915 2284 inversiones
1942 2237 2073 2297 etc.,
2102 2237 2242 2300 quot
2267 2229 2541 2285 invenisse
2568 2229 2869 2286 adversarii
2890 2225 2971 2282 sibi

457 2314 730 2383 videntur,
771 2316 912 2371 nihil
953 2326 1144 2372 contra
1187 2317 1490 2372 mosaicam
1535 2315 1717 2387 operis
1754 2315 2019 2388 originem
2058 2313 2399 2386 efficeretur,
2440 2315 2511 2372 ad
2548 2332 2831 2373 summum
2853 2321 2969 2371 esset

453 2402 896 2471 concedendum,
923 2406 1151 2478 Moysen
1183 2404 1241 2459 in
1269 2403 1574 2460 scribendis
1598 2402 1750 2459 libris
1778 2419 1975 2476 parum
2009 2401 2175 2459 fuisse
2203 2412 2502 2461 versatum.

532 2576 589 2632 4.
625 2567 1016 2632 —Alterum
1055 2574 1483 2634 obiectionum
1524 2573 1765 2632 fontem
1806 2571 2201 2634 constituunt
2234 2577 2638 2652 expressiones
2673 2571 2967 2634 nonnullae

453 2676 741 2746 notaeque
769 2668 1118 2748 historicae,
1144 2670 1672 2745 archaeoloyicae,
1695 2669 2161 2748 qeoqraphicae,
2184 2686 2346 2747 quae
2376 2687 2414 2730 a
2444 2669 2658 2748 Moyse
2688 2663 2961 2730 conscribi

450 2782 574 2825 non
603 2765 880 2844 potuisse
911 2765 1227 2826 dicuntur.
1262 2766 1426 2837 Quas
1455 2781 1675 2826 omnes
1706 2782 1850 2826 cum
1877 2765 2159 2826 mosaica
2188 2767 2398 2844 operis
2427 2765 2675 2844 origine
2704 2766 2833 2826 sine
2860 2763 2961 2824 ullo

446 2862 701 2939 negotio
731 2861 1120 2932 conciliabit,
1156 2862 1271 2940 qui
1311 2878 1456 2922 cum
1495 2861 1715 2923 multis
1753 2861 2033 2940 antiquis
2071 2865 2137 2924 et
2172 2861 2495 2923 modernis
2536 2861 2959 2941 interpretibus

446 2958 768 3018 catholicis
815 2975 918 3018 eas
968 2975 1104 3018 esse
1146 2957 1376 3019 dixerit
1420 2958 1657 3036 glossas
1698 2959 1776 3018 ab
1817 2959 2011 3019 Esdra
2046 2958 2143 3020 vel
2184 2958 2311 3019 alio
2350 2959 2659 3036 scriptore
2690 2959 2959 3036 inspirato

448 3058 558 3114 aut
586 3055 775 3114 etiam
805 3071 843 3114 a
881 3054 1092 3114 sciolis
1131 3053 1406 3114 librariis
1447 3056 1715 3115 insertas
1746 3054 1862 3134 (cfr
1887 3056 1919 3132 §
1944 3056 2005 3129 3,
2042 3058 2100 3115 1.
2134 3074 2198 3133 p.
2236 3053 2397 3135 189).
2431 3058 2725 3118 Attamen
2752 3059 2819 3116 ut
2842 3068 2955 3112 mo-

449 3150 789 3210 dernorum
819 3150 1208 3210 obiectiones
1229 3151 1604 3220 refutentur,
1630 3150 1710 3211 ad
1740 3151 2052 3212 eiusmodi
2080 3151 2321 3229 glossas
2340 3169 2667 3213 recurrere
2686 3169 2836 3230 opus
2858 3165 2956 3208 non

443 3250 571 3318 est;
605 3247 710 3305 vix
745 3264 872 3306 non
909 3263 1130 3306 omnes
1170 3247 1343 3306 enim
1381 3249 1657 3324 genuina
1694 3250 1985 3308 textuum
2025 3248 2441 3326 explicatione
2480 3251 2876 3314 evanescunt,
2906 3241 2955 3301 id

448 3343 614 3419 quod
647 3359 723 3402 ex
753 3343 1237 3420 praecipuarum
1269 3343 1556 3404 examine
1586 3342 1888 3421 patebit2.

515 3460 592 3521 a.)
631 3455 890 3510 Formula
924 3477 949 3505 α
991 3471 1168 3528 usque
1206 3455 1294 3511 ad
1333 3455 1489 3511 hanc
1531 3455 1692 3511 diem
1738 3477 1763 3508 n
1796 3457 2010 3513 nullam
2050 3466 2203 3513 creat
2229 3457 2646 3528 difficultatem,
2680 3454 2877 3530 quotics
2908 3451 2951 3505 in

444 3543 648 3598 Genesi
672 3542 914 3598 adhibita
945 3552 1050 3610 est,
1081 3559 1183 3598 nce
1210 3547 1378 3598 Dent.
1405 3549 1562 3612 2,22;
1594 3550 1748 3611 1o,8;
1776 3549 1925 3612 29,3,
1953 3545 2047 3617 qui
2070 3553 2257 3601 textus
2281 3553 2377 3600 aut
2398 3546 2469 3601 de
2491 3545 2663 3602 rebus
2688 3553 2809 3601 ante
2830 3543 2949 3608 Moy·
2983 3571 2984 3578 2

443 3630 516 3685 sis
545 3637 781 3686 aetatem
811 3632 1044 3702 peractis
1073 3639 1170 3685 aut
1192 3630 1264 3685 de
1290 3630 1443 3686 initio
1473 3631 1931 3704 peregrinationis
1954 3640 2154 3704 agunt,
2178 3649 2285 3688 nec
2307 3637 2478 3689 Dent.
2506 3639 2655 3702 34,6,
2684 3633 2772 3705 qui
2796 3639 2951 3684 versus
2980 3655 2982 3673 ε

447 3734 556 3774 una
586 3734 712 3772 cum
740 3719 955 3790 integro
984 3719 1160 3789 capite
1188 3719 1332 3774 libro
1355 3719 1653 3774 terminato
1684 3735 1713 3774 a
1741 3719 1955 3775 iuniore
1977 3734 2149 3775 manu
2170 3718 2395 3776 additus
2419 3720 2490 3777 ab
2510 3719 2763 3777 omnibus
2783 3729 2949 3774 conce·
2978 3727 2980 3764 1

445 3805 612 3862 ditur.
645 3809 902 3861 Attamen
932 3811 1094 3863 Deut.
1125 3813 1252 3874 3,ss
1283 3821 1489 3862 nomen
1527 3811 1723 3862 Busan
1758 3807 2002 3863 Hae-oth
2029 3807 2184 3877 latr,
2210 3807 2364 3880 quod
2393 3809 2705 3866 civitatibus
2734 3805 2833 3862 illis
2858 3813 2947 3858 non
2976 3799 2978 3857 1

447 3895 551 3948 nisi
577 3896 792 3966 paucis
829 3895 1126 3949 mensibus
1155 3901 1318 3950 antea
1343 3895 1555 3965 imponi
1582 3896 1788 3966 potuit,
1824 3915 1853 3946 «
1883 3911 2059 3968 usque
2092 3894 2166 3950 ad
2194 3894 2338 3952 hanc
2365 3894 2514 3952 diem
2544 3918 2571 3950 a·
2614 3899 2947 3968 perseverasse
2974 3887 2976 3949 i

447 3982 664 4038 dicitur.
707 3981 794 4037 Ad
833 3997 1000 4054 quam
1027 3980 1413 4038 difficultatem
1452 3981 1779 4038 solvendam
1805 3991 1955 4038 recte
1983 3991 2217 4038 monent
2253 3983 2533 4057 plerique,
2569 3980 2826 4040 eiusmodi
2854 3977 2945 4032 sor·

447 4187 604 4233 Num.
636 4187 750 4240 28.ss
776 4184 880 4246 agit
902 4183 967 4232 de
991 4181 1292 4232 holocausto
1319 4182 1657 4247 quadraginta
1676 4183 1785 4234 fere
1816 4185 1967 4234 annis
1996 4187 2149 4236 antea
2170 4183 2441 4246 institutog
2472 4186 2625 4238 Num.
2656 4189 2787 4244 1532
2812 4193 2876 4242 sq.
2895 4175 2943 4225 de
2965 4207 2967 4212 ·

447 4262 751 4324 praeceptis,
780 4274 912 4326 quae
944 4261 998 4310 in
1025 4265 1202 4312 monte
1235 4262 1374 4312 Sinai
1403 4261 1632 4325 patribus
1660 4266 1713 4312 et
1740 4262 1976 4328 deinceps
2004 4266 2117 4314 toto
2148 4264 2565 4328 peregrinationis
2586 4268 2801 4327 tempore
2824 4255 2943 4308 novis

446 4341 790 4390 crescentibus
807 4339 1214 4402 generationibus
1242 4339 1361 4390 data
1387 4344 1524 4390 sunt.

510 4418 576 4479 (2)
605 4420 782 4482 ingens
812 4423 1048 4468 textuum
1077 4419 1276 4482 farrago
1304 4418 1368 4468 ab
1395 4418 1775 4482 antiquioribus
1806 4418 2141 4472 rationalistis
2170 4425 2405 4486 congesta
2441 4437 2473 4473 a
2498 4419 2843 4473 recentioribus
2868 4413 2937 4462 de·

449 4495 660 4557 spicitur
687 4497 903 4560 ideoque
935 4498 1090 4547 etiam
1114 4511 1144 4546 a
1173 4497 1321 4547 nobis
1347 4498 1800 4562 praetermittitur;
1831 4512 1916 4549 eas
1946 4499 2082 4550 solas
2106 4499 2261 4563 igitur
2280 4499 2605 4552 difficultates
2626 4503 2935 4565 proponemus·

449 4573 647 4634 quasin
669 4575 1026 4626 recentissimis
1049 4575 1491 4626 introductionum
1511 4589 1722 4626 suarum
1750 4577 2059 4628 editionibus
2085 4580 2404 4630 retinuerunt
2430 4585 2502 4631 De
2532 4581 2692 4630 wem
2708 4569 2937 4626 Schrader

452 4650 647 4712 (1869),
681 4653 838 4702 Bleek
876 4655 1214 4705 Wellhausen
1243 4655 1442 4718 (¹878.),
1477 4655 1643 4706 Vatke
1664 4655 1863 4720 (1886.).
