3050 5184
526 300 841 346 becumen
878 299 1281 345 ruineurmun
1322 301 1395 345 nn
1438 300 1746 347 vunculis
1787 304 2220 351 sucrourrns.
2523 293 2630 351 111

333 512 365 595 ἓ
396 517 495 579 18.
526 550 615 561 -
644 516 999 579 Decretum
1038 510 1495 578 Tridentinum
1533 512 1616 581 de
1659 514 1980 604 Vulqatae
2012 516 2433 583 auctoritate.

220 704 267 759 1.
290 736 365 745 —-
390 706 596 765 Patres
638 705 1023 776 Tridentini,
1057 722 1254 782 quum
1294 704 1373 765 de
1410 706 1691 767 fontibus
1731 709 2131 769 revelationis
2169 712 2458 788 agerent,
2487 709 2638 769 haec

158 795 217 855 de
240 800 480 877 Vulgata
506 806 857 863 statuerunt
884 821 898 862 :
931 824 961 857 «
992 800 1231 862 Eadem
1257 809 1632 863 sacrosancta
1658 804 1942 881 Synodus
1969 806 2350 866 considerans
2375 824 2496 865 non
2521 822 2633 882 pa-

157 910 261 953 rum
285 898 561 958 utilitatis
582 898 859 959 accedere
875 916 1047 977 posse
1070 898 1363 959 Ecclesiae
1388 898 1508 959 Dei
1518 945 1533 970 ‚
1561 902 1615 959 si
1637 918 1716 960 ex
1737 900 2011 961 omnibus
2036 900 2236 961 latinis
2264 902 2632 975 editionibus,

155 1008 273 1065 quae
296 992 817 1073 circumferuntur,
849 1012 1155 1055 sacrorum
1184 995 1503 1069 librorum,
1538 1014 1830 1074 quaenam
1857 1016 1967 1076 pro
1995 998 2342 1059 authentica
2370 996 2638 1059 habenda

156 1091 239 1159 sit,
262 1092 599 1165 innotescat,
626 1096 837 1153 statuit
864 1098 925 1153 et
952 1092 1237 1165 declarat,
1271 1097 1337 1151 ut
1364 1092 1508 1153 haec
1531 1097 1661 1173 ipsa
1687 1100 1860 1154 vetus
1887 1098 1946 1155 et
1983 1092 2238 1171 Vulqata
2264 1093 2638 1173 edium—quae

154 1182 293 1261 lonyo
318 1192 400 1247 tot
424 1188 789 1251 saeculorum
816 1207 927 1250 usu
954 1194 1023 1250 in
1048 1194 1179 1268 ipsa
1204 1188 1471 1251 Ecclesia
1491 1190 1744 1269 probata
1767 1197 1872 1261 est,
1904 1196 1967 1251 in
1990 1190 2244 1269 publicis
2271 1191 2635 1267 lectionibus,

154 1280 655 1359 disputationibus,
681 1284 1227 1367 praedicationibus
1256 1293 1313 1346 et
1336 1287 1820 1364 expositionibus,
1841 1305 1960 1367 pro
1988 1286 2324 1349 authentica
2351 1287 2640 1349 habeatur

153 1382 195 1435 et
218 1386 277 1438 ut
312 1399 481 1442 nemo
514 1384 691 1443 illam
730 1387 969 1445 reiicere
1006 1389 1215 1461 quovis
1238 1390 1562 1462 praetextu
1594 1384 1818 1445 audeat
1847 1385 1942 1445 vel
1967 1392 2390 1463 praesumat...
2421 1385 2543 1447 Sed
2579 1391 2640 1445 et

154 1477 558 1551 impressoribus
582 1481 824 1541 modum
852 1485 921 1541 in
947 1481 1058 1541 hac
1081 1486 1275 1559 parte,
1300 1490 1369 1541 ut
1387 1499 1505 1559 par
1533 1489 1639 1557 est,
1668 1486 1972 1560 imponere
1995 1482 2213 1543 volens.
2226 1526 2266 1541 ..
2295 1481 2556 1543 decernit
2581 1489 2640 1541 et

152 1573 336 1648 statuit,
367 1581 435 1635 at
458 1577 699 1655 posthac
724 1578 788 1638 S.
818 1578 1157 1655 Scriptura,
1182 1581 1560 1655 potissimum
1591 1597 1724 1639 vero
1755 1578 1896 1639 haec
1937 1579 2070 1656 ipsa
2101 1586 2266 1639 vetus
2301 1584 2356 1639 et
2395 1580 2640 1657 Vulqata

153 1667 297 1729 editio
322 1690 497 1751 qaam
526 1674 995 1735 emendatissime
1018 1678 1402 1755 imprimatur
1434 1698 1488 1733 ».

202 1784 400 1856 Duplici
428 1802 495 1842 ex
524 1787 701 1858 capite
728 1788 923 1843 Patres
950 1786 1277 1855 Tridentini,
1309 1787 1439 1859 quid
1471 1788 1540 1844 de
1566 1788 1804 1861 Vulgata
1831 1788 2182 1845 sentiendum
2205 1795 2367 1857 esset,
2399 1797 2642 1844 statuere

156 1880 279 1925 erant
306 1875 507 1943 coacti;
536 1888 569 1929 a
596 1875 951 1931 novatoribus
980 1876 1127 1931 enim
1154 1884 1339 1947 aperte
1364 1876 1746 1947 respuebatur,
1783 1892 1814 1932 a
1848 1876 2136 1933 catholicis
2161 1874 2440 1932 nonnullis
2465 1875 2640 1947 negli-

158 1956 346 2027 gebatur
367 1970 421 2017 et
440 1962 735 2019 arbitrario
752 1962 922 2018 modo
946 1963 1282 2019 mutabatur.
1310 1961 1443 2019 Ideo
1468 1964 1655 2020 statim
1683 1963 1752 2021 ab
1779 1964 1937 2019 initio
1957 1963 2208 2036 deputati
2237 1971 2364 2019 sunt
2391 1964 2642 2019 nonnulli

158 2045 330 2116 Patres,
358 2059 421 2104 ut
454 2050 689 2118 abusus,
722 2052 815 2123 qui
850 2052 995 2107 circa
1034 2051 1205 2107 libros
1244 2066 1431 2107 sacros
1469 2052 1849 2124 irrepsissent,
1882 2060 2306 2125 cognoscerent,
2338 2067 2642 2123 eorumque

154 2135 354 2191 remedia
382 2145 775 2209 proponerent.
807 2139 915 2208 Qui
943 2137 1083 2194 duos
1123 2138 1327 2195 abusus
1353 2139 1527 2195 relate
1555 2138 1626 2195 ad
1655 2137 2061 2211 scripturarum
2103 2139 2372 2195 editiones
2407 2137 2641 2195 adnota-

156 2230 278 2284 runt,
307 2232 468 2296 atque
498 2226 741 2298 primum
764 2225 1013 2298 quidem,
1046 2225 1197 2299 quod
1223 2226 1430 2283 multae
1458 2225 1714 2283 adessent
1742 2227 2029 2295 editiones,
2059 2242 2202 2299 quae
2231 2240 2331 2299 pro
2358 2226 2640 2283 authenti-

150 2319 207 2373 cis
228 2320 629 2386 adhiberentur,
666 2319 930 2387 alterum,
968 2317 1117 2391 quod
1146 2334 1348 2391 magna
1377 2318 1652 2390 vulgatae
1691 2315 1950 2372 editionis
1981 2315 2302 2372 invaluisset
2333 2315 2649 2387 corruptio;

150 2408 215 2461 cui
238 2408 425 2481 duplici
453 2408 657 2465 abusui
686 2406 932 2463 occurrit
964 2405 1253 2462 decretum
1288 2404 1709 2469 Tridentinum‚
1755 2402 1905 2477 quod
1943 2404 2057 2460 iam
2085 2405 2396 2461 accuratius
2431 2412 2516 2460 est
2551 2420 2650 2461 ex-

151 2494 441 2565 plicandum.
470 2496 634 2552 Prior
661 2496 809 2551 enim
834 2495 953 2551 eius
982 2509 1107 2565 pars
1138 2510 1253 2549 non
1285 2502 1505 2549 tantum
1544 2508 1575 2548 a
1619 2492 2056 2564 protestantibus
2084 2508 2304 2565 semper
2328 2491 2648 2565 impugnata

150 2592 213 2637 est
234 2592 281 2639 et
306 2584 467 2641 bodie
494 2585 874 2656 impugnatur,
909 2581 1011 2639 sed
1039 2583 1209 2640 etiam
1233 2582 1380 2637 inter
1408 2580 1718 2639 catholicos
1741 2581 1874 2637 satis
1907 2580 2298 2638 vehementem
2331 2582 2464 2638 olim
2498 2581 2644 2637 exci-

148 2671 255 2727 tavit
274 2674 725 2739 controversiam,
758 2671 883 2727 aliis
909 2669 1121 2727 decreti
1144 2669 1413 2727 ambitum
1437 2670 1585 2726 ultra
1613 2670 1788 2725 iustos
1816 2668 2020 2725 limites
2047 2668 2497 2737 extendentibuS,
2529 2669 2652 2725 aliis

149 2758 279 2815 nimis
295 2776 415 2817 eum
432 2759 875 2828 coarctantibus;
905 2758 1053 2815 inter
1078 2774 1221 2831 quos
1240 2756 1484 2815 mediam
1508 2759 1658 2813 viam
1677 2764 1931 2814 tenentes
1949 2772 2173 2813 sensum
2193 2756 2401 2813 decreti
2419 2756 2649 2813 delinire

150 2848 426 2905 conabimur
454 2849 613 2906 hisce
640 2847 910 2903 thesibuS.

212 2996 261 3053 2·
286 3031 359 3041 —
384 3001 651 3061 Decreto
680 3018 793 3061 suo
817 3001 1032 3061 Patres
1058 3000 1406 3063 Tridentini
1437 3020 1554 3064 nec
1591 3003 1864 3065 textibus
1901 3002 2292 3081 primigeniis
2331 3018 2446 3062 nec
2484 3002 2642 3061 anti-

154 3091 267 3163 quis
288 3098 675 3157 versionibus
694 3144 709 3170 ‚
742 3114 907 3175 quae
934 3115 1187 3176 semper
1209 3100 1274 3159 in
1304 3100 1618 3161 Ecclesiae
1645 3117 1764 3161 usu
1793 3103 1998 3171 erant,
2031 3100 2358 3177 vulgatam
2384 3102 2638 3177 praetu-

156 3184 349 3265 lerunt,
374 3210 581 3273 neque
601 3194 929 3272 vulgatam
952 3196 1381 3258 authenticum
1406 3196 1810 3257 revelationis
1831 3196 2071 3257 fontem
2095 3213 2231 3257 esse
2257 3195 2644 3257 declarantes

156 3282 255 3345 ullo
276 3290 453 3351 modo
477 3294 767 3351 textuum
788 3291 1309 3370 primigeniorum
1325 3291 1809 3372 versionumque
1833 3294 2236 3371 antiquarum
2255 3292 2644 3354 authentiam

158 3393 434 3458 negarunt.

209 3494 473 3569 Continua,
508 3518 655 3574 quae
681 3518 713 3558 a
744 3501 867 3571 plus
886 3502 1067 3559 tribus
1090 3504 1320 3559 saeculis
1344 3503 1629 3575 repetitur,
1661 3503 1798 3559 haec
1821 3511 1905 3558 est
1934 3503 2358 3574 protestantium
2387 3501 2640 3567 obiectio,

158 3592 179 3631 a
202 3583 507 3645 Tridentinis
534 3591 884 3662 primigenias
908 3590 1217 3663 Scripturas
1239 3600 1293 3647 et
1318 3592 1575 3663 antiquas
1601 3590 1880 3646 versiones
1908 3606 2027 3646 esse
2051 3589 2280 3645 reiectas
2312 3588 2644 3645 contemtui-

160 3682 243 3737 que
262 3680 559 3747 expositas;
591 3686 755 3750 atque
784 3678 1068 3735 fatendum
1096 3687 1205 3747 est,
1241 3680 1456 3752 aliquos
1492 3679 1780 3750 theologos
1809 3677 2114 3734 catholicos
2137 3678 2214 3732 ita
2243 3677 2534 3748 aliquoties
2571 3674 2640 3731 de

160 3754 349 3830 Vulgata
370 3765 551 3837 loqui,
584 3780 651 3822 ac
672 3767 720 3822 si
745 3767 883 3823 haec
910 3768 1027 3823 sola
1055 3774 1197 3823 esset
1218 3766 1480 3839 theologo
1509 3766 1782 3822 catholico
1815 3764 2000 3821 relicta
2027 3782 2130 3821 nec
2159 3780 2226 3821 ex
2255 3764 2375 3820 aliis
2401 3763 2640 3819 textibus

162 3844 361 3907 validum
381 3862 765 3927 argumentum
793 3854 1168 3927 dogmaticum
1196 3854 1412 3911 desumi
1437 3863 1640 3927 posset.
1673 3856 1794 3909 Iam
1821 3868 1951 3909 vero
1989 3853 2134 3909 hanc
2159 3868 2273 3908 non
2315 3851 2478 3907 fuisse
2515 3851 2638 3906 Tri-

160 3928 467 3998 dentinorum
494 3950 739 3998 mentem
764 3958 824 3999 a.
830 3947 849 4010 )
873 3941 1035 3998 docet
1069 3942 1363 3999 decretum
1400 3946 1626 4015 ipsum,
1659 3940 1810 4013 quod
1835 3956 1906 3996 ne
1933 3956 2048 3997 uno
2075 3939 2298 4012 quidem
2321 3938 2547 3996 verbulo
2570 3937 2642 3993 de

162 4022 359 4082 textibus
380 4028 715 4102 primigeniis
745 4038 843 4086 aut
866 4030 986 4086 aliis
1014 4030 1249 4102 antiquis
1274 4028 1618 4087 versionibus
1643 4029 1909 4101 loquitur,
1937 4026 2034 4084 sed
2067 4028 2357 4085 dumtaxat
2389 4048 2414 4077 α
2445 4042 2520 4081 em
2545 4027 2640 4081 la·

164 4109 281 4164 linis
300 4114 666 4183 editionibus,
698 4132 845 4191 qaae
864 4122 997 4175 tunc
1033 4117 1605 4192 circumferebantur
1629 4136 1658 4169 x·
1689 4132 1859 4173 unam
1885 4132 1988 4189 pro
2025 4116 2338 4172 authentica
2375 4113 2640 4169 declarat.

168 4192 227 4262 ὁ.)
244 4198 383 4258 ldem
404 4205 583 4261 elucet
605 4222 681 4261 ex
702 4205 921 4263 decreti
948 4205 1227 4263 historia.
1254 4204 1617 4262 Occasionem
1647 4204 1793 4261 enim
1817 4203 2042 4260 decreto
2067 4202 2220 4259 dedit
2245 4202 2448 4259 abusus
2475 4200 2646 4256 varie-

165 4286 257 4340 tate
268 4302 519 4349 novarum
546 4292 862 4350 versionum
882 4293 1219 4349 latinarum
1246 4301 1498 4361 exortus,
1525 4292 1598 4349 ad
1625 4308 1789 4365 quem
1819 4290 2180 4348 auferendum
2203 4298 2352 4346 certe
2377 4305 2515 4361 opus
2531 4304 2646 4345 non

168 4381 278 4442 erat,
294 4386 350 4433 ut
368 4388 546 4437 textus
568 4382 881 4455 primigenii
904 4391 1000 4438 aut
1024 4382 1300 4438 versiones
1321 4398 1439 4437 non
1460 4379 1662 4437 latinae
1685 4381 2062 4437 reiicerentur.
2089 4378 2236 4435 Hinc
2259 4377 2426 4433 etiam
2446 4378 2508 4433 in
2528 4384 2646 4433 tota

170 4452 253 4514 hac
276 4468 577 4534 quaestione
605 4471 795 4526 Patres
822 4469 892 4525 de
916 4470 1257 4542 primigeniis
1286 4468 1529 4525 textibus
1555 4468 1723 4525 locuti
1757 4484 1871 4525 non
1899 4477 2060 4523 sunt.
2091 4480 2265 4538 quum
2293 4474 2476 4522 autem
2505 4480 2648 4520 unus

170 4545 328 4607 saltem
352 4556 478 4612 alias
505 4558 699 4614 latinas
728 4556 994 4615 editiones
1022 4565 1187 4630 atque
1214 4556 1630 4613 alexandrinam
1667 4556 2027 4613 reiiciendas
2054 4570 2172 4611 esse
2217 4556 2535 4623 censuisset,
2565 4568 2648 4608 re·

172 4633 385 4698 &iterum
410 4645 603 4721 reliqui
622 4654 787 4720 atque
814 4644 1100 4703 decretum
1125 4644 1233 4702 illis
1260 4644 1440 4703 verbis
1462 4645 1678 4718 concipi
1703 4646 2007 4715 iusserunt,
2041 4642 2238 4716 quibus
2263 4642 2498 4716 Vulgata
2525 4641 2648 4714 qui·
