3050 5184
690 348 763 391 na
805 345 1082 392 nx'rsum
1124 344 1267 389 Novi
1311 344 1477 389 resr.
1526 346 1832 391 munorum
1874 346 2102 391 roam.
2589 334 2664 393 73

180 477 561 535 describendum
586 488 871 535 curaverat
884 520 899 543 ‚
926 486 990 533 ut
1016 476 1262 549 singulae
1290 475 1467 533 lineae
1494 476 1722 548 phrasin
1748 478 2092 535 continerent
2106 518 2120 541 ,
2149 493 2290 551 quae
2319 494 2430 535 uno
2471 479 2661 551 spiritu

178 566 553 634 pronuncianda
581 575 727 632 erat,
754 575 921 638 atque
950 565 1145 622 eadem
1191 564 1620 627 sticliometrica,
1653 565 1928 623 scribendi
1955 566 2169 623 ratione
2214 567 2482 623 nonnulla
2524 566 2663 622 Novi

176 655 293 710 Test.
328 653 661 725 exemplaria
686 654 993 726 conscripta
1030 661 1187 721 sunt3
1218 650 1315 709 sed
1356 668 1530 724 quum
1563 654 1796 709 nimium
1839 654 2002 725 spatii
2035 653 2128 709 ille
2160 654 2432 709 scribendi
2465 652 2662 709 modus

172 740 477 811 absumeret,
506 742 705 797 iterum
734 742 875 797 serie
898 740 1157 797 continua
1184 739 1348 795 scribi
1371 748 1630 811 coeptum
1656 750 1740 796 est
1763 742 1868 813 ita,
1904 750 1967 809 ut
1991 742 2210 813 punctis
2231 742 2406 797 textui
2442 742 2662 797 insertis

170 828 409 885 distinctio
436 828 743 886 stichorum
768 828 1123 885 indicaretur.
1148 830 1248 884 Ex.
1272 844 1355 899 gr.
1386 828 1443 883 iu
1462 826 1650 884 codice
1673 830 1860 903 Cypr„
1882 830 2038 885 cuius
2059 828 2222 886 verba
2237 837 2426 885 tamen
2452 829 2659 885 minus-

168 917 283 971 culis
306 926 357 972 et
383 918 663 973 vocabulis
690 917 957 988 separatis
983 915 1397 972 transcribimus
1425 916 1656 983 (March.
1686 923 1808 983 221
1848 922 1954 988 sq.)
1988 933 2002 971 z
2039 916 2068 970 ὅ
2094 917 2147 970 δὲ
2177 916 2406 987 ἐγερθεὶς.
2443 916 2656 987 παρελά-

167 1003 261 1056 tm
282 1006 335 1058 τὸ
350 1006 563 1061 παιδίον.
588 1006 672 1058 καὶ
698 1003 787 1070 τὴν
810 1006 992 1075 μητέρα
1019 1004 1185 1058 αὑτοῦ.
1208 1004 1291 1057 καὶ
1316 1000 1467 1071 ἦλθεν
1492 1003 1558 1066 εἰς
1576 1008 1672 1071 γῆν
1704 1003 1924 1075 Ἰσραήλ.
1956 1004 2164 1067 ἀκούσας
2189 1004 2261 1060 δὲ.
2293 1006 2371 1057 ὅτι
2395 1002 2664 1075 Ἀρχέλαος

166 1092 383 1159 βασιλεύει
416 1093 497 1148 ἐπὶ
534 1098 623 1160 τῆς
654 1090 907 1156 Ἰουδαίας.
938 1092 1045 1145 ἀντὶ
1082 1089 1305 1163 Ἡρώδου
1330 1092 1509 1163 πατρὸς
1553 1091 1718 1148 αὐτοῦ.
1761 1091 1973 1164 ἐφοὸήθη
2015 1092 2126 1147 ἐκεῖ
2158 1092 2410 1147 ἀπελθεῖν.
2451 1092 2562 1147 κτλ.
2591 1124 2663 1132 -

166 1179 330 1236 lndea
352 1196 495 1237 saec.
526 1188 582 1237 7.
614 1181 721 1237 tria
748 1181 1203 1252 interpunctionis
1229 1181 1381 1253 signa
1422 1179 1667 1237 adhibita
1695 1190 1852 1251 sunt;
1878 1189 2082 1253 puncta
2108 1182 2256 1236 enim
2285 1190 2382 1237 aut
2415 1180 2472 1236 in
2497 1195 2660 1251 supe-

160 1268 307 1333 riore,
330 1268 511 1325 autin
536 1268 750 1338 media,
782 1277 878 1325 aut
903 1268 961 1325 in
988 1268 1252 1325 inferiore
1277 1268 1420 1324 linea
1448 1268 1817 1341 ponebantur,
1849 1268 1947 1325 sed
1975 1284 2170 1325 eorum
2195 1267 2524 1341 significatio
2551 1283 2660 1323 non

158 1354 332 1411 eadem
360 1366 441 1413 ost
468 1358 528 1413 in
551 1356 807 1413 omnibus
831 1355 1129 1413 codicibus.
1164 1356 1525 1428 Frequentius
1553 1357 1808 1427 usurpari
1835 1365 2030 1428 coepta
2057 1364 2188 1413 sunt
2214 1364 2338 1427 post
2365 1370 2510 1411 saec.
2541 1361 2658 1423 1o.;

157 1454 289 1499 certa
326 1454 513 1501 autem
538 1445 730 1519 regula
770 1445 1057 1501 observata
1096 1460 1212 1500 non
1247 1452 1359 1513 est,
1390 1444 1570 1500 donec
1613 1460 1755 1500 saec.
1813 1450 1895 1499 16.
1927 1443 2194 1501 hodierna
2234 1442 2662 1516 interpungendi

158 1533 279 1587 ratio
306 1532 457 1588 libris
478 1534 651 1589 sacris
677 1532 920 1589 adhibita
940 1540 1043 1589 est.

220 1684 274 1741 3.
305 1716 385 1725 -
407 1685 499 1744 Ex
540 1682 731 1743 dictis
770 1683 1075 1761 sequitur,
1108 1699 1237 1742 non
1277 1681 1560 1743 absolute
1599 1685 1834 1742 certam
1879 1699 2017 1743 esse
2051 1681 2184 1743 sive
2221 1680 2658 1743 vocabulorum

158 1778 267 1839 sive
290 1778 621 1857 phrasium
639 1779 1142 1853 distinctionem;
1166 1778 1537 1857 gravissimo
1562 1782 1776 1839 autem
1804 1778 2047 1839 errandi
2078 1778 2358 1855 periculo
2388 1794 2525 1838 sese
2558 1794 2657 1838 ex-

156 1879 429 1951 poneret,
455 1875 564 1954 qui
583 1892 721 1935 eam
740 1875 920 1954 plane
944 1875 1336 1935 arbitrariam
1364 1892 1501 1935 esse
1522 1878 1692 1936 ratus
1721 1874 1787 1935 in
1808 1874 2257 1953 coniungendis
2287 1878 2396 1936 aut
2426 1873 2662 1934 disiun-

152 1970 361 2047 gendis
389 1971 707 2032 vocabulis
738 1971 1192 2050 phrasibusque
1217 1970 1468 2049 ingenio
1499 1989 1614 2032 suo
1643 1971 1970 2050 indulgere
1998 1971 2206 2031 vellet.

214 2069 275 2122 ln
309 2067 447 2122 loeis
490 2066 637 2123 enim
664 2066 935 2139 ambiguis
972 2075 1153 2123 rectus
1180 2065 1398 2138 legendi
1425 2066 1625 2123 modus
1665 2067 1806 2123 orali
1831 2064 2124 2123 traditione
2169 2075 2528 2123 conservatus
2555 2074 2656 2133 est,

152 2162 303 2225 atque
330 2153 619 2227 pleraque,
655 2170 795 2226 quae
836 2162 1026 2226 postea
1052 2154 1221 2227 signis
1251 2155 1411 2211 variis
1451 2163 1580 2209 sunt
1623 2153 1890 2223 indicata,
1929 2154 2068 2211 orali
2109 2153 2219 2210 hac
2254 2152 2550 2211 traditione
2591 2152 2658 2208 ad

150 2242 493 2313 apostolicam
518 2250 759 2298 aetatem
789 2241 1109 2299 ascendunt.
1142 2242 1325 2311 Quare
1348 2242 1688 2315 antiquiores
1708 2242 1818 2298 iam
1844 2244 2038 2299 Patres
2057 2241 2462 2300 haereticorum
2487 2240 2660 2297 auda·

150 2330 283 2385 eiam
308 2330 507 2386 acriter
532 2338 789 2401 carpunt,
825 2352 851 2381 a
894 2330 986 2402 qui
1026 2330 1173 2390 inter
1211 2328 1509 2402 legendum
1545 2338 1680 2386 tono
1719 2330 1867 2386 vocis
1894 2337 2217 2401 pervertunt
2255 2329 2564 2401 Scripturas
2591 2328 2661 2385 ad

152 2418 387 2488 proprias
412 2418 755 2485 voluntates,
786 2426 843 2473 et
868 2418 1181 2491 aliquorum
1211 2425 1540 2474 accentuum
1580 2426 1636 2473 et
1676 2426 2007 2490 punctorum
2049 2418 2310 2489 (στιγμῶν)
2355 2416 2662 2473 mutatione

151 2504 263 2573 illa,
288 2520 429 2577 quae
458 2505 734 2576 sapienter
763 2513 818 2561 et
852 2506 1060 2562 utiliter
1099 2513 1391 2577 praecepta
1417 2513 1576 2574 suut,
1607 2503 1681 2561 ad
1705 2521 1834 2561 suas
1860 2505 2086 2562 delicias
2122 2505 2349 2562 trahunt
2393 2526 2418 2557 r
2453 2504 2659 2572 (Clem.

151 2594 311 2648 Alex.
334 2594 539 2650 Strom.
570 2594 673 2648 111.
700 2598 763 2661 43
796 2594 852 2649 S.
876 2598 1027 2648 Iren.
1059 2610 1109 2649 c.
1135 2593 1285 2650 haer.
1320 2595 1423 2650 111.
1451 2601 1512 2662 ⁷3
1551 2594 1794 2649 Tertull.
1823 2609 1873 2649 c.
1901 2594 2073 2649 Marc.
2105 2596 2173 2649 V.
2205 2595 2260 2650 11
2289 2598 2419 2663 etc.)

489 2780 523 2862 ξ
552 2784 616 2844 6.
650 2816 739 2827 —-
766 2778 1063 2845 Historia
1093 2789 1309 2844 textus
1335 2777 1662 2845 librorum
1689 2780 1868 2845 Novi
1895 2778 2311 2845 Testamenti.

226 2966 281 3023 1.
311 2996 390 3006 —
419 2963 749 3023 Sacrorum
776 2962 930 3023 Novi
953 2964 1118 3023 Test.
1154 2962 1459 3025 librorum
1492 2962 1876 3041 autographa
1898 2966 2042 3041 post
2070 2962 2482 3040 apostolicam
2506 2964 2668 3021 aeta-

154 3064 275 3119 tem
316 3075 440 3120 non
486 3059 597 3120 diu
634 3076 772 3119 esse
805 3064 1206 3133 conservata,
1236 3061 1387 3120 satis
1429 3066 1702 3134 constat;
1743 3060 1958 3121 statim
1997 3050 2205 3121 aute‘m
2246 3076 2321 3119 ex
2363 3058 2443 3118 iis
2479 3074 2667 3135 quam

156 3155 417 3232 plurima
444 3155 759 3234 descripta
786 3160 931 3217 sunt
959 3157 1361 3234 exemplaria.
1392 3157 1523 3228 Quo
1551 3158 1799 3235 saepius
1830 3160 2044 3217 autem
2071 3156 2218 3216 libri
2243 3154 2398 3215 sacri
2429 3152 2665 3213 descri-

156 3252 474 3322 bebantur,
508 3268 583 3312 eo
612 3251 853 3312 facilius
889 3252 1123 3313 menda
1146 3253 1212 3312 in
1238 3270 1345 3313 eos
1375 3252 1653 3330 irrepere
1683 3256 2052 3331 potuerunt;
2088 3251 2254 3312 unde
2283 3250 2516 3311 mirum
2543 3268 2668 3309 nou

156 3353 273 3421 est,
302 3348 473 3427 quod
512 3348 737 3427 primis
778 3348 904 3409 iam
934 3349 1327 3427 temporibus
1364 3365 1588 3427 magna
1624 3348 1708 3409 sit
1747 3354 1960 3409 exorta
1995 3348 2338 3410 lectionum
2367 3347 2664 3417 varietaS,

154 3462 303 3521 quae
330 3445 711 3523 procedente
734 3449 1021 3524 tempore
1046 3445 1133 3505 ita
1158 3448 1341 3505 aucta
1364 3450 1489 3516 est,
1507 3449 1578 3506 ut
1605 3444 1670 3505 in
1696 3445 2016 3507 codicibus
2045 3445 2282 3523 graecis
2303 3489 2318 3516 ,
2347 3444 2456 3522 qui
2480 3442 2668 3503 hodie

156 3546 507 3619 supersunt,
540 3558 687 3601 vere
718 3542 939 3619 ingens
970 3542 1054 3601 sit
1073 3542 1385 3603 variarum
1408 3542 1749 3603 lectionum
1774 3560 2094 3603 numerus

219 3642 269 3693 A
292 3636 571 3693 nonnullis
612 3636 833 3708 quidem
861 3634 931 3694 ad
964 3638 1324 3694 Ter-tulliam·
1349 3637 1439 3705 (de
1479 3640 1729 3695 Praescr.
1761 3642 1850 3706 36)
1894 3646 1991 3693 aut
2030 3640 2090 3694 S.
2139 3637 2300 3692 Petri
2345 3636 2520 3691 Alex.
2573 3636 2676 3700 (De

158 3724 333 3793 pasch.
360 3724 565 3798 fragm.
596 3729 672 3791 7.)
714 3724 1027 3781 testimonia
1058 3734 1405 3795 provocatur,
1450 3734 1513 3781 ut
1541 3741 1684 3782 saec.
1727 3731 1780 3780 2.
1825 3732 2092 3793 exeunte,
2135 3725 2308 3780 immo
2347 3729 2402 3779 4.
2446 3723 2668 3777 ineunte

154 3812 441 3883 apostoliea
470 3810 815 3884 autographa
839 3810 1290 3870 demonstrentur
1316 3813 1638 3884 superstita3
1670 3820 1728 3869 at
1753 3811 2029 3869 immerito
2056 3811 2113 3867 id
2141 3811 2294 3881 fieri,
2323 3812 2537 3867 clarum
2563 3816 2665 3875 est,

154 3900 411 3971 siquidem
434 3916 541 3955 nec
564 3900 622 3956 S.
652 3902 935 3956 Irenaeus
962 3903 1033 3967 (c.
1064 3899 1218 3955 haer.
1251 3901 1318 3954 V.
1352 3905 1459 3968 30),
1487 3916 1588 3957 nec
1621 3900 2026 3956 Tertullianus
2052 3900 2188 3971 ipse,
2219 3914 2325 3955 nec
2363 3898 2510 3953 ullus
2533 3895 2671 3951 alius

158 4003 219 4041 ex
243 3987 479 4061 antiquis
498 3986 735 4043 testibus
756 4002 1023 4060 umquam
1046 3987 1117 4043 ad
1138 3987 1547 4061 autographum
1569 3988 1794 4060 aliquod
1820 3988 2155 4059 provocavit,
2187 3994 2250 4041 ut
2275 4000 2404 4042 suas
2425 3983 2670 4054 Scriptu-

160 4090 333 4132 rarum
371 4076 646 4133 lectiones
686 4084 879 4131 contra
908 4076 1213 4133 haereticos
1236 4074 1615 4132 defenderent.
1660 4077 1917 4132 Ceterum
1963 4076 2164 4131 mirum
2208 4090 2320 4129 non
2365 4081 2480 4137 est,
2523 4068 2672 4143 quod

162 4163 317 4229 prima
344 4163 712 4236 exemplaria,
754 4180 925 4236 quum
963 4164 1023 4219 in
1067 4179 1273 4236 papyro
1316 4171 1497 4219 essent
1541 4164 1741 4234 scripta
1767 4179 1948 4236 neque
1991 4163 2235 4235 ipsorum
2279 4158 2674 4231 Apostolorum

162 4264 312 4307 manu
346 4260 574 4309 exarata
592 4295 606 4321 ‚
634 4266 761 4308 mox
789 4252 1125 4319 interierint;
1163 4250 1339 4323 magis
1375 4251 1521 4307 enlm
1551 4250 1618 4306 ad
1661 4265 1825 4321 opera
1853 4252 1970 4322 ipsa
2001 4247 2356 4321 propaganda
2396 4260 2565 4317 quam
2604 4243 2672 4300 ad

164 4336 377 4406 codices,
410 4340 613 4412 quibus
639 4340 1089 4405 continebantur,
1116 4337 1521 4394 conservandos
1549 4337 1742 4394 attenti
1771 4347 1928 4394 erant
1954 4336 2118 4410 primi
2144 4334 2460 4393 Christiani.
2492 4333 2676 4389 Prima

164 4433 332 4484 autem
352 4427 691 4499 exemplaria
714 4427 809 4483 illa
832 4426 903 4483 ab
928 4424 1181 4483 omnibus
1204 4424 1419 4481 mendis
1440 4442 1556 4482 non
1586 4425 1749 4481 fuisse
1772 4425 2040 4481 immunia
2054 4466 2068 4493 ‚
2095 4439 2298 4495 magna
2321 4438 2449 4477 cum
2475 4420 2676 4493 proba-

166 4511 353 4572 bilitate
402 4512 623 4571 ostendi
668 4523 852 4586 potest
896 4516 1121 4571 Patrum
1159 4513 1586 4585 apostolicorum
1629 4512 2051 4585 allegationibus
2069 4512 2118 4581 ¹3
2163 4519 2376 4567 certum
2404 4519 2517 4578 est,
2547 4524 2677 4566 cen-

220 4682 278 4743 ll}
304 4680 559 4741 Quoniam
584 4682 761 4731 Patres
793 4680 1107 4744 antiquiores
1136 4678 1373 4731 liberiore
1404 4678 1558 4729 modo
1581 4679 1866 4743 Scripturas
1897 4678 2114 4742 allegare
2143 4677 2332 4738 solent,
2366 4678 2577 4729 certum
2599 4689 2678 4725 ar-
