<?xml version="1.0" encoding="UTF-8"?>
<!DOCTYPE html PUBLIC "-//W3C//DTD XHTML 1.0 Transitional//EN"
    "http://www.w3.org/TR/xhtml1/DTD/xhtml1-transitional.dtd">
<html xmlns="http://www.w3.org/1999/xhtml" xml:lang="en" lang="en">
 <head>
  <title>
</title>
<meta http-equiv="Content-Type" content="text/html;charset=utf-8" />
  <meta name='ocr-system' content='tesseract 3.04.00' />
  <meta name='ocr-capabilities' content='ocr_page ocr_carea ocr_par ocr_line ocrx_word'/>
</head>
<body>
  <div class='ocr_page' id='page_1' title='image "./historicaeetcri00corngoog_0649.png"; bbox 0 0 3050 5184; ppageno 0'>
   <div class='ocr_carea' id='block_1_1' title="bbox 1174 277 2618 358">
    <p class='ocr_par' dir='ltr' id='par_1_1' title="bbox 1174 277 2618 358">
     <span class='ocr_line' id='line_1_1' title="bbox 1174 277 2618 358; baseline 0.003 -26"><span class='ocrx_word' id='word_1_1' title='bbox 1174 288 1548 334; x_wconf 68' lang='lat' dir='ltr'>APPENDIGES.</span> <span class='ocrx_word' id='word_1_2' title='bbox 2271 353 2274 358; x_wconf 18' lang='grc' dir='ltr'>Ι</span> <span class='ocrx_word' id='word_1_3' title='bbox 2499 277 2618 336; x_wconf 87' lang='grc'><strong>639</strong></span> 
     </span>
    </p>
   </div>
   <div class='ocr_carea' id='block_1_2' title="bbox 159 419 2628 2766">
    <p class='ocr_par' dir='ltr' id='par_1_2' title="bbox 159 419 2628 2766">
     <span class='ocr_line' id='line_1_2' title="bbox 268 419 2041 492; baseline -0.003 -11"><span class='ocrx_word' id='word_1_4' title='bbox 268 425 537 480; x_wconf 80' lang='lat' dir='ltr'><strong>Romanis</strong></span> <span class='ocrx_word' id='word_1_5' title='bbox 560 433 747 480; x_wconf 88' lang='lat' dir='ltr'><strong>autem</strong></span> <span class='ocrx_word' id='word_1_6' title='bbox 770 421 1025 478; x_wconf 88' lang='lat' dir='ltr'><strong>ornidine</strong></span> <span class='ocrx_word' id='word_1_7' title='bbox 1055 419 1351 492; x_wconf 89' lang='lat' dir='ltr'><strong>[ordinem]</strong></span> <span class='ocrx_word' id='word_1_8' title='bbox 1376 421 1774 492; x_wconf 86' lang='lat' dir='ltr'><strong>scripturarum</strong></span> <span class='ocrx_word' id='word_1_9' title='bbox 1789 419 1834 456; x_wconf 81' lang='lat'><strong>¹⁸</strong></span> <span class='ocrx_word' id='word_1_10' title='bbox 1861 419 1958 476; x_wconf 86' lang='lat' dir='ltr'><strong>sed</strong></span> <span class='ocrx_word' id='word_1_11' title='bbox 1985 429 2041 476; x_wconf 90' lang='lat' dir='ltr'><strong>et</strong></span> 
     </span>
     <span class='ocr_line' id='line_1_3' title="bbox 159 499 1476 582; baseline -0.005 -14"><span class='ocrx_word' id='word_1_12' title='bbox 159 519 231 568; x_wconf 76' lang='lat'><strong>45</strong></span> <span class='ocrx_word' id='word_1_13' title='bbox 270 511 601 582; x_wconf 86' lang='lat' dir='ltr'><strong>principium</strong></span> <span class='ocrx_word' id='word_1_14' title='bbox 628 523 822 566; x_wconf 88' lang='lat' dir='ltr'><strong>earum</strong></span> <span class='ocrx_word' id='word_1_15' title='bbox 852 523 971 564; x_wconf 89' lang='lat' dir='ltr'><strong>esse</strong></span> <span class='ocrx_word' id='word_1_16' title='bbox 992 499 1163 563; x_wconf 56' lang='lat' dir='ltr'><strong>{Tr-M</strong></span> <span class='ocrx_word' id='word_1_17' title='bbox 1181 508 1476 574; x_wconf 87' lang='lat' dir='ltr'><strong>Intimans,</strong></span> 
     </span>
     <span class='ocr_line' id='line_1_4' title="bbox 272 595 2275 670; baseline -0.002 -16"><span class='ocrx_word' id='word_1_18' title='bbox 272 598 549 670; x_wconf 86' lang='lat' dir='ltr'><strong>prolexius</strong></span> <span class='ocrx_word' id='word_1_19' title='bbox 576 596 885 668; x_wconf 85' lang='lat' dir='ltr'><strong>[prolixius]</strong></span> <span class='ocrx_word' id='word_1_20' title='bbox 912 595 1161 666; x_wconf 83' lang='lat' dir='ltr'><strong>scripsit,</strong></span> <span class='ocrx_word' id='word_1_21' title='bbox 1193 595 1263 651; x_wconf 90' lang='lat' dir='ltr'><strong>de</strong></span> <span class='ocrx_word' id='word_1_22' title='bbox 1292 595 1491 668; x_wconf 88' lang='lat' dir='ltr'><strong>quibus</strong></span> <span class='ocrx_word' id='word_1_23' title='bbox 1516 595 1742 654; x_wconf 82' lang='lat' dir='ltr'><strong>sincolis</strong></span> <span class='ocrx_word' id='word_1_24' title='bbox 1768 595 2041 668; x_wconf 86' lang='lat' dir='ltr'><strong>[singulis]</strong></span> <span class='ocrx_word' id='word_1_25' title='bbox 2070 596 2275 652; x_wconf 89' lang='lat' dir='ltr'><strong>Neces-</strong></span> 
     </span>
     <span class='ocr_line' id='line_1_5' title="bbox 272 682 1744 757; baseline -0.003 -15"><span class='ocrx_word' id='word_1_26' title='bbox 272 703 330 742; x_wconf 90' lang='lat' dir='ltr'><strong>se</strong></span> <span class='ocrx_word' id='word_1_27' title='bbox 358 696 443 743; x_wconf 84' lang='lat' dir='ltr'><strong>est</strong></span> <span class='ocrx_word' id='word_1_28' title='bbox 462 685 534 741; x_wconf 90' lang='lat' dir='ltr'><strong>ad</strong></span> <span class='ocrx_word' id='word_1_29' title='bbox 558 686 635 757; x_wconf 90' lang='lat' dir='ltr'><strong>[a]</strong></span> <span class='ocrx_word' id='word_1_30' title='bbox 657 684 819 740; x_wconf 85' lang='lat' dir='ltr'><strong>nohis</strong></span> <span class='ocrx_word' id='word_1_31' title='bbox 846 682 1127 754; x_wconf 86' lang='lat' dir='ltr'><strong>desputari</strong></span> <span class='ocrx_word' id='word_1_32' title='bbox 1143 683 1205 738; x_wconf 77' lang='lat'><strong>²⁸.</strong></span> <span class='ocrx_word' id='word_1_33' title='bbox 1238 683 1379 739; x_wconf 90' lang='lat' dir='ltr'><strong>Cum</strong></span> <span class='ocrx_word' id='word_1_34' title='bbox 1404 683 1522 756; x_wconf 88' lang='lat' dir='ltr'><strong>ipse</strong></span> <span class='ocrx_word' id='word_1_35' title='bbox 1547 683 1744 739; x_wconf 86' lang='lat' dir='ltr'><strong>beatus</strong></span> 
     </span>
     <span class='ocr_line' id='line_1_6' title="bbox 271 769 2090 846; baseline -0.002 -18"><span class='ocrx_word' id='word_1_36' title='bbox 271 774 553 846; x_wconf 87' lang='lat' dir='ltr'><strong>apostolus</strong></span> <span class='ocrx_word' id='word_1_37' title='bbox 576 772 773 844; x_wconf 89' lang='lat' dir='ltr'><strong>paulus</strong></span> <span class='ocrx_word' id='word_1_38' title='bbox 799 785 1037 842; x_wconf 85' lang='lat' dir='ltr'><strong>sequens</strong></span> <span class='ocrx_word' id='word_1_39' title='bbox 1066 769 1473 842; x_wconf 86' lang='lat' dir='ltr'><strong>prodecessoris</strong></span> <span class='ocrx_word' id='word_1_40' title='bbox 1496 770 1980 842; x_wconf 79' lang='lat' dir='ltr'><strong>[praedecessoris]</strong></span> <span class='ocrx_word' id='word_1_41' title='bbox 2002 769 2090 825; x_wconf 91' lang='lat' dir='ltr'><strong>sui</strong></span> 
     </span>
     <span class='ocr_line' id='line_1_7' title="bbox 275 847 2307 930; baseline -0.002 -13"><span class='ocrx_word' id='word_1_42' title='bbox 275 861 539 918; x_wconf 90' lang='lat' dir='ltr'><strong>Iohannis</strong></span> <span class='ocrx_word' id='word_1_43' title='bbox 564 849 815 915; x_wconf 53' lang='lat' dir='ltr'><strong>ordin—ess</strong></span> <span class='ocrx_word' id='word_1_44' title='bbox 842 859 1060 914; x_wconf 90' lang='lat' dir='ltr'><strong>nonnisi</strong></span> <span class='ocrx_word' id='word_1_45' title='bbox 1085 847 1367 915; x_wconf 71' lang='lat' dir='ltr'><strong>comenat‘i&#39;</strong></span> <span class='ocrx_word' id='word_1_46' title='bbox 1382 858 1756 930; x_wconf 87' lang='lat' dir='ltr'><strong>[nominatim]</strong></span> <span class='ocrx_word' id='word_1_47' title='bbox 1783 867 2030 930; x_wconf 86' lang='lat' dir='ltr'><strong>semptae</strong></span> <span class='ocrx_word' id='word_1_48' title='bbox 2051 857 2307 930; x_wconf 88' lang='lat' dir='ltr'><strong>[septem]</strong></span> 
     </span>
     <span class='ocr_line' id='line_1_8' title="bbox 162 945 2032 1018; baseline -0.003 -12"><span class='ocrx_word' id='word_1_49' title='bbox 162 957 237 1005; x_wconf 77' lang='lat'><strong>50</strong></span> <span class='ocrx_word' id='word_1_50' title='bbox 272 950 513 1006; x_wconf 90' lang='lat' dir='ltr'><strong>eccleses</strong></span> <span class='ocrx_word' id='word_1_51' title='bbox 540 945 826 1018; x_wconf 89' lang='lat' dir='ltr'><strong>[ecclesiis]</strong></span> <span class='ocrx_word' id='word_1_52' title='bbox 850 945 1086 1014; x_wconf 87' lang='lat' dir='ltr'><strong>scribat,</strong></span> <span class='ocrx_word' id='word_1_53' title='bbox 1114 945 1306 1002; x_wconf 84' lang='lat' dir='ltr'>ordine</span> <span class='ocrx_word' id='word_1_54' title='bbox 1333 947 1433 1002; x_wconf 90' lang='lat' dir='ltr'><strong>tali</strong></span> <span class='ocrx_word' id='word_1_55' title='bbox 1462 967 1476 1002; x_wconf 74' lang='grc' dir='ltr'><strong>ε</strong></span> <span class='ocrx_word' id='word_1_56' title='bbox 1510 963 1540 1001; x_wconf 92' lang='lat' dir='ltr'><strong>a</strong></span> <span class='ocrx_word' id='word_1_57' title='bbox 1571 945 1688 1018; x_wconf 93' lang='lat' dir='ltr'><strong>[ad]</strong></span> <span class='ocrx_word' id='word_1_58' title='bbox 1712 945 2032 1002; x_wconf 88' lang='lat' dir='ltr'><strong>corenthios</strong></span> 
     </span>
     <span class='ocr_line' id='line_1_9' title="bbox 274 1031 1730 1108; baseline -0.003 -16"><span class='ocrx_word' id='word_1_59' title='bbox 274 1039 482 1108; x_wconf 78' lang='lat' dir='ltr'><strong>prima3</strong></span> <span class='ocrx_word' id='word_1_60' title='bbox 514 1033 587 1090; x_wconf 89' lang='lat' dir='ltr'><strong>ad</strong></span> <span class='ocrx_word' id='word_1_61' title='bbox 612 1034 810 1089; x_wconf 78' lang='lat' dir='ltr'><strong>efesios</strong></span> <span class='ocrx_word' id='word_1_62' title='bbox 834 1032 1073 1089; x_wconf 89' lang='lat' dir='ltr'><strong>seconda</strong></span> <span class='ocrx_word' id='word_1_63' title='bbox 1088 1075 1102 1101; x_wconf 93' lang='lat'><strong>,</strong></span> <span class='ocrx_word' id='word_1_64' title='bbox 1132 1033 1205 1089; x_wconf 89' lang='lat' dir='ltr'><strong>ad</strong></span> <span class='ocrx_word' id='word_1_65' title='bbox 1229 1031 1592 1105; x_wconf 87' lang='lat' dir='ltr'><strong>philippinses</strong></span> <span class='ocrx_word' id='word_1_66' title='bbox 1613 1041 1730 1090; x_wconf 88' lang='lat' dir='ltr'><strong>ter-</strong></span> 
     </span>
     <span class='ocr_line' id='line_1_10' title="bbox 274 1121 1882 1193; baseline -0.002 -14"><span class='ocrx_word' id='word_1_67' title='bbox 274 1125 381 1192; x_wconf 91' lang='lat' dir='ltr'><strong>tia,</strong></span> <span class='ocrx_word' id='word_1_68' title='bbox 413 1122 482 1179; x_wconf 89' lang='lat' dir='ltr'><strong>ad</strong></span> <span class='ocrx_word' id='word_1_69' title='bbox 508 1121 809 1179; x_wconf 81' lang='lat' dir='ltr'><strong>colosensis</strong></span> <span class='ocrx_word' id='word_1_70' title='bbox 833 1129 1057 1192; x_wconf 87' lang='lat' dir='ltr'><strong>quarta,</strong></span> <span class='ocrx_word' id='word_1_71' title='bbox 1088 1121 1159 1176; x_wconf 91' lang='lat' dir='ltr'><strong>ad</strong></span> <span class='ocrx_word' id='word_1_72' title='bbox 1188 1121 1394 1176; x_wconf 87' lang='lat' dir='ltr'><strong>calatas</strong></span> <span class='ocrx_word' id='word_1_73' title='bbox 1420 1121 1696 1192; x_wconf 83' lang='lat' dir='ltr'><strong>[Galatas]</strong></span> <span class='ocrx_word' id='word_1_74' title='bbox 1721 1122 1882 1193; x_wconf 87' lang='lat' dir='ltr'><strong>quin-</strong></span> 
     </span>
     <span class='ocr_line' id='line_1_11' title="bbox 276 1208 2156 1280; baseline -0.001 -14"><span class='ocrx_word' id='word_1_75' title='bbox 276 1220 331 1268; x_wconf 88' lang='lat' dir='ltr'><strong>ta</strong></span> <span class='ocrx_word' id='word_1_76' title='bbox 347 1254 363 1280; x_wconf 90' lang='lat'><strong>,</strong></span> <span class='ocrx_word' id='word_1_77' title='bbox 393 1211 463 1266; x_wconf 92' lang='lat' dir='ltr'><strong>ad</strong></span> <span class='ocrx_word' id='word_1_78' title='bbox 487 1208 975 1266; x_wconf 87' lang='lat' dir='ltr'><strong>tensaolenecinsis</strong></span> <span class='ocrx_word' id='word_1_79' title='bbox 1004 1208 1562 1279; x_wconf 79' lang='lat' dir='ltr'><strong>[Thessalonicenses]</strong></span> <span class='ocrx_word' id='word_1_80' title='bbox 1592 1217 1774 1277; x_wconf 84' lang='lat' dir='ltr'><strong>sexta,</strong></span> <span class='ocrx_word' id='word_1_81' title='bbox 1801 1208 1874 1264; x_wconf 90' lang='lat' dir='ltr'><strong>ad</strong></span> <span class='ocrx_word' id='word_1_82' title='bbox 1895 1224 2156 1265; x_wconf 90' lang='lat' dir='ltr'><strong>romanos</strong></span> 
     </span>
     <span class='ocr_line' id='line_1_12' title="bbox 276 1296 1615 1371; baseline -0.002 -16"><span class='ocrx_word' id='word_1_83' title='bbox 276 1299 509 1371; x_wconf 89' lang='lat' dir='ltr'><strong>septima</strong></span> <span class='ocrx_word' id='word_1_84' title='bbox 525 1340 540 1367; x_wconf 94' lang='lat'><strong>,</strong></span> <span class='ocrx_word' id='word_1_85' title='bbox 570 1299 779 1353; x_wconf 83' lang='lat' dir='ltr'><strong>Verum</strong></span> <span class='ocrx_word' id='word_1_86' title='bbox 802 1296 1101 1352; x_wconf 86' lang='lat' dir='ltr'><strong>corinthcis</strong></span> <span class='ocrx_word' id='word_1_87' title='bbox 1124 1305 1190 1360; x_wconf 78' lang='lat' dir='ltr'><strong>et,</strong></span> <span class='ocrx_word' id='word_1_88' title='bbox 1206 1296 1615 1352; x_wconf 86' lang='lat' dir='ltr'><strong>thessaolecen-</strong></span> 
     </span>
     <span class='ocr_line' id='line_1_13' title="bbox 164 1383 1999 1456; baseline -0.002 -12"><span class='ocrx_word' id='word_1_89' title='bbox 164 1395 237 1444; x_wconf 83' lang='lat'><strong>55</strong></span> <span class='ocrx_word' id='word_1_90' title='bbox 276 1387 427 1442; x_wconf 86' lang='lat' dir='ltr'><strong>sibus</strong></span> <span class='ocrx_word' id='word_1_91' title='bbox 440 1429 455 1454; x_wconf 89' lang='lat'><strong>,</strong></span> <span class='ocrx_word' id='word_1_92' title='bbox 484 1387 611 1441; x_wconf 89' lang='lat' dir='ltr'><strong>licet</strong></span> <span class='ocrx_word' id='word_1_93' title='bbox 639 1400 739 1456; x_wconf 90' lang='lat' dir='ltr'><strong>pro</strong></span> <span class='ocrx_word' id='word_1_94' title='bbox 765 1383 1108 1439; x_wconf 79' lang='lat' dir='ltr'><strong>correbtione</strong></span> <span class='ocrx_word' id='word_1_95' title='bbox 1130 1383 1519 1455; x_wconf 82' lang='lat' dir='ltr'><strong>[correptione]</strong></span> <span class='ocrx_word' id='word_1_96' title='bbox 1551 1385 1785 1440; x_wconf 82' lang='lat' dir='ltr'><strong>iteretur</strong></span> <span class='ocrx_word' id='word_1_97' title='bbox 1799 1383 1861 1454; x_wconf 80' lang='lat'><strong>¹⁸,</strong></span> <span class='ocrx_word' id='word_1_98' title='bbox 1888 1400 1999 1440; x_wconf 89' lang='lat' dir='ltr'><strong>una</strong></span> 
     </span>
     <span class='ocr_line' id='line_1_14' title="bbox 276 1470 1848 1544; baseline -0.003 -14"><span class='ocrx_word' id='word_1_99' title='bbox 276 1485 466 1530; x_wconf 88' lang='lat' dir='ltr'><strong>tamen</strong></span> <span class='ocrx_word' id='word_1_100' title='bbox 500 1488 599 1544; x_wconf 91' lang='lat' dir='ltr'><strong>per</strong></span> <span class='ocrx_word' id='word_1_101' title='bbox 626 1487 849 1528; x_wconf 91' lang='lat' dir='ltr'><strong>omnem</strong></span> <span class='ocrx_word' id='word_1_102' title='bbox 878 1470 1071 1526; x_wconf 88' lang='lat' dir='ltr'><strong>orbem</strong></span> <span class='ocrx_word' id='word_1_103' title='bbox 1100 1479 1280 1527; x_wconf 90' lang='lat' dir='ltr'><strong>terrae</strong></span> <span class='ocrx_word' id='word_1_104' title='bbox 1308 1471 1542 1526; x_wconf 88' lang='lat' dir='ltr'><strong>ecclesia</strong></span> <span class='ocrx_word' id='word_1_105' title='bbox 1845 1537 1848 1542; x_wconf 21' lang='grc' dir='ltr'>Ι</span> 
     </span>
     <span class='ocr_line' id='line_1_15' title="bbox 278 1549 2628 1631; baseline -0.001 -14"><span class='ocrx_word' id='word_1_106' title='bbox 278 1559 491 1617; x_wconf 79' lang='lat' dir='ltr'><strong>deffusa</strong></span> <span class='ocrx_word' id='word_1_107' title='bbox 542 1575 660 1615; x_wconf 89' lang='lat' dir='ltr'><strong>esse</strong></span> <span class='ocrx_word' id='word_1_108' title='bbox 715 1557 1032 1614; x_wconf 85' lang='lat' dir='ltr'><strong>denoscitur</strong></span> <span class='ocrx_word' id='word_1_109' title='bbox 1081 1557 1491 1629; x_wconf 83' lang='lat' dir='ltr'><strong>[dignoscitur];</strong></span> <span class='ocrx_word' id='word_1_110' title='bbox 1541 1561 1607 1614; x_wconf 83' lang='lat' dir='ltr'><strong>Et</strong></span> <span class='ocrx_word' id='word_1_111' title='bbox 1666 1558 1926 1615; x_wconf 88' lang='lat' dir='ltr'><strong>Iohannis</strong></span> <span class='ocrx_word' id='word_1_112' title='bbox 1977 1559 2252 1631; x_wconf 84' lang='lat' dir='ltr'><strong>[loannes]</strong></span> <span class='ocrx_word' id='word_1_113' title='bbox 2297 1549 2387 1616; x_wconf 78' lang='lat' dir='ltr'><strong>en&#39;i</strong></span> <span class='ocrx_word' id='word_1_114' title='bbox 2443 1559 2507 1616; x_wconf 86' lang='lat' dir='ltr'><strong>In</strong></span> <span class='ocrx_word' id='word_1_115' title='bbox 2564 1574 2628 1615; x_wconf 87' lang='lat' dir='ltr'><strong>a-</strong></span> 
     </span>
     <span class='ocr_line' id='line_1_16' title="bbox 282 1635 1849 1721; baseline -0.004 -15"><span class='ocrx_word' id='word_1_116' title='bbox 282 1648 571 1721; x_wconf 87' lang='lat' dir='ltr'><strong>pocalebsy</strong></span> <span class='ocrx_word' id='word_1_117' title='bbox 598 1646 971 1719; x_wconf 81' lang='lat' dir='ltr'><strong>[Apocalypsi]</strong></span> <span class='ocrx_word' id='word_1_118' title='bbox 1001 1647 1131 1702; x_wconf 86' lang='lat' dir='ltr'><strong>licet</strong></span> <span class='ocrx_word' id='word_1_119' title='bbox 1153 1635 1307 1717; x_wconf 65' lang='lat' dir='ltr'><strong>sept}</strong></span> <span class='ocrx_word' id='word_1_120' title='bbox 1334 1647 1592 1702; x_wconf 88' lang='lat' dir='ltr'><strong>eccleseis</strong></span> <span class='ocrx_word' id='word_1_121' title='bbox 1619 1645 1849 1714; x_wconf 84' lang='lat' dir='ltr'><strong>scribat,</strong></span> 
     </span>
     <span class='ocr_line' id='line_1_17' title="bbox 275 1725 1696 1800; baseline -0.002 -8"><span class='ocrx_word' id='word_1_122' title='bbox 275 1747 465 1792; x_wconf 85' lang='lat' dir='ltr'><strong>tamen</strong></span> <span class='ocrx_word' id='word_1_123' title='bbox 496 1733 752 1790; x_wconf 87' lang='lat' dir='ltr'><strong>omnibus</strong></span> <span class='ocrx_word' id='word_1_124' title='bbox 781 1733 931 1790; x_wconf 89' lang='lat' dir='ltr'><strong>dicit.</strong></span> <span class='ocrx_word' id='word_1_125' title='bbox 960 1725 1094 1789; x_wconf 69' lang='lat' dir='ltr'><strong>veru</strong></span> <span class='ocrx_word' id='word_1_126' title='bbox 1119 1731 1191 1788; x_wconf 91' lang='lat' dir='ltr'><strong>ad</strong></span> <span class='ocrx_word' id='word_1_127' title='bbox 1212 1733 1530 1789; x_wconf 79' lang='lat' dir='ltr'><strong>filemonem</strong></span> <span class='ocrx_word' id='word_1_128' title='bbox 1559 1749 1696 1800; x_wconf 87' lang='lat' dir='ltr'><strong>una;</strong></span> 
     </span>
     <span class='ocr_line' id='line_1_18' title="bbox 166 1812 1931 1893; baseline -0.001 -14"><span class='ocrx_word' id='word_1_129' title='bbox 166 1831 241 1879; x_wconf 87' lang='grc'><strong>60</strong></span> <span class='ocrx_word' id='word_1_130' title='bbox 280 1831 338 1879; x_wconf 85' lang='lat' dir='ltr'><strong>et</strong></span> <span class='ocrx_word' id='word_1_131' title='bbox 362 1821 435 1878; x_wconf 86' lang='lat' dir='ltr'><strong>ad</strong></span> <span class='ocrx_word' id='word_1_132' title='bbox 462 1812 569 1878; x_wconf 66' lang='lat' dir='ltr'><strong>tit‘fi</strong></span> <span class='ocrx_word' id='word_1_133' title='bbox 597 1837 705 1876; x_wconf 87' lang='lat' dir='ltr'><strong>una</strong></span> <span class='ocrx_word' id='word_1_134' title='bbox 722 1864 735 1890; x_wconf 95' lang='lat'>‚</span> <span class='ocrx_word' id='word_1_135' title='bbox 762 1829 819 1876; x_wconf 88' lang='lat' dir='ltr'><strong>et</strong></span> <span class='ocrx_word' id='word_1_136' title='bbox 841 1819 913 1876; x_wconf 91' lang='lat' dir='ltr'><strong>ad</strong></span> <span class='ocrx_word' id='word_1_137' title='bbox 940 1813 1230 1893; x_wconf 60' lang='lat' dir='ltr'><strong>tymothei-1</strong></span> <span class='ocrx_word' id='word_1_138' title='bbox 1258 1819 1395 1876; x_wconf 86' lang='lat' dir='ltr'><strong>duas</strong></span> <span class='ocrx_word' id='word_1_139' title='bbox 1422 1821 1608 1889; x_wconf 88' lang='lat' dir='ltr'><strong>[duae]</strong></span> <span class='ocrx_word' id='word_1_140' title='bbox 1636 1837 1736 1892; x_wconf 89' lang='lat' dir='ltr'><strong>pro</strong></span> <span class='ocrx_word' id='word_1_141' title='bbox 1760 1822 1931 1878; x_wconf 79' lang='lat' dir='ltr'><strong>affec-</strong></span> 
     </span>
     <span class='ocr_line' id='line_1_19' title="bbox 280 1905 2073 1980; baseline -0.001 -14"><span class='ocrx_word' id='word_1_142' title='bbox 280 1919 342 1966; x_wconf 89' lang='lat' dir='ltr'><strong>to</strong></span> <span class='ocrx_word' id='word_1_143' title='bbox 370 1918 426 1965; x_wconf 89' lang='lat' dir='ltr'><strong>et</strong></span> <span class='ocrx_word' id='word_1_144' title='bbox 451 1910 776 1976; x_wconf 84' lang='lat' dir='ltr'><strong>dilectione,</strong></span> <span class='ocrx_word' id='word_1_145' title='bbox 804 1910 869 1963; x_wconf 89' lang='lat' dir='ltr'><strong>In</strong></span> <span class='ocrx_word' id='word_1_146' title='bbox 894 1907 1107 1964; x_wconf 87' lang='lat' dir='ltr'><strong>honore</strong></span> <span class='ocrx_word' id='word_1_147' title='bbox 1137 1905 1449 1980; x_wconf 89' lang='lat' dir='ltr'><strong>[honorem]</strong></span> <span class='ocrx_word' id='word_1_148' title='bbox 1475 1917 1664 1963; x_wconf 88' lang='lat' dir='ltr'><strong>tamen</strong></span> <span class='ocrx_word' id='word_1_149' title='bbox 1693 1909 1956 1964; x_wconf 89' lang='lat' dir='ltr'><strong>ecclesiae</strong></span> <span class='ocrx_word' id='word_1_150' title='bbox 1978 1925 2073 1964; x_wconf 90' lang='lat' dir='ltr'><strong>ca-</strong></span> 
     </span>
     <span class='ocr_line' id='line_1_20' title="bbox 282 1995 2270 2068; baseline -0.002 -14"><span class='ocrx_word' id='word_1_151' title='bbox 282 1998 482 2054; x_wconf 86' lang='lat' dir='ltr'><strong>tholice</strong></span> <span class='ocrx_word' id='word_1_152' title='bbox 512 1995 885 2068; x_wconf 88' lang='lat' dir='ltr'><strong>[catholicae]‚</strong></span> <span class='ocrx_word' id='word_1_153' title='bbox 918 1997 983 2050; x_wconf 89' lang='lat' dir='ltr'><strong>In</strong></span> <span class='ocrx_word' id='word_1_154' title='bbox 1008 1995 1412 2051; x_wconf 86' lang='lat' dir='ltr'><strong>ordinationem</strong></span> <span class='ocrx_word' id='word_1_155' title='bbox 1443 1997 1808 2052; x_wconf 84' lang='lat' dir='ltr'><strong>ecclesiastice</strong></span> <span class='ocrx_word' id='word_1_156' title='bbox 1832 1995 2270 2067; x_wconf 88' lang='lat' dir='ltr'><strong>[ecclesiasticae]</strong></span> 
     </span>
     <span class='ocr_line' id='line_1_21' title="bbox 282 2075 2390 2156; baseline -0.001 -15"><span class='ocrx_word' id='word_1_157' title='bbox 282 2085 593 2156; x_wconf 88' lang='lat' dir='ltr'><strong>descepline</strong></span> <span class='ocrx_word' id='word_1_158' title='bbox 622 2083 985 2153; x_wconf 81' lang='lat' dir='ltr'><strong>[discipliuae]</strong></span> <span class='ocrx_word' id='word_1_159' title='bbox 1016 2075 1256 2140; x_wconf 59' lang='lat' dir='ltr'><strong>sffficate</strong></span> <span class='ocrx_word' id='word_1_160' title='bbox 1285 2083 1697 2154; x_wconf 77' lang='lat' dir='ltr'><strong>[sanctificatae]</strong></span> <span class='ocrx_word' id='word_1_161' title='bbox 1721 2093 1866 2140; x_wconf 90' lang='lat' dir='ltr'><strong>sunt.</strong></span> <span class='ocrx_word' id='word_1_162' title='bbox 1900 2087 2098 2140; x_wconf 87' lang='lat' dir='ltr'><strong>Fertur</strong></span> <span class='ocrx_word' id='word_1_163' title='bbox 2121 2085 2288 2140; x_wconf 89' lang='lat' dir='ltr'><strong>etiam</strong></span> <span class='ocrx_word' id='word_1_164' title='bbox 2315 2083 2390 2140; x_wconf 92' lang='lat' dir='ltr'><strong>ad</strong></span> 
     </span>
     <span class='ocr_line' id='line_1_22' title="bbox 280 2171 2090 2240; baseline -0.001 -10"><span class='ocrx_word' id='word_1_165' title='bbox 280 2173 667 2230; x_wconf 88' lang='lat' dir='ltr'><strong>Laudecenses</strong></span> <span class='ocrx_word' id='word_1_166' title='bbox 694 2171 1099 2240; x_wconf 85' lang='lat' dir='ltr'><strong>[Laodicenses]</strong></span> <span class='ocrx_word' id='word_1_167' title='bbox 1116 2215 1130 2240; x_wconf 93' lang='lat'><strong>,</strong></span> <span class='ocrx_word' id='word_1_168' title='bbox 1157 2172 1263 2227; x_wconf 85' lang='lat' dir='ltr'><strong>alia</strong></span> <span class='ocrx_word' id='word_1_169' title='bbox 1292 2171 1361 2228; x_wconf 88' lang='lat' dir='ltr'><strong>ad</strong></span> <span class='ocrx_word' id='word_1_170' title='bbox 1386 2171 1776 2228; x_wconf 86' lang='lat' dir='ltr'><strong>alexandrinos</strong></span> <span class='ocrx_word' id='word_1_171' title='bbox 1805 2172 1957 2228; x_wconf 85' lang='lat' dir='ltr'><strong>Pauli</strong></span> <span class='ocrx_word' id='word_1_172' title='bbox 1985 2187 2090 2228; x_wconf 89' lang='lat' dir='ltr'><strong>no-</strong></span> 
     </span>
     <span class='ocr_line' id='line_1_23' title="bbox 169 2259 1952 2330; baseline -0.001 -12"><span class='ocrx_word' id='word_1_173' title='bbox 169 2269 245 2318; x_wconf 79' lang='lat'><strong>65</strong></span> <span class='ocrx_word' id='word_1_174' title='bbox 283 2262 435 2318; x_wconf 88' lang='lat' dir='ltr'><strong>mine</strong></span> <span class='ocrx_word' id='word_1_175' title='bbox 460 2260 627 2316; x_wconf 86' lang='lat' dir='ltr'><strong>fincte</strong></span> <span class='ocrx_word' id='word_1_176' title='bbox 652 2259 855 2328; x_wconf 85' lang='lat' dir='ltr'><strong>[lictae]</strong></span> <span class='ocrx_word' id='word_1_177' title='bbox 878 2260 951 2314; x_wconf 89' lang='lat' dir='ltr'><strong>ad</strong></span> <span class='ocrx_word' id='word_1_178' title='bbox 978 2259 1231 2316; x_wconf 86' lang='lat' dir='ltr'><strong>heresem</strong></span> <span class='ocrx_word' id='word_1_179' title='bbox 1253 2260 1581 2325; x_wconf 77' lang='lat' dir='ltr'><strong>MarcioniS‚</strong></span> <span class='ocrx_word' id='word_1_180' title='bbox 1607 2269 1664 2314; x_wconf 85' lang='lat' dir='ltr'><strong>et</strong></span> <span class='ocrx_word' id='word_1_181' title='bbox 1691 2259 1802 2316; x_wconf 89' lang='lat' dir='ltr'><strong>alia</strong></span> <span class='ocrx_word' id='word_1_182' title='bbox 1827 2259 1952 2330; x_wconf 89' lang='lat' dir='ltr'><strong>plu-</strong></span> 
     </span>
     <span class='ocr_line' id='line_1_24' title="bbox 281 2346 1900 2420; baseline -0.002 -14"><span class='ocrx_word' id='word_1_183' title='bbox 281 2365 375 2412; x_wconf 81' lang='lat' dir='ltr'><strong>ra,</strong></span> <span class='ocrx_word' id='word_1_184' title='bbox 409 2364 551 2420; x_wconf 88' lang='lat' dir='ltr'><strong>quae</strong></span> <span class='ocrx_word' id='word_1_185' title='bbox 577 2349 637 2402; x_wconf 92' lang='lat' dir='ltr'><strong>in</strong></span> <span class='ocrx_word' id='word_1_186' title='bbox 663 2346 995 2402; x_wconf 86' lang='lat' dir='ltr'><strong>catholicam</strong></span> <span class='ocrx_word' id='word_1_187' title='bbox 1018 2347 1309 2404; x_wconf 85' lang='lat' dir='ltr'><strong>ecclesiam</strong></span> <span class='ocrx_word' id='word_1_188' title='bbox 1335 2347 1517 2418; x_wconf 84' lang='lat' dir='ltr'><strong>recepi</strong></span> <span class='ocrx_word' id='word_1_189' title='bbox 1550 2347 1760 2418; x_wconf 85' lang='lat' dir='ltr'><strong>[recipi]</strong></span> <span class='ocrx_word' id='word_1_190' title='bbox 1787 2363 1900 2403; x_wconf 90' lang='lat' dir='ltr'><strong>non</strong></span> 
     </span>
     <span class='ocr_line' id='line_1_25' title="bbox 284 2434 1696 2506; baseline -0.001 -14"><span class='ocrx_word' id='word_1_191' title='bbox 284 2445 496 2506; x_wconf 80' lang='lat' dir='ltr'><strong>potest3</strong></span> <span class='ocrx_word' id='word_1_192' title='bbox 525 2436 622 2492; x_wconf 87' lang='lat' dir='ltr'><strong>Fel</strong></span> <span class='ocrx_word' id='word_1_193' title='bbox 652 2435 801 2490; x_wconf 89' lang='lat' dir='ltr'><strong>enim</strong></span> <span class='ocrx_word' id='word_1_194' title='bbox 829 2450 959 2490; x_wconf 90' lang='lat' dir='ltr'><strong>cum</strong></span> <span class='ocrx_word' id='word_1_195' title='bbox 984 2435 1151 2490; x_wconf 84' lang='lat' dir='ltr'><strong>melle</strong></span> <span class='ocrx_word' id='word_1_196' title='bbox 1176 2434 1395 2490; x_wconf 89' lang='lat' dir='ltr'><strong>misceri</strong></span> <span class='ocrx_word' id='word_1_197' title='bbox 1424 2451 1536 2489; x_wconf 89' lang='lat' dir='ltr'><strong>non</strong></span> <span class='ocrx_word' id='word_1_198' title='bbox 1560 2451 1696 2491; x_wconf 89' lang='lat' dir='ltr'><strong>cou-</strong></span> 
     </span>
     <span class='ocr_line' id='line_1_26' title="bbox 281 2521 2519 2594; baseline -0.001 -14"><span class='ocrx_word' id='word_1_199' title='bbox 281 2525 427 2580; x_wconf 87' lang='lat' dir='ltr'><strong>cruit</strong></span> <span class='ocrx_word' id='word_1_200' title='bbox 452 2522 765 2594; x_wconf 74' lang='lat' dir='ltr'><strong>[congruit]</strong></span> <span class='ocrx_word' id='word_1_201' title='bbox 798 2522 1027 2594; x_wconf 90' lang='lat' dir='ltr'><strong>epistola</strong></span> <span class='ocrx_word' id='word_1_202' title='bbox 1052 2537 1183 2576; x_wconf 90' lang='lat' dir='ltr'><strong>sane</strong></span> <span class='ocrx_word' id='word_1_203' title='bbox 1208 2521 1344 2576; x_wconf 88' lang='lat' dir='ltr'><strong>lude</strong></span> <span class='ocrx_word' id='word_1_204' title='bbox 1372 2522 1590 2592; x_wconf 86' lang='lat' dir='ltr'><strong>[Iudae]</strong></span> <span class='ocrx_word' id='word_1_205' title='bbox 1615 2531 1672 2578; x_wconf 87' lang='lat' dir='ltr'><strong>et</strong></span> <span class='ocrx_word' id='word_1_206' title='bbox 1693 2523 2089 2593; x_wconf 86' lang='lat' dir='ltr'><strong>superscriptio</strong></span> <span class='ocrx_word' id='word_1_207' title='bbox 2120 2523 2519 2594; x_wconf 86' lang='lat' dir='ltr'><strong>[suprascripti]</strong></span> 
     </span>
     <span class='ocr_line' id='line_1_27' title="bbox 286 2607 1965 2681; baseline -0.001 -14"><span class='ocrx_word' id='word_1_208' title='bbox 286 2611 552 2667; x_wconf 80' lang='lat' dir='ltr'><strong>Iohannis</strong></span> <span class='ocrx_word' id='word_1_209' title='bbox 579 2608 719 2664; x_wconf 87' lang='lat' dir='ltr'><strong>duas</strong></span> <span class='ocrx_word' id='word_1_210' title='bbox 747 2607 929 2680; x_wconf 88' lang='lat' dir='ltr'><strong>[duae]</strong></span> <span class='ocrx_word' id='word_1_211' title='bbox 958 2609 1022 2663; x_wconf 89' lang='lat' dir='ltr'><strong>In</strong></span> <span class='ocrx_word' id='word_1_212' title='bbox 1050 2608 1319 2664; x_wconf 90' lang='lat' dir='ltr'><strong>catholica</strong></span> <span class='ocrx_word' id='word_1_213' title='bbox 1351 2609 1697 2664; x_wconf 81' lang='lat' dir='ltr'><strong>habeutur¹⁹.</strong></span> <span class='ocrx_word' id='word_1_214' title='bbox 1722 2611 1792 2665; x_wconf 85' lang='lat' dir='ltr'><strong>Et</strong></span> <span class='ocrx_word' id='word_1_215' title='bbox 1819 2609 1965 2681; x_wconf 89' lang='lat' dir='ltr'><strong>sapi-</strong></span> 
     </span>
     <span class='ocr_line' id='line_1_28' title="bbox 170 2695 1604 2766; baseline -0.002 -11"><span class='ocrx_word' id='word_1_216' title='bbox 170 2707 247 2756; x_wconf 80' lang='lat'><strong>70</strong></span> <span class='ocrx_word' id='word_1_217' title='bbox 284 2699 435 2754; x_wconf 87' lang='lat' dir='ltr'><strong>entia</strong></span> <span class='ocrx_word' id='word_1_218' title='bbox 462 2697 533 2752; x_wconf 86' lang='lat' dir='ltr'><strong>ab</strong></span> <span class='ocrx_word' id='word_1_219' title='bbox 556 2695 747 2751; x_wconf 89' lang='lat' dir='ltr'><strong>amicis</strong></span> <span class='ocrx_word' id='word_1_220' title='bbox 775 2696 1083 2752; x_wconf 87' lang='lat' dir='ltr'><strong>Salomonis</strong></span> <span class='ocrx_word' id='word_1_221' title='bbox 1106 2697 1163 2750; x_wconf 88' lang='lat' dir='ltr'><strong>in</strong></span> <span class='ocrx_word' id='word_1_222' title='bbox 1193 2697 1402 2751; x_wconf 90' lang='lat' dir='ltr'><strong>honore</strong></span> <span class='ocrx_word' id='word_1_223' title='bbox 1432 2695 1604 2766; x_wconf 88' lang='lat' dir='ltr'><strong>ipsius</strong></span> 
     </span>
    </p>
   </div>
   <div class='ocr_carea' id='block_1_3' title="bbox 282 2783 2636 2942">
    <p class='ocr_par' dir='ltr' id='par_1_3' title="bbox 282 2783 2636 2942">
     <span class='ocr_line' id='line_1_29' title="bbox 282 2783 2636 2857; baseline -0 -15"><span class='ocrx_word' id='word_1_224' title='bbox 282 2783 546 2857; x_wconf 72' lang='lat' dir='ltr'><strong>scripta²⁰</strong></span> <span class='ocrx_word' id='word_1_225' title='bbox 584 2783 911 2854; x_wconf 90' lang='lat' dir='ltr'><strong>apocalapse</strong></span> <span class='ocrx_word' id='word_1_226' title='bbox 944 2783 1337 2856; x_wconf 85' lang='lat' dir='ltr'><strong>[apocalypsim</strong></span> <span class='ocrx_word' id='word_1_227' title='bbox 1368 2785 1455 2839; x_wconf 83' lang='lat' dir='ltr'><strong>vel</strong></span> <span class='ocrx_word' id='word_1_228' title='bbox 1500 2785 1876 2856; x_wconf 88' lang='lat' dir='ltr'><strong>apocalypses]</strong></span> <span class='ocrx_word' id='word_1_229' title='bbox 1915 2787 2084 2842; x_wconf 89' lang='lat' dir='ltr'><strong>etiam</strong></span> <span class='ocrx_word' id='word_1_230' title='bbox 2129 2784 2394 2841; x_wconf 85' lang='lat' dir='ltr'><strong>Iohannis</strong></span> <span class='ocrx_word' id='word_1_231' title='bbox 2429 2793 2487 2840; x_wconf 90' lang='lat' dir='ltr'><strong>et</strong></span> <span class='ocrx_word' id='word_1_232' title='bbox 2529 2788 2636 2841; x_wconf 87' lang='lat' dir='ltr'><strong>Pe-</strong></span> 
     </span>
     <span class='ocr_line' id='line_1_30' title="bbox 286 2869 1658 2942; baseline -0.002 -13"><span class='ocrx_word' id='word_1_233' title='bbox 286 2874 357 2929; x_wconf 85' lang='lat' dir='ltr'><strong>tri</strong></span> <span class='ocrx_word' id='word_1_234' title='bbox 384 2881 603 2928; x_wconf 87' lang='lat' dir='ltr'><strong>tantum</strong></span> <span class='ocrx_word' id='word_1_235' title='bbox 625 2870 951 2941; x_wconf 79' lang='lat' dir='ltr'><strong>recipimuS,</strong></span> <span class='ocrx_word' id='word_1_236' title='bbox 982 2886 1149 2942; x_wconf 90' lang='lat' dir='ltr'><strong>quam</strong></span> <span class='ocrx_word' id='word_1_237' title='bbox 1178 2869 1401 2941; x_wconf 90' lang='lat' dir='ltr'><strong>quidam</strong></span> <span class='ocrx_word' id='word_1_238' title='bbox 1428 2887 1493 2926; x_wconf 83' lang='lat' dir='ltr'><strong>ex</strong></span> <span class='ocrx_word' id='word_1_239' title='bbox 1522 2887 1658 2927; x_wconf 92' lang='lat' dir='ltr'><strong>nos-</strong></span> 
     </span>
    </p>
   </div>
   <div class='ocr_carea' id='block_1_4' title="bbox 98 3101 2659 4664">
    <p class='ocr_par' dir='ltr' id='par_1_4' title="bbox 98 3101 2644 3324">
     <span class='ocr_line' id='line_1_31' title="bbox 160 3101 2644 3166; baseline -0.001 -13"><span class='ocrx_word' id='word_1_240' title='bbox 160 3105 267 3166; x_wconf 80' lang='lat'>(15)</span> <span class='ocrx_word' id='word_1_241' title='bbox 301 3119 327 3148; x_wconf 72' lang='lat' dir='ltr'><strong>a</strong></span> <span class='ocrx_word' id='word_1_242' title='bbox 356 3101 483 3152; x_wconf 91' lang='lat' dir='ltr'><strong>ordo</strong></span> <span class='ocrx_word' id='word_1_243' title='bbox 512 3102 891 3164; x_wconf 84' lang='lat' dir='ltr'><strong>scripturarum</strong></span> <span class='ocrx_word' id='word_1_244' title='bbox 912 3121 938 3146; x_wconf 70' lang='lat' dir='ltr'><strong>a»</strong></span> <span class='ocrx_word' id='word_1_245' title='bbox 956 3114 1021 3150; x_wconf 81' lang='lat' dir='ltr'><strong>ex</strong></span> <span class='ocrx_word' id='word_1_246' title='bbox 1048 3103 1101 3149; x_wconf 86' lang='lat' dir='ltr'><strong>S.</strong></span> <span class='ocrx_word' id='word_1_247' title='bbox 1130 3101 1272 3149; x_wconf 79' lang='lat' dir='ltr'><strong>Iren.</strong></span> <span class='ocrx_word' id='word_1_248' title='bbox 1295 3113 1340 3148; x_wconf 90' lang='lat' dir='ltr'><strong>c.</strong></span> <span class='ocrx_word' id='word_1_249' title='bbox 1366 3101 1516 3150; x_wconf 81' lang='lat' dir='ltr'><strong>Haer.</strong></span> <span class='ocrx_word' id='word_1_250' title='bbox 1542 3102 1580 3150; x_wconf 91' lang='grc' dir='ltr'><strong>Ι.</strong></span> <span class='ocrx_word' id='word_1_251' title='bbox 1604 3105 1632 3150; x_wconf 87' lang='grc'><strong>8</strong></span> <span class='ocrx_word' id='word_1_252' title='bbox 1657 3101 1758 3163; x_wconf 70' lang='grc' dir='ltr'>(τὴν</span> <span class='ocrx_word' id='word_1_253' title='bbox 1781 3101 1909 3158; x_wconf 79' lang='grc' dir='ltr'><strong>τάξιν</strong></span> <span class='ocrx_word' id='word_1_254' title='bbox 1931 3101 2014 3149; x_wconf 67' lang='grc' dir='ltr'><strong>καὶ</strong></span> <span class='ocrx_word' id='word_1_255' title='bbox 2039 3102 2121 3150; x_wconf 82' lang='grc' dir='ltr'><strong>τὸν</strong></span> <span class='ocrx_word' id='word_1_256' title='bbox 2143 3103 2306 3166; x_wconf 75' lang='grc' dir='ltr'><strong>εἱρμὸν</strong></span> <span class='ocrx_word' id='word_1_257' title='bbox 2329 3107 2425 3150; x_wconf 80' lang='grc' dir='ltr'><strong>τῶν</strong></span> <span class='ocrx_word' id='word_1_258' title='bbox 2443 3104 2644 3164; x_wconf 81' lang='grc' dir='ltr'>Γραφῶν</span> 
     </span>
     <span class='ocr_line' id='line_1_32' title="bbox 98 3179 2642 3246; baseline -0.001 -14"><span class='ocrx_word' id='word_1_259' title='bbox 98 3181 483 3246; x_wconf 51' lang='lat' dir='ltr'><strong>exspectato-nec.</strong></span> <span class='ocrx_word' id='word_1_260' title='bbox 515 3183 575 3229; x_wconf 84' lang='lat' dir='ltr'><strong>V.</strong></span> <span class='ocrx_word' id='word_1_261' title='bbox 607 3183 647 3229; x_wconf 91' lang='lat'><strong>1.</strong></span> <span class='ocrx_word' id='word_1_262' title='bbox 686 3197 711 3228; x_wconf 88' lang='lat'>«</span> <span class='ocrx_word' id='word_1_263' title='bbox 740 3179 969 3230; x_wconf 82' lang='lat' dir='ltr'><strong>ordinem</strong></span> <span class='ocrx_word' id='word_1_264' title='bbox 1000 3181 1051 3228; x_wconf 90' lang='lat' dir='ltr'><strong>et</strong></span> <span class='ocrx_word' id='word_1_265' title='bbox 1082 3181 1281 3228; x_wconf 87' lang='lat' dir='ltr'><strong>textum</strong></span> <span class='ocrx_word' id='word_1_266' title='bbox 1318 3179 1692 3241; x_wconf 86' lang='lat' dir='ltr'><strong>Scripturarum</strong></span> <span class='ocrx_word' id='word_1_267' title='bbox 1725 3179 2158 3242; x_wconf 82' lang='lat' dir='ltr'><strong>supergredientes</strong></span> <span class='ocrx_word' id='word_1_268' title='bbox 2189 3181 2238 3243; x_wconf 74' lang='lat' dir='ltr'><strong>n)</strong></span> <span class='ocrx_word' id='word_1_269' title='bbox 2275 3179 2482 3230; x_wconf 82' lang='lat' dir='ltr'><strong>videtur</strong></span> <span class='ocrx_word' id='word_1_270' title='bbox 2508 3179 2642 3230; x_wconf 87' lang='lat' dir='ltr'><strong>desi-</strong></span> 
     </span>
     <span class='ocr_line' id='line_1_33' title="bbox 98 3257 2580 3324; baseline -0.002 -12"><span class='ocrx_word' id='word_1_271' title='bbox 98 3275 263 3324; x_wconf 78' lang='lat' dir='ltr'><strong>gnare</strong></span> <span class='ocrx_word' id='word_1_272' title='bbox 290 3273 377 3318; x_wconf 81' lang='lat' dir='ltr'><strong>ea,</strong></span> <span class='ocrx_word' id='word_1_273' title='bbox 408 3271 539 3322; x_wconf 83' lang='lat' dir='ltr'><strong>quae</strong></span> <span class='ocrx_word' id='word_1_274' title='bbox 561 3259 821 3322; x_wconf 78' lang='lat' dir='ltr'><strong>Scriptura</strong></span> <span class='ocrx_word' id='word_1_275' title='bbox 844 3258 951 3308; x_wconf 77' lang='lat' dir='ltr'><strong>lieri</strong></span> <span class='ocrx_word' id='word_1_276' title='bbox 978 3257 1147 3316; x_wconf 86' lang='lat' dir='ltr'><strong>iubet,</strong></span> <span class='ocrx_word' id='word_1_277' title='bbox 1181 3257 1249 3306; x_wconf 85' lang='lat' dir='ltr'><strong>ita</strong></span> <span class='ocrx_word' id='word_1_278' title='bbox 1276 3261 1331 3306; x_wconf 91' lang='lat' dir='ltr'><strong>ut</strong></span> <span class='ocrx_word' id='word_1_279' title='bbox 1360 3257 1493 3306; x_wconf 75' lang='lat' dir='ltr'><strong>ordo</strong></span> <span class='ocrx_word' id='word_1_280' title='bbox 1519 3279 1582 3298; x_wconf 89' lang='lat'>=</span> <span class='ocrx_word' id='word_1_281' title='bbox 1608 3271 1864 3307; x_wconf 87' lang='lat' dir='ltr'><strong>summum</strong></span> <span class='ocrx_word' id='word_1_282' title='bbox 1893 3262 2247 3320; x_wconf 81' lang='lat' dir='ltr'><strong>argumentum</strong></span> <span class='ocrx_word' id='word_1_283' title='bbox 2277 3259 2580 3321; x_wconf 74' lang='lat' dir='ltr'><strong>scripturae.</strong></span> 
     </span>
    </p>

    <p class='ocr_par' dir='ltr' id='par_1_5' title="bbox 100 3334 2640 3482">
     <span class='ocr_line' id='line_1_34' title="bbox 160 3334 2640 3401; baseline -0.001 -12"><span class='ocrx_word' id='word_1_284' title='bbox 160 3341 271 3401; x_wconf 83' lang='lat'><strong>(16)</strong></span> <span class='ocrx_word' id='word_1_285' title='bbox 308 3337 513 3390; x_wconf 82' lang='lat' dir='ltr'><strong>Omissa</strong></span> <span class='ocrx_word' id='word_1_286' title='bbox 552 3341 629 3387; x_wconf 86' lang='lat' dir='ltr'><strong>est</strong></span> <span class='ocrx_word' id='word_1_287' title='bbox 662 3336 914 3400; x_wconf 86' lang='lat' dir='ltr'><strong>particula</strong></span> <span class='ocrx_word' id='word_1_288' title='bbox 945 3349 1131 3398; x_wconf 82' lang='lat' dir='ltr'><strong>negans</strong></span> <span class='ocrx_word' id='word_1_289' title='bbox 1172 3355 1185 3384; x_wconf 67' lang='grc' dir='ltr'><strong>ι</strong></span> <span class='ocrx_word' id='word_1_290' title='bbox 1227 3353 1250 3381; x_wconf 84' lang='lat'>«</span> <span class='ocrx_word' id='word_1_291' title='bbox 1279 3334 1344 3385; x_wconf 88' lang='lat' dir='ltr'><strong>de</strong></span> <span class='ocrx_word' id='word_1_292' title='bbox 1367 3334 1557 3398; x_wconf 85' lang='lat' dir='ltr'><strong>quibus</strong></span> <span class='ocrx_word' id='word_1_293' title='bbox 1583 3335 1796 3398; x_wconf 78' lang='lat' dir='ltr'><strong>singulis</strong></span> <span class='ocrx_word' id='word_1_294' title='bbox 1833 3349 2033 3386; x_wconf 88' lang='lat' dir='ltr'><strong>necesse</strong></span> <span class='ocrx_word' id='word_1_295' title='bbox 2061 3351 2160 3385; x_wconf 86' lang='lat' dir='ltr'><strong>non</strong></span> <span class='ocrx_word' id='word_1_296' title='bbox 2189 3341 2269 3386; x_wconf 85' lang='lat' dir='ltr'><strong>est</strong></span> <span class='ocrx_word' id='word_1_297' title='bbox 2305 3352 2334 3386; x_wconf 82' lang='lat' dir='ltr'><strong>a</strong></span> <span class='ocrx_word' id='word_1_298' title='bbox 2365 3337 2510 3387; x_wconf 90' lang='lat' dir='ltr'><strong>nobis</strong></span> <span class='ocrx_word' id='word_1_299' title='bbox 2537 3337 2640 3387; x_wconf 82' lang='lat' dir='ltr'><strong>dis-</strong></span> 
     </span>
     <span class='ocr_line' id='line_1_35' title="bbox 100 3418 361 3482; baseline 0.004 -17"><span class='ocrx_word' id='word_1_300' title='bbox 100 3418 281 3482; x_wconf 79' lang='lat' dir='ltr'><strong>putari</strong></span> <span class='ocrx_word' id='word_1_301' title='bbox 314 3433 361 3466; x_wconf 68' lang='lat' dir='ltr'><strong>w.</strong></span> 
     </span>
    </p>

    <p class='ocr_par' dir='ltr' id='par_1_6' title="bbox 98 3491 2651 3719">
     <span class='ocr_line' id='line_1_36' title="bbox 162 3491 2646 3560; baseline -0.001 -14"><span class='ocrx_word' id='word_1_302' title='bbox 162 3497 271 3560; x_wconf 82' lang='grc'>(17)</span> <span class='ocrx_word' id='word_1_303' title='bbox 299 3495 634 3545; x_wconf 86' lang='lat' dir='ltr'><strong>Prodecessor</strong></span> <span class='ocrx_word' id='word_1_304' title='bbox 656 3494 737 3544; x_wconf 81' lang='lat' dir='ltr'><strong>vel</strong></span> <span class='ocrx_word' id='word_1_305' title='bbox 766 3493 1119 3556; x_wconf 87' lang='lat' dir='ltr'><strong>praedecessor</strong></span> <span class='ocrx_word' id='word_1_306' title='bbox 1140 3491 1285 3541; x_wconf 86' lang='lat' dir='ltr'><strong>Pauli</strong></span> <span class='ocrx_word' id='word_1_307' title='bbox 1306 3493 1518 3542; x_wconf 83' lang='lat' dir='ltr'><strong>Ioannes</strong></span> <span class='ocrx_word' id='word_1_308' title='bbox 1545 3495 1775 3551; x_wconf 80' lang='lat' dir='ltr'><strong>vocatur,</strong></span> <span class='ocrx_word' id='word_1_309' title='bbox 1802 3495 2056 3556; x_wconf 86' lang='lat' dir='ltr'><strong>quatenus</strong></span> <span class='ocrx_word' id='word_1_310' title='bbox 2086 3494 2222 3556; x_wconf 82' lang='lat' dir='ltr'><strong>prior</strong></span> <span class='ocrx_word' id='word_1_311' title='bbox 2248 3495 2312 3545; x_wconf 88' lang='lat' dir='ltr'><strong>ad</strong></span> <span class='ocrx_word' id='word_1_312' title='bbox 2335 3495 2483 3544; x_wconf 74' lang='lat' dir='ltr'><strong>iidem</strong></span> <span class='ocrx_word' id='word_1_313' title='bbox 2507 3499 2558 3544; x_wconf 88' lang='lat' dir='ltr'><strong>et</strong></span> <span class='ocrx_word' id='word_1_314' title='bbox 2582 3497 2646 3545; x_wconf 87' lang='lat' dir='ltr'><strong>ad</strong></span> 
     </span>
     <span class='ocr_line' id='line_1_37' title="bbox 100 3570 2651 3642; baseline -0.001 -16"><span class='ocrx_word' id='word_1_315' title='bbox 100 3575 456 3642; x_wconf 81' lang='lat' dir='ltr'><strong>apostolatum</strong></span> <span class='ocrx_word' id='word_1_316' title='bbox 495 3577 711 3622; x_wconf 81' lang='lat' dir='ltr'><strong>vocatus</strong></span> <span class='ocrx_word' id='word_1_317' title='bbox 754 3574 860 3631; x_wconf 86' lang='lat' dir='ltr'><strong>est,</strong></span> <span class='ocrx_word' id='word_1_318' title='bbox 907 3585 1010 3621; x_wconf 90' lang='lat' dir='ltr'><strong>non</strong></span> <span class='ocrx_word' id='word_1_319' title='bbox 1054 3574 1309 3634; x_wconf 83' lang='lat' dir='ltr'><strong>quatenus</strong></span> <span class='ocrx_word' id='word_1_320' title='bbox 1350 3573 1531 3620; x_wconf 83' lang='lat' dir='ltr'><strong>auctor</strong></span> <span class='ocrx_word' id='word_1_321' title='bbox 1572 3570 1908 3634; x_wconf 75' lang='lat' dir='ltr'><strong>Apocalypsin</strong></span> <span class='ocrx_word' id='word_1_322' title='bbox 1954 3573 2073 3621; x_wconf 85' lang='lat' dir='ltr'><strong>ante</strong></span> <span class='ocrx_word' id='word_1_323' title='bbox 2117 3573 2368 3636; x_wconf 76' lang='lat' dir='ltr'><strong>Epistulas</strong></span> <span class='ocrx_word' id='word_1_324' title='bbox 2411 3573 2651 3626; x_wconf 74' lang='lat' dir='ltr'><strong>Paulinae</strong></span> 
     </span>
     <span class='ocr_line' id='line_1_38' title="bbox 98 3653 599 3719; baseline -0.014 -12"><span class='ocrx_word' id='word_1_325' title='bbox 98 3657 353 3719; x_wconf 79' lang='lat' dir='ltr'><strong>scriptam</strong></span> <span class='ocrx_word' id='word_1_326' title='bbox 382 3653 599 3716; x_wconf 83' lang='lat' dir='ltr'><strong>putavit.</strong></span> 
     </span>
    </p>

    <p class='ocr_par' dir='ltr' id='par_1_7' title="bbox 100 3725 2655 4177">
     <span class='ocr_line' id='line_1_39' title="bbox 164 3725 2646 3798; baseline -0.002 -16"><span class='ocrx_word' id='word_1_327' title='bbox 164 3734 271 3798; x_wconf 75' lang='lat'>(18)</span> <span class='ocrx_word' id='word_1_328' title='bbox 296 3731 505 3782; x_wconf 85' lang='lat' dir='ltr'><strong>Phrasis</strong></span> <span class='ocrx_word' id='word_1_329' title='bbox 536 3749 561 3778; x_wconf 75' lang='grc' dir='ltr'><strong>(ι</strong></span> <span class='ocrx_word' id='word_1_330' title='bbox 590 3743 767 3779; x_wconf 83' lang='lat' dir='ltr'><strong>verum</strong></span> <span class='ocrx_word' id='word_1_331' title='bbox 794 3728 1079 3779; x_wconf 82' lang='lat' dir='ltr'><strong>Corintheis</strong></span> <span class='ocrx_word' id='word_1_332' title='bbox 1101 3731 1153 3776; x_wconf 88' lang='lat' dir='ltr'><strong>et</strong></span> <span class='ocrx_word' id='word_1_333' title='bbox 1172 3725 1705 3778; x_wconf 80' lang='lat' dir='ltr'><strong>Thessalonicensibus</strong></span> <span class='ocrx_word' id='word_1_334' title='bbox 1721 3766 1732 3786; x_wconf 91' lang='lat'><strong>,</strong></span> <span class='ocrx_word' id='word_1_335' title='bbox 1759 3729 1878 3778; x_wconf 87' lang='lat' dir='ltr'><strong>licet</strong></span> <span class='ocrx_word' id='word_1_336' title='bbox 1897 3743 1991 3793; x_wconf 89' lang='lat' dir='ltr'><strong>pro</strong></span> <span class='ocrx_word' id='word_1_337' title='bbox 2014 3730 2349 3793; x_wconf 83' lang='lat' dir='ltr'><strong>correptione,</strong></span> <span class='ocrx_word' id='word_1_338' title='bbox 2375 3729 2594 3782; x_wconf 87' lang='lat' dir='ltr'><strong>iteratur</strong></span> <span class='ocrx_word' id='word_1_339' title='bbox 2623 3750 2646 3778; x_wconf 71' lang='grc' dir='ltr'><strong>υ</strong></span> 
     </span>
     <span class='ocr_line' id='line_1_40' title="bbox 100 3805 2648 3877; baseline -0 -16"><span class='ocrx_word' id='word_1_340' title='bbox 100 3811 459 3877; x_wconf 81' lang='lat' dir='ltr'><strong>parenthetice</strong></span> <span class='ocrx_word' id='word_1_341' title='bbox 498 3810 687 3858; x_wconf 86' lang='lat' dir='ltr'><strong>inserta</strong></span> <span class='ocrx_word' id='word_1_342' title='bbox 722 3810 825 3866; x_wconf 61' lang='grc' dir='ltr'><strong>θεὶς</strong></span> <span class='ocrx_word' id='word_1_343' title='bbox 866 3821 1043 3856; x_wconf 88' lang='lat' dir='ltr'><strong>seusus</strong></span> <span class='ocrx_word' id='word_1_344' title='bbox 1076 3809 1247 3856; x_wconf 83' lang='lat' dir='ltr'><strong>autem</strong></span> <span class='ocrx_word' id='word_1_345' title='bbox 1286 3805 1509 3868; x_wconf 72' lang='lat' dir='ltr'><strong>integrae</strong></span> <span class='ocrx_word' id='word_1_346' title='bbox 1545 3807 1912 3858; x_wconf 77' lang='lat' dir='ltr'><strong>enuntiationis</strong></span> <span class='ocrx_word' id='word_1_347' title='bbox 1948 3808 2072 3858; x_wconf 76' lang='lat' dir='ltr'><strong>satis</strong></span> <span class='ocrx_word' id='word_1_348' title='bbox 2105 3807 2374 3871; x_wconf 85' lang='lat' dir='ltr'><strong>impeditae</strong></span> <span class='ocrx_word' id='word_1_349' title='bbox 2409 3814 2487 3859; x_wconf 89' lang='lat' dir='ltr'><strong>est</strong></span> <span class='ocrx_word' id='word_1_350' title='bbox 2523 3810 2604 3860; x_wconf 88' lang='lat' dir='ltr'><strong>hic</strong></span> <span class='ocrx_word' id='word_1_351' title='bbox 2633 3830 2648 3860; x_wconf 72' lang='grc' dir='ltr'>ε</span> 
     </span>
     <span class='ocr_line' id='line_1_41' title="bbox 100 3883 2652 3952; baseline -0.001 -10"><span class='ocrx_word' id='word_1_352' title='bbox 100 3898 285 3950; x_wconf 82' lang='lat' dir='ltr'><strong>Quum</strong></span> <span class='ocrx_word' id='word_1_353' title='bbox 310 3890 362 3952; x_wconf 89' lang='lat' dir='ltr'><strong>(i.</strong></span> <span class='ocrx_word' id='word_1_354' title='bbox 396 3903 440 3938; x_wconf 92' lang='lat' dir='ltr'><strong>e.</strong></span> <span class='ocrx_word' id='word_1_355' title='bbox 472 3887 721 3952; x_wconf 83' lang='lat' dir='ltr'><strong>quamvis)</strong></span> <span class='ocrx_word' id='word_1_356' title='bbox 750 3887 941 3936; x_wconf 86' lang='lat' dir='ltr'><strong>Paulus</strong></span> <span class='ocrx_word' id='word_1_357' title='bbox 975 3883 1366 3949; x_wconf 86' lang='lat' dir='ltr'><strong>praedecessoris</strong></span> <span class='ocrx_word' id='word_1_358' title='bbox 1394 3885 1474 3934; x_wconf 85' lang='lat' dir='ltr'><strong>sui</strong></span> <span class='ocrx_word' id='word_1_359' title='bbox 1506 3887 1711 3936; x_wconf 85' lang='lat' dir='ltr'><strong>Ioannis</strong></span> <span class='ocrx_word' id='word_1_360' title='bbox 1741 3887 1970 3937; x_wconf 86' lang='lat' dir='ltr'><strong>ordinem</strong></span> <span class='ocrx_word' id='word_1_361' title='bbox 1997 3891 2201 3937; x_wconf 85' lang='lat' dir='ltr'><strong>secutus</strong></span> <span class='ocrx_word' id='word_1_362' title='bbox 2227 3887 2432 3937; x_wconf 89' lang='lat' dir='ltr'><strong>nonnisi</strong></span> <span class='ocrx_word' id='word_1_363' title='bbox 2459 3893 2652 3952; x_wconf 84' lang='lat' dir='ltr'><strong>septem</strong></span> 
     </span>
     <span class='ocr_line' id='line_1_42' title="bbox 102 3962 2647 4031; baseline -0.002 -10"><span class='ocrx_word' id='word_1_364' title='bbox 102 3970 345 4022; x_wconf 83' lang='lat' dir='ltr'><strong>ecclesiis</strong></span> <span class='ocrx_word' id='word_1_365' title='bbox 380 3966 677 4017; x_wconf 86' lang='lat' dir='ltr'><strong>nominatim</strong></span> <span class='ocrx_word' id='word_1_366' title='bbox 714 3965 929 4022; x_wconf 82' lang='lat' dir='ltr'><strong>scribat,</strong></span> <span class='ocrx_word' id='word_1_367' title='bbox 957 3969 1124 4014; x_wconf 84' lang='lat' dir='ltr'><strong>tamen</strong></span> <span class='ocrx_word' id='word_1_368' title='bbox 1160 3962 1419 4014; x_wconf 88' lang='lat' dir='ltr'><strong>ecclesiam</strong></span> <span class='ocrx_word' id='word_1_369' title='bbox 1450 3977 1538 4026; x_wconf 90' lang='lat' dir='ltr'><strong>per</strong></span> <span class='ocrx_word' id='word_1_370' title='bbox 1574 3979 1772 4015; x_wconf 88' lang='lat' dir='ltr'><strong>omnem</strong></span> <span class='ocrx_word' id='word_1_371' title='bbox 1806 3965 1978 4015; x_wconf 87' lang='lat' dir='ltr'><strong>orbem</strong></span> <span class='ocrx_word' id='word_1_372' title='bbox 2005 3963 2246 4014; x_wconf 77' lang='lat' dir='ltr'><strong>diffusam</strong></span> <span class='ocrx_word' id='word_1_373' title='bbox 2275 3978 2383 4016; x_wconf 88' lang='lat' dir='ltr'><strong>esse</strong></span> <span class='ocrx_word' id='word_1_374' title='bbox 2418 3973 2647 4031; x_wconf 84' lang='lat' dir='ltr'><strong>apparet,</strong></span> 
     </span>
     <span class='ocr_line' id='line_1_43' title="bbox 100 4041 2655 4114; baseline -0.001 -15"><span class='ocrx_word' id='word_1_375' title='bbox 100 4051 233 4114; x_wconf 83' lang='lat' dir='ltr'><strong>quia</strong></span> <span class='ocrx_word' id='word_1_376' title='bbox 274 4048 431 4097; x_wconf 90' lang='lat' dir='ltr'><strong>etiam</strong></span> <span class='ocrx_word' id='word_1_377' title='bbox 466 4049 674 4096; x_wconf 87' lang='lat' dir='ltr'><strong>Ioannes</strong></span> <span class='ocrx_word' id='word_1_378' title='bbox 714 4045 765 4094; x_wconf 89' lang='lat' dir='ltr'><strong>in</strong></span> <span class='ocrx_word' id='word_1_379' title='bbox 804 4041 1101 4106; x_wconf 79' lang='lat' dir='ltr'><strong>Apocalypsi</strong></span> <span class='ocrx_word' id='word_1_380' title='bbox 1138 4048 1329 4106; x_wconf 88' lang='lat' dir='ltr'><strong>septem</strong></span> <span class='ocrx_word' id='word_1_381' title='bbox 1362 4045 1563 4092; x_wconf 85' lang='lat' dir='ltr'><strong>tantum</strong></span> <span class='ocrx_word' id='word_1_382' title='bbox 1593 4043 1817 4094; x_wconf 82' lang='lat' dir='ltr'><strong>ecclesiis</strong></span> <span class='ocrx_word' id='word_1_383' title='bbox 1849 4042 2078 4106; x_wconf 87' lang='lat' dir='ltr'><strong>scripsit,</strong></span> <span class='ocrx_word' id='word_1_384' title='bbox 2108 4046 2160 4092; x_wconf 89' lang='lat' dir='ltr'><strong>et</strong></span> <span class='ocrx_word' id='word_1_385' title='bbox 2189 4046 2358 4093; x_wconf 84' lang='lat' dir='ltr'><strong>tamen</strong></span> <span class='ocrx_word' id='word_1_386' title='bbox 2391 4045 2500 4095; x_wconf 89' lang='lat' dir='ltr'><strong>eius</strong></span> <span class='ocrx_word' id='word_1_387' title='bbox 2528 4045 2655 4097; x_wconf 88' lang='lat' dir='ltr'><strong>liber</strong></span> 
     </span>
     <span class='ocr_line' id='line_1_44' title="bbox 101 4122 1067 4177; baseline -0.006 0"><span class='ocrx_word' id='word_1_388' title='bbox 101 4126 358 4177; x_wconf 84' lang='lat' dir='ltr'><strong>omnibus</strong></span> <span class='ocrx_word' id='word_1_389' title='bbox 389 4123 625 4175; x_wconf 81' lang='lat' dir='ltr'><strong>fidelibus</strong></span> <span class='ocrx_word' id='word_1_390' title='bbox 660 4127 737 4172; x_wconf 89' lang='lat' dir='ltr'><strong>est</strong></span> <span class='ocrx_word' id='word_1_391' title='bbox 759 4122 1067 4172; x_wconf 85' lang='lat' dir='ltr'><strong>destinatus.</strong></span> 
     </span>
    </p>

    <p class='ocr_par' dir='ltr' id='par_1_8' title="bbox 102 4199 2657 4492">
     <span class='ocr_line' id='line_1_45' title="bbox 170 4199 2652 4270; baseline -0.001 -15"><span class='ocrx_word' id='word_1_392' title='bbox 170 4206 278 4270; x_wconf 77' lang='lat'>(19)</span> <span class='ocrx_word' id='word_1_393' title='bbox 310 4224 333 4248; x_wconf 72' lang='grc' dir='ltr'>κ</span> <span class='ocrx_word' id='word_1_394' title='bbox 366 4205 423 4254; x_wconf 87' lang='lat' dir='ltr'><strong>ln</strong></span> <span class='ocrx_word' id='word_1_395' title='bbox 455 4203 700 4253; x_wconf 84' lang='lat' dir='ltr'><strong>catholica</strong></span> <span class='ocrx_word' id='word_1_396' title='bbox 734 4201 987 4252; x_wconf 84' lang='lat' dir='ltr'><strong>habentur</strong></span> <span class='ocrx_word' id='word_1_397' title='bbox 1015 4221 1039 4246; x_wconf 70' lang='grc' dir='ltr'><strong><em>ι</em></strong></span> <span class='ocrx_word' id='word_1_398' title='bbox 1062 4199 1141 4250; x_wconf 81' lang='lat' dir='ltr'><strong>vel</strong></span> <span class='ocrx_word' id='word_1_399' title='bbox 1171 4219 1196 4243; x_wconf 74' lang='grc' dir='ltr'><strong>α</strong></span> <span class='ocrx_word' id='word_1_400' title='bbox 1221 4201 1276 4250; x_wconf 89' lang='lat' dir='ltr'><strong>in</strong></span> <span class='ocrx_word' id='word_1_401' title='bbox 1300 4200 1551 4250; x_wconf 85' lang='lat' dir='ltr'><strong>catholica</strong></span> <span class='ocrx_word' id='word_1_402' title='bbox 1577 4222 1601 4244; x_wconf 78' lang='grc' dir='ltr'><strong>ι»</strong></span> <span class='ocrx_word' id='word_1_403' title='bbox 1633 4200 1701 4250; x_wconf 76' lang='grc' dir='ltr'><strong>ἑο.</strong></span> <span class='ocrx_word' id='word_1_404' title='bbox 1734 4199 1972 4258; x_wconf 81' lang='lat' dir='ltr'><strong>Ecclesia,</strong></span> <span class='ocrx_word' id='word_1_405' title='bbox 1998 4200 2078 4250; x_wconf 82' lang='lat' dir='ltr'><strong>vel</strong></span> <span class='ocrx_word' id='word_1_406' title='bbox 2111 4220 2137 4245; x_wconf 74' lang='grc' dir='ltr'><strong>ιι</strong></span> <span class='ocrx_word' id='word_1_407' title='bbox 2165 4201 2302 4251; x_wconf 89' lang='lat' dir='ltr'><strong>inter</strong></span> <span class='ocrx_word' id='word_1_408' title='bbox 2327 4201 2599 4253; x_wconf 88' lang='lat' dir='ltr'><strong>catholicas</strong></span> <span class='ocrx_word' id='word_1_409' title='bbox 2627 4225 2652 4248; x_wconf 74' lang='grc' dir='ltr'><strong>υ</strong></span> 
     </span>
     <span class='ocr_line' id='line_1_46' title="bbox 102 4278 2657 4347; baseline -0.003 -12"><span class='ocrx_word' id='word_1_410' title='bbox 102 4300 181 4336; x_wconf 87' lang='lat' dir='ltr'><strong>sc.</strong></span> <span class='ocrx_word' id='word_1_411' title='bbox 204 4283 477 4347; x_wconf 83' lang='lat' dir='ltr'><strong>epistolas,</strong></span> <span class='ocrx_word' id='word_1_412' title='bbox 507 4281 592 4331; x_wconf 82' lang='lat' dir='ltr'><strong>vel</strong></span> <span class='ocrx_word' id='word_1_413' title='bbox 616 4280 796 4330; x_wconf 89' lang='lat' dir='ltr'><strong>melius</strong></span> <span class='ocrx_word' id='word_1_414' title='bbox 825 4280 1007 4329; x_wconf 74' lang='lat' dir='ltr'><strong>«inter</strong></span> <span class='ocrx_word' id='word_1_415' title='bbox 1032 4278 1281 4329; x_wconf 83' lang='lat' dir='ltr'><strong>catholica</strong></span> <span class='ocrx_word' id='word_1_416' title='bbox 1306 4295 1329 4325; x_wconf 74' lang='grc' dir='ltr'><strong>υ</strong></span> <span class='ocrx_word' id='word_1_417' title='bbox 1356 4292 1426 4329; x_wconf 89' lang='lat' dir='ltr'><strong>sc.</strong></span> <span class='ocrx_word' id='word_1_418' title='bbox 1460 4280 1662 4344; x_wconf 84' lang='lat' dir='ltr'><strong>scripta.</strong></span> <span class='ocrx_word' id='word_1_419' title='bbox 1693 4281 1800 4328; x_wconf 87' lang='lat' dir='ltr'><strong>Hoc</strong></span> <span class='ocrx_word' id='word_1_420' title='bbox 1827 4291 1980 4328; x_wconf 86' lang='lat' dir='ltr'><strong>sensu</strong></span> <span class='ocrx_word' id='word_1_421' title='bbox 2008 4280 2059 4328; x_wconf 71' lang='lat' dir='ltr'><strong>tv</strong></span> <span class='ocrx_word' id='word_1_422' title='bbox 2088 4281 2359 4338; x_wconf 69' lang='grc' dir='ltr'>καθολικοῑς</span> <span class='ocrx_word' id='word_1_423' title='bbox 2388 4284 2657 4344; x_wconf 79' lang='lat' dir='ltr'><strong>usurpatur</strong></span> 
     </span>
     <span class='ocr_line' id='line_1_47' title="bbox 102 4357 2654 4422; baseline -0.002 -7"><span class='ocrx_word' id='word_1_424' title='bbox 102 4365 177 4415; x_wconf 86' lang='lat' dir='ltr'><strong>ab</strong></span> <span class='ocrx_word' id='word_1_425' title='bbox 209 4361 404 4415; x_wconf 75' lang='lat' dir='ltr'><strong>Euseb.</strong></span> <span class='ocrx_word' id='word_1_426' title='bbox 435 4363 496 4410; x_wconf 83' lang='grc' dir='ltr'><strong>Η.</strong></span> <span class='ocrx_word' id='word_1_427' title='bbox 524 4363 581 4409; x_wconf 86' lang='grc' dir='ltr'><strong>Ε.</strong></span> <span class='ocrx_word' id='word_1_428' title='bbox 610 4361 700 4409; x_wconf 86' lang='lat'>111.</span> <span class='ocrx_word' id='word_1_429' title='bbox 728 4363 773 4418; x_wconf 77' lang='lat'><strong>3,</strong></span> <span class='ocrx_word' id='word_1_430' title='bbox 806 4358 893 4408; x_wconf 89' lang='lat' dir='ltr'><strong>ubi</strong></span> <span class='ocrx_word' id='word_1_431' title='bbox 916 4358 980 4407; x_wconf 89' lang='lat' dir='ltr'><strong>de</strong></span> <span class='ocrx_word' id='word_1_432' title='bbox 1002 4357 1299 4422; x_wconf 79' lang='lat' dir='ltr'><strong>apocryphis</strong></span> <span class='ocrx_word' id='word_1_433' title='bbox 1319 4358 1625 4422; x_wconf 84' lang='lat' dir='ltr'><strong>quibusdam</strong></span> <span class='ocrx_word' id='word_1_434' title='bbox 1650 4357 1894 4421; x_wconf 87' lang='lat' dir='ltr'><strong>loquitur,</strong></span> <span class='ocrx_word' id='word_1_435' title='bbox 1921 4371 2053 4422; x_wconf 82' lang='lat' dir='ltr'><strong>quae</strong></span> <span class='ocrx_word' id='word_1_436' title='bbox 2076 4359 2248 4408; x_wconf 84' lang='lat' dir='ltr'><strong>omnia</strong></span> <span class='ocrx_word' id='word_1_437' title='bbox 2272 4378 2296 4402; x_wconf 68' lang='grc' dir='ltr'><strong><em>κ</em></strong></span> <span class='ocrx_word' id='word_1_438' title='bbox 2319 4358 2454 4410; x_wconf 88' lang='lat' dir='ltr'><strong>inter</strong></span> <span class='ocrx_word' id='word_1_439' title='bbox 2477 4361 2654 4410; x_wconf 87' lang='lat' dir='ltr'><strong>catho-</strong></span> 
     </span>
     <span class='ocr_line' id='line_1_48' title="bbox 104 4440 787 4492; baseline -0.009 0"><span class='ocrx_word' id='word_1_440' title='bbox 104 4441 213 4492; x_wconf 76' lang='lat' dir='ltr'><strong>lica</strong></span> <span class='ocrx_word' id='word_1_441' title='bbox 238 4459 265 4489; x_wconf 67' lang='lat' dir='ltr'><strong>n</strong></span> <span class='ocrx_word' id='word_1_442' title='bbox 298 4440 489 4490; x_wconf 83' lang='lat' dir='ltr'><strong>tradita</strong></span> <span class='ocrx_word' id='word_1_443' title='bbox 514 4453 619 4488; x_wconf 91' lang='lat' dir='ltr'><strong>non</strong></span> <span class='ocrx_word' id='word_1_444' title='bbox 648 4441 787 4488; x_wconf 86' lang='lat' dir='ltr'><strong>suut.</strong></span> 
     </span>
    </p>

    <p class='ocr_par' dir='ltr' id='par_1_9' title="bbox 107 4507 2659 4664">
     <span class='ocr_line' id='line_1_49' title="bbox 176 4507 2659 4586; baseline -0.002 -14"><span class='ocrx_word' id='word_1_445' title='bbox 176 4521 283 4586; x_wconf 81' lang='lat'><em>(20)</em></span> <span class='ocrx_word' id='word_1_446' title='bbox 316 4535 343 4568; x_wconf 72' lang='grc' dir='ltr'><strong>α</strong></span> <span class='ocrx_word' id='word_1_447' title='bbox 372 4520 437 4569; x_wconf 81' lang='lat' dir='ltr'><strong>Et</strong></span> <span class='ocrx_word' id='word_1_448' title='bbox 472 4507 759 4582; x_wconf 82' lang='lat' dir='ltr'><strong>Sapientiae</strong></span> <span class='ocrx_word' id='word_1_449' title='bbox 786 4533 843 4578; x_wconf 78' lang='grc'><strong>»;</strong></span> <span class='ocrx_word' id='word_1_450' title='bbox 877 4516 1107 4580; x_wconf 89' lang='lat' dir='ltr'><strong>plerique</strong></span> <span class='ocrx_word' id='word_1_451' title='bbox 1137 4519 1273 4566; x_wconf 85' lang='lat' dir='ltr'><strong>recte</strong></span> <span class='ocrx_word' id='word_1_452' title='bbox 1301 4514 1570 4580; x_wconf 86' lang='lat' dir='ltr'><strong>legendum</strong></span> <span class='ocrx_word' id='word_1_453' title='bbox 1598 4519 1805 4565; x_wconf 87' lang='lat' dir='ltr'><strong>censent</strong></span> <span class='ocrx_word' id='word_1_454' title='bbox 1834 4533 1858 4558; x_wconf 75' lang='lat' dir='ltr'><strong>e«</strong></span> <span class='ocrx_word' id='word_1_455' title='bbox 1884 4518 1943 4564; x_wconf 81' lang='lat' dir='ltr'><strong>ut</strong></span> <span class='ocrx_word' id='word_1_456' title='bbox 1978 4513 2234 4580; x_wconf 84' lang='lat' dir='ltr'><strong>Sapientia</strong></span> <span class='ocrx_word' id='word_1_457' title='bbox 2263 4533 2308 4577; x_wconf 79' lang='lat'><strong>»,</strong></span> <span class='ocrx_word' id='word_1_458' title='bbox 2343 4531 2503 4581; x_wconf 85' lang='lat' dir='ltr'><strong>quum</strong></span> <span class='ocrx_word' id='word_1_459' title='bbox 2533 4517 2659 4570; x_wconf 84' lang='lat' dir='ltr'><strong>liber</strong></span> 
     </span>
     <span class='ocr_line' id='line_1_50' title="bbox 107 4594 2653 4664; baseline -0.001 -14"><span class='ocrx_word' id='word_1_460' title='bbox 107 4597 410 4664; x_wconf 82' lang='lat' dir='ltr'><strong>sapientiae</strong></span> <span class='ocrx_word' id='word_1_461' title='bbox 432 4597 569 4648; x_wconf 89' lang='lat' dir='ltr'><strong>inter</strong></span> <span class='ocrx_word' id='word_1_462' title='bbox 591 4599 650 4647; x_wconf 82' lang='lat' dir='ltr'><strong>N.</strong></span> <span class='ocrx_word' id='word_1_463' title='bbox 675 4597 731 4646; x_wconf 87' lang='grc' dir='ltr'><strong>Τ.</strong></span> <span class='ocrx_word' id='word_1_464' title='bbox 756 4595 1045 4660; x_wconf 85' lang='lat' dir='ltr'><strong>Scripturas</strong></span> <span class='ocrx_word' id='word_1_465' title='bbox 1073 4608 1347 4658; x_wconf 80' lang='lat' dir='ltr'><strong>numquam</strong></span> <span class='ocrx_word' id='word_1_466' title='bbox 1372 4594 1439 4644; x_wconf 87' lang='lat' dir='ltr'><strong>sit</strong></span> <span class='ocrx_word' id='word_1_467' title='bbox 1466 4599 1812 4644; x_wconf 82' lang='lat' dir='ltr'><strong>enumeratus.</strong></span> <span class='ocrx_word' id='word_1_468' title='bbox 1837 4595 1966 4652; x_wconf 89' lang='lat' dir='ltr'><strong>Quia</strong></span> <span class='ocrx_word' id='word_1_469' title='bbox 1985 4595 2223 4645; x_wconf 84' lang='lat' dir='ltr'><strong>nimirum</strong></span> <span class='ocrx_word' id='word_1_470' title='bbox 2247 4597 2375 4647; x_wconf 86' lang='lat' dir='ltr'><strong>teste</strong></span> <span class='ocrx_word' id='word_1_471' title='bbox 2400 4598 2452 4648; x_wconf 88' lang='lat' dir='ltr'><strong>S.</strong></span> <span class='ocrx_word' id='word_1_472' title='bbox 2480 4600 2653 4650; x_wconf 83' lang='lat' dir='ltr'><strong>Hiero·</strong></span> 
     </span>
    </p>
   </div>
  </div>
 </body>
</html>
