3050 5184
1845 211 1876 230 l

706 258 782 302 na
824 257 1055 304 nunus
1095 249 1393 308 ems-rotis
1431 261 1513 308 AD
1561 263 2164 316 rnnssttomcauses.
2231 230 2248 246 ’
2438 233 2447 254 ’
2585 255 2698 313 541

186 385 329 444 stola
350 387 468 446 sibi
496 397 941 467 proposuerat,
973 397 1043 453 ut
1078 394 1417 456 calumniis
1458 397 1746 456 refutatis
1770 396 2124 476 neophytos'
2155 399 2566 473 confortaret,
2603 417 2702 460 eo-

185 498 431 558 rumque
458 485 649 546 fldem
678 489 1111 563 confirmaret,
1140 491 1207 551 id
1238 491 1498 568 quidem
1524 494 1862 570 Apostolus
1891 495 2277 569 obtinuerat3
2304 495 2414 556 sed
2447 513 2700 574 persua·
2724 518 2731 524 ·

186 578 271 637 sio
296 579 457 642 inter
483 599 591 642 eos
628 586 1093 661 praevaluerat,
1128 587 1300 648 diem
1334 590 1587 649 Domini
1619 590 1983 651 immediate
2014 588 2277 665 instare,
2316 596 2506 669 atque
2535 593 2699 652 fictis

185 676 653 738 revelationibus
690 683 1158 761 suppositisque
1202 686 1381 746 Pauli
1426 686 1711 764 epistolis
1741 689 2028 750 nonnulli
2067 706 2208 749 eam
2243 695 2693 767 propagarunt;

185 770 313 831 hinc
339 773 528 834 timor
551 776 939 854 aliquorum,
968 779 1237 841 aliorum
1256 782 1540 860 inquieta
1567 786 1950 862 exspectatio
1975 790 2082 846 aut
2107 786 2297 846 etiam
2318 786 2700 864 negligentia

184 868 239 926 in
271 869 535 948 negotiis
579 874 985 950 quotidianis
1033 877 1198 948 Quae
1250 896 1446 956 quum
1488 879 1880 952 rescivisset,
1923 882 2150 942 Paulus
2194 883 2374 944 illum
2420 899 2698 942 errorem

184 965 375 1025 statim
414 967 783 1048 impugnare
813 972 1086 1051 vitiaque
1131 991 1205 1034 ex
1244 975 1353 1037 illo
1383 977 1764 1055 profluentia
1808 979 2204 1057 supprimere
2241 979 2460 1039 statuit
2503 979 2700 1038 altera

184 1061 395 1139 scripta
418 1065 713 1142 epistola,
748 1085 905 1146 quae
935 1087 1049 1148 pro
1079 1071 1318 1153 duplici
1351 1073 1474 1132 fine
1504 1069 1746 1134 duabus
1778 1076 2062 1152 partibus
2092 1075 2364 1149 constat3
2393 1075 2462 1135 in
2490 1077 2698 1152 priore

172 1159 502 1236 ‘doqmatica
531 1161 785 1243 (ΞΛ-12)
817 1165 1043 1226 Christi
1068 1167 1409 1228 adventum
1438 1171 2234 1240 non*imm·ediate.instare
2257 1171 2468 1241 docet,
2507 1172 2572 1230 in
2607 1170 2697 1231 al-

182 1260 298 1315 tera
316 1263 699 1334 paraenetica
728 1261 1262 1340 (3‚1-16)monet,
1297 1270 1366 1325 ut
1388 1265 1544 1326 vitia
1567 1282 1642 1327 ex
1671 1265 1780 1327 illo
1813 1285 2022 1328 errore
2053 1272 2268 1328 exorta
2294 1268 2518 1328 vitent.

239 1371 571 1428 Exordium
598 1377 672 1442 (1,
681 1382 735 1431 1-
714 1379 827 1438 -12)
876 1375 1181 1447 gratiarum
1220 1377 1496 1433 actionem
1543 1377 1786 1448 exhibet,
1830 1397 1962 1452 qua
1977 1379 2387 1452 neophytorum
2416 1378 2698 1435 fortitudi-

180 1471 294 1512 nem
320 1458 513 1515 laudat
540 1475 745 1533 eosque
770 1462 1026 1520 mercede
1054 1472 1279 1520 aeterna
1311 1467 1840 1538 propositasuisque
1870 1467 2126 1542 precibus
2149 1466 2438 1539 promissis
2470 1466 2541 1522 ad
2570 1482 2698 1538 per-

182 1547 561 1603 serverantiam
583 1549 911 1606 exhortatur
934 1555 981 1617 (1
994 1556 1181 1619 ,-3-.12)

240 1637 303 1687 ln
326 1635 679 1708 doqmatica
697 1643 881 1710 parte
908 1642 983 1709 (2,
992 1645 1137 1706 1·16)
1169 1639 1302 1712 quid
1331 1640 1401 1697 de
1429 1650 1680 1756 tempore
1708 1641 1937 1698 secundi
1973 1642 2240 1698 adventus
2271 1642 2476 1698 Christi
2501 1653 2698 1698 tenen-

174 1720 297 1776 dum
324 1723 391 1777 sit
418 1722 603 1780 docet.

244 1817 289 1865 1.
317 1811 577 1882 Caveant,
604 1829 676 1868 ne
700 1813 849 1870 diem
867 1817 1132 1872 Domini
1117 1832 1228 1871 iam
1247 1817 1453 1873 instare
1478 1826 1674 1889 putent
1705 1819 1834 1888 (2,1.
1861 1823 1945 1887 2),
1968 1797 2382 1889 prae-cessuram
2406 1817 2558 1874 enim
2581 1833 2698 1874 esse

405 1901 722 1973 generalem
748 1903 1114 1960 defectionem
1136 1921 1168 1960 a
1194 1905 1305 1978 fide
1334 1913 1502 1978 atque
1533 1907 1684 1977 prius
1702 1915 1995 1962 venturum
2020 1921 2138 1962 esse
2161 1905 2450 1962 hominem
2469 1908 2695 1979 peccati,

404 1989 443 2044 i.
476 2005 527 2044 e.
552 1990 971 2063 Antichristum,
998 1991 1057 2048 id
1086 1991 1237 2064 quod
1260 1993 1371 2048 iam
1396 2001 1560 2049 antea
1590 1993 1886 2050 didicerint
1916 1995 2126 2065 (2,3-7).

240 2081 287 2132 2.
312 2077 393 2132 Ut
414 2087 605 2134 autem
633 2089 991 2152 cognoscant,
1016 2080 1422 2137 Antichristum
1460 2080 1714 2137 nondum
1747 2081 1981 2151 venisse,
2015 2080 2278 2139 describit
2303 2082 2556 2152 modum,
2589 2097 2698 2153 quo

403 2165 499 2222 ille
527 2174 753 2222 acturus
778 2167 870 2237 sit,
910 2169 1187 2224 rationem
1214 2169 1378 2224 simul
1412 2169 1689 2239 indicans,
1721 2184 1820 2225 cur
1847 2171 2000 2226 Deus
2037 2169 2094 2226 id
2123 2171 2195 2226 sit
2222 2171 2591 2242 permissurus
2625 2171 2696 2238 (2,

403 2253 588 2326 8-11),
618 2255 933 2327 gratiasque
960 2257 1074 2328 agit
1108 2257 1249 2322 Deo,
1283 2255 1434 2328 quod
1472 2255 1562 2330 (ab
1600 2256 1930 2313 Antichristi
1961 2258 2285 2330 deceptione
2313 2266 2698 2331 praeservatu-

402 2357 501 2398 rus
524 2344 597 2398 sit
622 2343 956 2416 neophytos,
991 2343 1195 2416 quippe
1222 2349 1381 2417 quos)
1402 2344 1475 2401 ad
1502 2347 1740 2402 salutem
1763 2345 1992 2422 elegerit
2019 2353 2077 2401 et
2103 2346 2379 2402 vocaverit
2403 2350 2694 2416 (zm-16).

238 2431 301 2484 In
316 2433 715 2503 paraenetica
734 2437 919 2503 parce
955 2437 1221 2502 (sn-15),
1266 2441 1564 2505 postquam
1603 2447 1724 2490 sese
1757 2448 1956 2489 eorum
1997 2432 2252 2505 precibus
2290 2432 2700 2489 commendavit

184 2523 296 2588 (aa.
322 2523 399 2588 2),
430 2533 629 2576 omnes
667 2519 1010 2590 exhortatur,

240 2613 283 2663 1.
305 2616 364 2663 ut
386 2606 916 2680 praeceptatradita
937 2607 1242 2680 ,observent
1268 2609 1584 2681 evitentque
1615 2607 1816 2665 fratres
1851 2625 1916 2664 ea
1945 2624 2056 2664 non
2085 2609 2444 2665 observantes
2473 2609 2694 2680 (3,3-6),

236 2701 284 2751 2.
321 2695 607 2767 speciatim
634 2695 891 2768 inquietis
922 2704 980 2752 et
1006 2687 1297 2752 desidiosis
1332 2685 1497 2752 suum
1539 2698 1882 2767 exemplum,
1912 2695 2063 2768 quod
2103 2697 2406 2765 imitentur,
2441 2697 2700 2768 proponit

406 2789 665 2852 (aa-12),

237 2878 283 2926 3.
313 2871 683 2944 omnibusque
705 2871 907 2927 iterum
930 2871 1195 2940 inculcat,
1230 2879 1292 2926 ut
1321 2870 1519 2927 fratres
1548 2879 1840 2942 praecepta
1870 2886 1983 2928 nou
2008 2870 2368 2928 observantes
2396 2869 2698 2941 corripiant

400 2963 698 3030 (3,1a-15).

236 3049 501 3120 Epiloqus
540 3048 808 3118 (3,16·18)
849 3046 1297 3104 benedictionem
1333 3046 1836 3117 salutationemque
1875 3047 2123 3102 continet
2161 3045 2381 3118 propria
2419 3060 2590 3101 manu
2615 3046 2697 3114 ‚ab

180 3136 421 3205 apostolo
449 3134 717 3203 additam,
753 3151 862 3207 qua
887 3135 1184 3208 genuinam
1213 3151 1333 3191 esse
1362 3134 1656 3207 epistolam
1685 3143 2038 3213 cognoscant.

244 3287 295 3344 5.
326 3319 403 3331 —
428 3287 501 3348 V.
538 3287 626 3346 ΒΕ
656 3302 933 3346 ‘taurona
958 3301 1034 3345 nr
1062 3301 1241 3356 mcc,
1276 3303 1404 3362 quo
1436 3285 1594 3344 duae
1628 3284 1927 3361 epistolae
1957 3283 2034 3342 ad
2065 3283 2284 3343 Thess
2326 3287 2472 3344 sunt
2501 3284 2696 3361 scrip-

182 3384 291 3456 tae,
316 3383 416 3443 vix
444 3386 655 3462 potest
679 3381 971 3443 dubitari.
1005 3382 1244 3442 Ambae
1274 3382 1446 3442 enim
1472 3380 1750 3441 Corinthi
1779 3381 2044 3457 scriptae
2075 3385 2226 3440 sunt
2245 3427 2260 3454 ,
2299 3385 2488 3458 atque
2524 3381 2697 3457 prior

180 3479 415 3554 quidem
444 3497 503 3540 a.
534 3481 657 3552 53„
686 3483 1020 3557 postquam
1050 3477 1290 3554 aliquot
1320 3478 1447 3536 iam
1470 3477 1797 3537 mensibus
1828 3476 2054 3538 Paulus
2094 3472 2372 3538 Corinthi
2412 3493 2695 3537 commo-

178 3579 329 3635 ratus
353 3581 520 3651 erat,
546 3575 743 3636 altera
763 3579 977 3636 autem
1011 3574 1235 3634 eodem
1266 3591 1303 3634 a
1330 3575 1428 3635 53.
1463 3577 1727 3634 exeunte
1755 3578 1864 3634 aut
1893 3590 1950 3634 a.
1983 3575 2082 3634 54.
2111 3573 2396 3635 ineunte.

237 3689 456 3746 Codices
484 3688 635 3747 haud
662 3689 823 3762 pauci
852 3687 1051 3760 graeci,
1102 3687 1281 3755 latini,
1326 3686 1548 3758 syriaci,
1589 3686 1789 3757 coptici
1831 3685 1889 3740 in
1927 3685 2426 3756 subscriptionibus
2462 3685 2696 3741 Athenis

180 3775 417 3842 epistolas
438 3779 673 3848 scriptas
696 3791 817 3831 esse
844 3775 1039 3830 dicunt
1060 3774 1527 3846 consentiuntque
1551 3773 1805 3829 nonnulli
1831 3775 2024 3830 Patres
2051 3782 2108 3828 et
2139 3773 2388 3829 iuniores
2420 3773 2694 3843 interpre-

180 3867 274 3931 tes»,
304 3872 357 3917 at
378 3863 631 3920 codicum
658 3862 984 3934 subscriptio
1012 3879 1080 3918 ex
1100 3860 1283 3918 verbis
1305 3861 1501 3933 prioris
1525 3862 1788 3932 epistolae
1807 3877 1922 3917 non
1941 3860 2072 3916 satis
2095 3859 2394 3916 intellectis
2421 3862 2466 3929 (1
2495 3861 2686 3916 Thess·

182 3953 277 4016 3,1)
303 3950 515 4007 videtur
542 3967 660 4008 esse
685 3958 897 4018 exorta,
928 3966 1101 4023 quum
1129 3966 1227 4021 per
1255 3948 1610 4006 Timotheum
1635 3948 1868 4019 epistola
1891 3945 2478 4004 Thessalonicensibus
2500 3946 2686 4003 crede·

182 4045 317 4093 retur
341 4039 533 4108 allata,
564 4037 662 4095 sed
690 4055 757 4095 ex
784 4038 880 4095 illa
906 4037 1194 4106 missione,
1222 4036 1293 4093 de
1322 4052 1433 4109 qua
1462 4036 1709 4107 loquitur
1737 4041 1849 4106 a‚1,
1882 4051 2134 4092 reversus
2155 4035 2269 4089 iam
2297 4042 2418 4091 erat
2441 4034 2683 4106 discipu-

182 4123 280 4193 luS,
318 4136 609 4199 antequam
636 4127 867 4199 epistola
898 4124 1245 4182 scribebatur
1277 4126 1347 4196 (3,
1382 4130 1455 4191 6).
1487 4124 1743 4180 Profecto
1778 4124 1826 4178 si
1856 4123 1978 4195 quis
2007 4139 2093 4192 ea,
2124 4138 2266 4194 quae
2289 4126 2420 4180 Act.
2455 4129 2579 4190 18‚5
2615 4123 2684 4178 dc

184 4211 341 4267 reditu
381 4215 655 4272 Timothei
693 4231 759 4271 ex
794 4214 1121 4271 Macedonia
1154 4221 1471 4279 narrantur,
1508 4227 1638 4266 cum
1676 4218 1701 4267 1
1749 4210 1937 4266 Thess.
1971 4215 2063 4278 3,6
2099 4210 2532 4282 comparaverit,
2569 4225 2682 4266 non

184 4297 450 4373 dubitabit,
475 4304 610 4376 quin
629 4303 699 4358 de
718 4300 915 4358 eodem
936 4302 1119 4358 reditu
1141 4302 1212 4357 sit
1233 4317 1439 4358 sermo.
1462 4299 1609 4356 Hinc
1626 4298 1796 4355 etiam
1815 4307 2033 4369 tempus
2055 4297 2250 4366 prioris
2269 4298 2534 4369 epistolae
2553 4297 2685 4354 satis

184 4384 437 4457 definitur,
483 4391 561 4446 ita
609 4398 670 4445 ut
715 4405 861 4446 anno
911 4389 1023 4446 fere
1058 4390 1275 4462 integro
1328 4397 1453 4461 post
1500 4385 1790 4444 fundatam
1833 4383 2122 4441 ecclesiam
2163 4384 2685 4441 thessalonicensem

184 4475 362 4544 scripta
389 4493 505 4534 esse
532 4478 803 4535 videatur.

244 4563 471 4622 Alteram
501 4583 633 4623 vero
660 4567 949 4638 epistolam
976 4581 1091 4622 non
1118 4564 1211 4620 diu
1241 4571 1365 4636 post
1399 4563 1640 4634 priorem
1670 4577 1788 4618 esse
1815 4562 2102 4632 scriptam,
2133 4571 2286 4619 recte
2311 4561 2422 4618 iam
2451 4577 2682 4618 monue-

188 4660 296 4707 runt
332 4653 387 4710 S.
431 4656 873 4729 Clzrqsostomus
906 4656 981 4726 (in
1024 4658 1056 4706 2
1084 4653 1273 4708 Thess
1310 4650 1461 4707 hom.
1508 4655 1560 4716 1)
1601 4657 1656 4704 et
1691 4649 2077 4706 Theodorecus
2102 4650 2181 4716 (in
2205 4657 2237 4706 2
2265 4650 2459 4706 Thess,
2492 4653 2677 4723 Arg.);
