<?xml version="1.0" encoding="UTF-8"?>
<!DOCTYPE html PUBLIC "-//W3C//DTD XHTML 1.0 Transitional//EN"
    "http://www.w3.org/TR/xhtml1/DTD/xhtml1-transitional.dtd">
<html xmlns="http://www.w3.org/1999/xhtml" xml:lang="en" lang="en">
 <head>
  <title>
</title>
<meta http-equiv="Content-Type" content="text/html;charset=utf-8" />
  <meta name='ocr-system' content='tesseract 3.04.00' />
  <meta name='ocr-capabilities' content='ocr_page ocr_carea ocr_par ocr_line ocrx_word'/>
</head>
<body>
  <div class='ocr_page' id='page_1' title='image "./historicaeetcri00corngoog_0103.png"; bbox 0 0 3050 5184; ppageno 0'>
   <div class='ocr_carea' id='block_1_1' title="bbox 468 334 2634 395">
    <p class='ocr_par' dir='ltr' id='par_1_1' title="bbox 468 334 2634 395">
     <span class='ocr_line' id='line_1_1' title="bbox 468 334 2634 395; baseline -0.001 -1"><span class='ocrx_word' id='word_1_1' title='bbox 468 351 802 395; x_wconf 73' lang='lat' dir='ltr'>vnustouss</span> <span class='ocrx_word' id='word_1_2' title='bbox 843 350 920 393; x_wconf 76' lang='lat' dir='ltr'>Ex</span> <span class='ocrx_word' id='word_1_3' title='bbox 961 346 1387 393; x_wconf 63' lang='lat' dir='ltr'>smmi-mmm</span> <span class='ocrx_word' id='word_1_4' title='bbox 1428 345 1791 392; x_wconf 66' lang='lat' dir='ltr'>sammua.</span> <span class='ocrx_word' id='word_1_5' title='bbox 1824 368 1902 383; x_wconf 80' lang='lat'>——</span> <span class='ocrx_word' id='word_1_6' title='bbox 1932 336 1989 393; x_wconf 87' lang='lat'>1.</span> <span class='ocrx_word' id='word_1_7' title='bbox 2036 350 2233 394; x_wconf 65' lang='grc' dir='ltr'>ιτΑιΑ.</span> <span class='ocrx_word' id='word_1_8' title='bbox 2558 334 2634 393; x_wconf 86' lang='grc'>93</span> 
     </span>
    </p>
   </div>
   <div class='ocr_carea' id='block_1_2' title="bbox 61 476 2691 4411">
    <p class='ocr_par' dir='ltr' id='par_1_2' title="bbox 61 476 2691 3269">
     <span class='ocr_line' id='line_1_2' title="bbox 182 476 2632 553; baseline 0 -18"><span class='ocrx_word' id='word_1_9' title='bbox 182 482 300 535; x_wconf 85' lang='lat' dir='ltr'>Satis</span> <span class='ocrx_word' id='word_1_10' title='bbox 325 496 590 553; x_wconf 84' lang='lat' dir='ltr'>magnam</span> <span class='ocrx_word' id='word_1_11' title='bbox 625 496 743 536; x_wconf 87' lang='lat' dir='ltr'>esse</span> <span class='ocrx_word' id='word_1_12' title='bbox 773 478 1143 535; x_wconf 83' lang='lat' dir='ltr'>differentiam</span> <span class='ocrx_word' id='word_1_13' title='bbox 1186 476 1332 531; x_wconf 90' lang='lat' dir='ltr'>inter</span> <span class='ocrx_word' id='word_1_14' title='bbox 1374 477 1641 533; x_wconf 81' lang='lat' dir='ltr'>versionis</span> <span class='ocrx_word' id='word_1_15' title='bbox 1682 480 1881 535; x_wconf 86' lang='lat' dir='ltr'>veteris</span> <span class='ocrx_word' id='word_1_16' title='bbox 1920 482 2167 553; x_wconf 83' lang='lat' dir='ltr'>linguam</span> <span class='ocrx_word' id='word_1_17' title='bbox 2206 481 2459 552; x_wconf 87' lang='lat' dir='ltr'>interque</span> <span class='ocrx_word' id='word_1_18' title='bbox 2487 494 2632 546; x_wconf 89' lang='lat' dir='ltr'>eam,</span> 
     </span>
     <span class='ocr_line' id='line_1_3' title="bbox 133 564 2635 640; baseline 0 -20"><span class='ocrx_word' id='word_1_19' title='bbox 133 581 210 638; x_wconf 85' lang='lat' dir='ltr'>qua</span> <span class='ocrx_word' id='word_1_20' title='bbox 231 570 432 623; x_wconf 85' lang='lat' dir='ltr'>romani</span> <span class='ocrx_word' id='word_1_21' title='bbox 469 568 774 640; x_wconf 79' lang='lat' dir='ltr'>scriptores</span> <span class='ocrx_word' id='word_1_22' title='bbox 809 581 956 621; x_wconf 89' lang='lat' dir='ltr'>saec.</span> <span class='ocrx_word' id='word_1_23' title='bbox 988 571 1042 621; x_wconf 82' lang='lat'>2.</span> <span class='ocrx_word' id='word_1_24' title='bbox 1073 564 1158 621; x_wconf 91' lang='lat' dir='ltr'>usi</span> <span class='ocrx_word' id='word_1_25' title='bbox 1183 571 1342 633; x_wconf 86' lang='lat' dir='ltr'>sunt,</span> <span class='ocrx_word' id='word_1_26' title='bbox 1375 564 1502 619; x_wconf 88' lang='lat' dir='ltr'>illae</span> <span class='ocrx_word' id='word_1_27' title='bbox 1530 573 1737 636; x_wconf 88' lang='lat' dir='ltr'>partes,</span> <span class='ocrx_word' id='word_1_28' title='bbox 1779 582 1921 638; x_wconf 86' lang='lat' dir='ltr'>quae</span> <span class='ocrx_word' id='word_1_29' title='bbox 1948 566 2007 623; x_wconf 91' lang='lat' dir='ltr'>in</span> <span class='ocrx_word' id='word_1_30' title='bbox 2047 569 2343 640; x_wconf 80' lang='lat' dir='ltr'>vulgatam</span> <span class='ocrx_word' id='word_1_31' title='bbox 2386 574 2635 623; x_wconf 88' lang='lat' dir='ltr'>nostram</span> 
     </span>
     <span class='ocr_line' id='line_1_4' title="bbox 61 651 2633 734; baseline 0 -26"><span class='ocrx_word' id='word_1_32' title='bbox 61 709 70 734; x_wconf 57' lang='grc' dir='ltr'>Ι</span> <span class='ocrx_word' id='word_1_33' title='bbox 131 663 226 708; x_wconf 82' lang='lat' dir='ltr'>sunt</span> <span class='ocrx_word' id='word_1_34' title='bbox 241 664 513 726; x_wconf 78' lang='lat' dir='ltr'>receptae,</span> <span class='ocrx_word' id='word_1_35' title='bbox 543 654 696 711; x_wconf 86' lang='lat' dir='ltr'>clare</span> <span class='ocrx_word' id='word_1_36' title='bbox 726 653 1128 710; x_wconf 87' lang='lat' dir='ltr'>demonstrant.</span> <span class='ocrx_word' id='word_1_37' title='bbox 1167 656 1218 707; x_wconf 81' lang='lat' dir='ltr'>A</span> <span class='ocrx_word' id='word_1_38' title='bbox 1242 652 1619 724; x_wconf 82' lang='lat' dir='ltr'>grammaticis</span> <span class='ocrx_word' id='word_1_39' title='bbox 1646 651 1751 709; x_wconf 86' lang='lat' dir='ltr'>hae</span> <span class='ocrx_word' id='word_1_40' title='bbox 1779 656 2145 726; x_wconf 82' lang='lat' dir='ltr'>proprietates</span> <span class='ocrx_word' id='word_1_41' title='bbox 2166 654 2398 725; x_wconf 49' lang='lat' dir='ltr'>,dialecti</span> <span class='ocrx_word' id='word_1_42' title='bbox 2428 654 2633 710; x_wconf 87' lang='lat' dir='ltr'>versio-</span> 
     </span>
     <span class='ocr_line' id='line_1_5' title="bbox 129 739 2634 813; baseline 0.001 -19"><span class='ocrx_word' id='word_1_43' title='bbox 129 742 340 797; x_wconf 86' lang='lat' dir='ltr'>nisistius</span> <span class='ocrx_word' id='word_1_44' title='bbox 355 742 732 799; x_wconf 89' lang='lat' dir='ltr'>adnotantur:</span> <span class='ocrx_word' id='word_1_45' title='bbox 757 746 844 809; x_wconf 88' lang='lat' dir='ltr'>a.)</span> <span class='ocrx_word' id='word_1_46' title='bbox 873 739 1156 799; x_wconf 78' lang='lat' dir='ltr'>vocabula</span> <span class='ocrx_word' id='word_1_47' title='bbox 1178 740 1426 810; x_wconf 86' lang='lat' dir='ltr'>pleniora</span> <span class='ocrx_word' id='word_1_48' title='bbox 1451 748 1623 809; x_wconf 89' lang='lat' dir='ltr'>amat,</span> <span class='ocrx_word' id='word_1_49' title='bbox 1646 740 1793 797; x_wconf 90' lang='lat' dir='ltr'>inter</span> <span class='ocrx_word' id='word_1_50' title='bbox 1812 758 1954 813; x_wconf 90' lang='lat' dir='ltr'>quae</span> <span class='ocrx_word' id='word_1_51' title='bbox 1978 742 2319 799; x_wconf 88' lang='lat' dir='ltr'>substantiva</span> <span class='ocrx_word' id='word_1_52' title='bbox 2342 742 2634 799; x_wconf 88' lang='lat' dir='ltr'>terminata</span> 
     </span>
     <span class='ocr_line' id='line_1_6' title="bbox 127 827 2631 901; baseline 0 -18"><span class='ocrx_word' id='word_1_53' title='bbox 127 830 168 883; x_wconf 89' lang='lat' dir='ltr'>in</span> <span class='ocrx_word' id='word_1_54' title='bbox 200 834 465 897; x_wconf 79' lang='lat' dir='ltr'>mentum,</span> <span class='ocrx_word' id='word_1_55' title='bbox 515 846 682 897; x_wconf 82' lang='lat' dir='ltr'>men,</span> <span class='ocrx_word' id='word_1_56' title='bbox 725 832 1016 897; x_wconf 81' lang='lat' dir='ltr'>monium,</span> <span class='ocrx_word' id='word_1_57' title='bbox 1063 828 1302 894; x_wconf 86' lang='lat' dir='ltr'>arium,</span> <span class='ocrx_word' id='word_1_58' title='bbox 1345 827 1575 897; x_wconf 86' lang='lat' dir='ltr'>culum,</span> <span class='ocrx_word' id='word_1_59' title='bbox 1606 844 1727 883; x_wconf 87' lang='lat' dir='ltr'>ura</span> <span class='ocrx_word' id='word_1_60' title='bbox 1752 838 1860 885; x_wconf 90' lang='lat' dir='ltr'>etc.</span> <span class='ocrx_word' id='word_1_61' title='bbox 1908 830 2015 901; x_wconf 87' lang='lat' dir='ltr'>(ex.</span> <span class='ocrx_word' id='word_1_62' title='bbox 2068 846 2152 901; x_wconf 85' lang='lat' dir='ltr'>gr.</span> <span class='ocrx_word' id='word_1_63' title='bbox 2198 836 2631 894; x_wconf 82' lang='lat' dir='ltr'>aeramentum,</span> 
     </span>
     <span class='ocr_line' id='line_1_7' title="bbox 129 914 2633 989; baseline 0.001 -19"><span class='ocrx_word' id='word_1_64' title='bbox 129 916 605 985; x_wconf 64' lang='lat' dir='ltr'>adini-amentum,</span> <span class='ocrx_word' id='word_1_65' title='bbox 643 918 1006 981; x_wconf 79' lang='lat' dir='ltr'>vitulamen,</span> <span class='ocrx_word' id='word_1_66' title='bbox 1046 914 1541 988; x_wconf 63' lang='lat' dir='ltr'>gaudimonium,</span> <span class='ocrx_word' id='word_1_67' title='bbox 1578 915 1925 987; x_wconf 84' lang='lat' dir='ltr'>cellarium,</span> <span class='ocrx_word' id='word_1_68' title='bbox 1968 918 2351 985; x_wconf 76' lang='lat' dir='ltr'>cinctorium,</span> <span class='ocrx_word' id='word_1_69' title='bbox 2384 914 2633 989; x_wconf 83' lang='lat' dir='ltr'>offendi-</span> 
     </span>
     <span class='ocr_line' id='line_1_8' title="bbox 128 1003 2632 1078; baseline 0.002 -23"><span class='ocrx_word' id='word_1_70' title='bbox 128 1004 300 1073; x_wconf 73' lang='lat' dir='ltr'>culum,</span> <span class='ocrx_word' id='word_1_71' title='bbox 319 1005 691 1078; x_wconf 81' lang='lat' dir='ltr'>capillatura</span> <span class='ocrx_word' id='word_1_72' title='bbox 711 1008 865 1074; x_wconf 87' lang='lat' dir='ltr'>etc.),</span> <span class='ocrx_word' id='word_1_73' title='bbox 885 1003 1152 1060; x_wconf 86' lang='lat' dir='ltr'>adiectiva</span> <span class='ocrx_word' id='word_1_74' title='bbox 1172 1003 1466 1059; x_wconf 86' lang='lat' dir='ltr'>terminata</span> <span class='ocrx_word' id='word_1_75' title='bbox 1489 1003 1546 1057; x_wconf 90' lang='lat' dir='ltr'>in</span> <span class='ocrx_word' id='word_1_76' title='bbox 1576 1003 1740 1072; x_wconf 84' lang='lat' dir='ltr'>bilis,</span> <span class='ocrx_word' id='word_1_77' title='bbox 1766 1004 1915 1075; x_wconf 81' lang='lat' dir='ltr'>alis,</span> <span class='ocrx_word' id='word_1_78' title='bbox 1940 1021 2096 1074; x_wconf 77' lang='lat' dir='ltr'>osus,</span> <span class='ocrx_word' id='word_1_79' title='bbox 2124 1022 2299 1072; x_wconf 81' lang='lat' dir='ltr'>anus,</span> <span class='ocrx_word' id='word_1_80' title='bbox 2326 1007 2501 1061; x_wconf 84' lang='lat' dir='ltr'>arius</span> <span class='ocrx_word' id='word_1_81' title='bbox 2524 1014 2632 1062; x_wconf 88' lang='lat' dir='ltr'>etc.</span> 
     </span>
     <span class='ocr_line' id='line_1_9' title="bbox 128 1089 2633 1165; baseline 0.002 -22"><span class='ocrx_word' id='word_1_82' title='bbox 128 1089 452 1164; x_wconf 75' lang='lat' dir='ltr'>adverbiaque</span> <span class='ocrx_word' id='word_1_83' title='bbox 489 1094 550 1149; x_wconf 90' lang='lat' dir='ltr'>in</span> <span class='ocrx_word' id='word_1_84' title='bbox 591 1094 678 1149; x_wconf 87' lang='lat' dir='ltr'>im</span> <span class='ocrx_word' id='word_1_85' title='bbox 705 1093 795 1149; x_wconf 90' lang='lat' dir='ltr'>vel</span> <span class='ocrx_word' id='word_1_86' title='bbox 831 1096 948 1148; x_wconf 77' lang='lat' dir='ltr'>iter</span> <span class='ocrx_word' id='word_1_87' title='bbox 989 1096 1097 1159; x_wconf 87' lang='lat' dir='ltr'>(ex.</span> <span class='ocrx_word' id='word_1_88' title='bbox 1129 1106 1212 1162; x_wconf 88' lang='lat' dir='ltr'>gr.</span> <span class='ocrx_word' id='word_1_89' title='bbox 1259 1090 1681 1163; x_wconf 82' lang='lat' dir='ltr'>acceptabilis,</span> <span class='ocrx_word' id='word_1_90' title='bbox 1726 1092 2237 1165; x_wconf 77' lang='lat' dir='ltr'>incorruptibilis,</span> <span class='ocrx_word' id='word_1_91' title='bbox 2280 1093 2633 1161; x_wconf 84' lang='lat' dir='ltr'>aeternalis,</span> 
     </span>
     <span class='ocr_line' id='line_1_10' title="bbox 129 1177 2635 1253; baseline 0.002 -22"><span class='ocrx_word' id='word_1_92' title='bbox 129 1177 465 1251; x_wconf 72' lang='lat' dir='ltr'>ealiyinosus,</span> <span class='ocrx_word' id='word_1_93' title='bbox 499 1180 879 1248; x_wconf 78' lang='lat' dir='ltr'>hortulanus,</span> <span class='ocrx_word' id='word_1_94' title='bbox 909 1177 1288 1236; x_wconf 73' lang='lat' dir='ltr'>stabularius</span> <span class='ocrx_word' id='word_1_95' title='bbox 1316 1186 1444 1247; x_wconf 90' lang='lat' dir='ltr'>etc.‚</span> <span class='ocrx_word' id='word_1_96' title='bbox 1478 1180 1868 1246; x_wconf 77' lang='lat' dir='ltr'>commixtim,</span> <span class='ocrx_word' id='word_1_97' title='bbox 1890 1180 2345 1253; x_wconf 81' lang='lat' dir='ltr'>particulatim,</span> <span class='ocrx_word' id='word_1_98' title='bbox 2378 1179 2635 1251; x_wconf 79' lang='lat' dir='ltr'>infirmi-</span> 
     </span>
     <span class='ocr_line' id='line_1_11' title="bbox 128 1265 2633 1341; baseline 0.003 -24"><span class='ocrx_word' id='word_1_99' title='bbox 128 1271 194 1318; x_wconf 76' lang='lat' dir='ltr'>ter</span> <span class='ocrx_word' id='word_1_100' title='bbox 208 1271 350 1336; x_wconf 70' lang='lat' dir='ltr'>ete),</span> <span class='ocrx_word' id='word_1_101' title='bbox 382 1267 556 1324; x_wconf 88' lang='lat' dir='ltr'>verba</span> <span class='ocrx_word' id='word_1_102' title='bbox 587 1285 620 1324; x_wconf 91' lang='lat' dir='ltr'>a</span> <span class='ocrx_word' id='word_1_103' title='bbox 647 1268 1002 1325; x_wconf 82' lang='lat' dir='ltr'>substantivis</span> <span class='ocrx_word' id='word_1_104' title='bbox 1029 1266 1118 1322; x_wconf 88' lang='lat' dir='ltr'>vel</span> <span class='ocrx_word' id='word_1_105' title='bbox 1149 1265 1432 1321; x_wconf 85' lang='lat' dir='ltr'>adiectivis</span> <span class='ocrx_word' id='word_1_106' title='bbox 1459 1267 1547 1322; x_wconf 87' lang='lat' dir='ltr'>vel</span> <span class='ocrx_word' id='word_1_107' title='bbox 1576 1265 1851 1324; x_wconf 82' lang='lat' dir='ltr'>adverbiis</span> <span class='ocrx_word' id='word_1_108' title='bbox 1874 1266 2119 1324; x_wconf 89' lang='lat' dir='ltr'>derivata</span> <span class='ocrx_word' id='word_1_109' title='bbox 2150 1273 2252 1335; x_wconf 84' lang='lat' dir='ltr'>(ex.</span> <span class='ocrx_word' id='word_1_110' title='bbox 2281 1284 2364 1341; x_wconf 88' lang='lat' dir='ltr'>gr.</span> <span class='ocrx_word' id='word_1_111' title='bbox 2398 1271 2633 1340; x_wconf 69' lang='lat' dir='ltr'>aer-uqi-</span> 
     </span>
     <span class='ocr_line' id='line_1_12' title="bbox 129 1354 2637 1428; baseline 0.002 -21"><span class='ocrx_word' id='word_1_112' title='bbox 129 1368 252 1421; x_wconf 64' lang='lat' dir='ltr'>aare,</span> <span class='ocrx_word' id='word_1_113' title='bbox 275 1354 620 1427; x_wconf 75' lang='lat' dir='ltr'>dulcorare,</span> <span class='ocrx_word' id='word_1_114' title='bbox 655 1354 956 1423; x_wconf 82' lang='lat' dir='ltr'>baiulare,</span> <span class='ocrx_word' id='word_1_115' title='bbox 979 1357 1327 1428; x_wconf 76' lang='lat' dir='ltr'>pessimare,</span> <span class='ocrx_word' id='word_1_116' title='bbox 1353 1354 1674 1410; x_wconf 79' lang='lat' dir='ltr'>manicare</span> <span class='ocrx_word' id='word_1_117' title='bbox 1691 1360 1849 1424; x_wconf 86' lang='lat' dir='ltr'>etc.);</span> <span class='ocrx_word' id='word_1_118' title='bbox 1872 1356 2134 1427; x_wconf 79' lang='lat' dir='ltr'>pleraque</span> <span class='ocrx_word' id='word_1_119' title='bbox 2154 1372 2218 1411; x_wconf 85' lang='lat' dir='ltr'>ex</span> <span class='ocrx_word' id='word_1_120' title='bbox 2245 1358 2333 1413; x_wconf 84' lang='lat' dir='ltr'>his</span> <span class='ocrx_word' id='word_1_121' title='bbox 2356 1356 2637 1413; x_wconf 88' lang='lat' dir='ltr'>vocabulis</span> 
     </span>
     <span class='ocr_line' id='line_1_13' title="bbox 127 1442 2633 1516; baseline 0.002 -23"><span class='ocrx_word' id='word_1_122' title='bbox 127 1442 436 1511; x_wconf 79' lang='lat' dir='ltr'>scriptoribus</span> <span class='ocrx_word' id='word_1_123' title='bbox 466 1453 764 1516; x_wconf 84' lang='lat' dir='ltr'>argenteae</span> <span class='ocrx_word' id='word_1_124' title='bbox 793 1442 1022 1511; x_wconf 87' lang='lat' dir='ltr'>(nedum</span> <span class='ocrx_word' id='word_1_125' title='bbox 1058 1446 1278 1509; x_wconf 87' lang='lat' dir='ltr'>aureae)</span> <span class='ocrx_word' id='word_1_126' title='bbox 1317 1442 1514 1497; x_wconf 87' lang='lat' dir='ltr'>aetatis</span> <span class='ocrx_word' id='word_1_127' title='bbox 1543 1450 1704 1498; x_wconf 90' lang='lat' dir='ltr'>erant</span> <span class='ocrx_word' id='word_1_128' title='bbox 1744 1443 2025 1499; x_wconf 89' lang='lat' dir='ltr'>inusitata.</span> <span class='ocrx_word' id='word_1_129' title='bbox 2074 1442 2152 1511; x_wconf 85' lang='lat' dir='ltr'>b.)</span> <span class='ocrx_word' id='word_1_130' title='bbox 2180 1443 2428 1513; x_wconf 85' lang='lat' dir='ltr'>Genera,</span> <span class='ocrx_word' id='word_1_131' title='bbox 2461 1442 2633 1499; x_wconf 90' lang='lat' dir='ltr'>decli·</span> 
     </span>
     <span class='ocr_line' id='line_1_14' title="bbox 129 1528 2691 1604; baseline 0 -23"><span class='ocrx_word' id='word_1_132' title='bbox 129 1528 354 1596; x_wconf 72' lang='lat' dir='ltr'>nationes,</span> <span class='ocrx_word' id='word_1_133' title='bbox 383 1532 808 1604; x_wconf 88' lang='lat' dir='ltr'>coniugationes</span> <span class='ocrx_word' id='word_1_134' title='bbox 851 1529 1270 1586; x_wconf 76' lang='lat' dir='ltr'>confunduntur</span> <span class='ocrx_word' id='word_1_135' title='bbox 1310 1528 1551 1595; x_wconf 83' lang='lat' dir='ltr'>(cubilis</span> <span class='ocrx_word' id='word_1_136' title='bbox 1595 1543 1765 1585; x_wconf 91' lang='lat' dir='ltr'>masc.</span> <span class='ocrx_word' id='word_1_137' title='bbox 1784 1572 1799 1599; x_wconf 92' lang='lat'>,</span> <span class='ocrx_word' id='word_1_138' title='bbox 1838 1528 2101 1602; x_wconf 75' lang='lat' dir='ltr'>ficulnea</span> <span class='ocrx_word' id='word_1_139' title='bbox 2144 1530 2273 1586; x_wconf 82' lang='lat' dir='ltr'>sem.</span> <span class='ocrx_word' id='word_1_140' title='bbox 2294 1573 2309 1601; x_wconf 89' lang='lat'>,</span> <span class='ocrx_word' id='word_1_141' title='bbox 2354 1530 2635 1586; x_wconf 76' lang='lat' dir='ltr'>castellus</span> <span class='ocrx_word' id='word_1_142' title='bbox 2672 1574 2691 1597; x_wconf 79' lang='grc'><strong><em>,</em></strong></span> 
     </span>
     <span class='ocr_line' id='line_1_15' title="bbox 132 1615 2633 1691; baseline 0.002 -22"><span class='ocrx_word' id='word_1_143' title='bbox 132 1630 285 1682; x_wconf 65' lang='lat' dir='ltr'>masc„</span> <span class='ocrx_word' id='word_1_144' title='bbox 317 1622 484 1675; x_wconf 81' lang='lat' dir='ltr'>retia</span> <span class='ocrx_word' id='word_1_145' title='bbox 524 1617 690 1688; x_wconf 80' lang='lat' dir='ltr'>fem.,</span> <span class='ocrx_word' id='word_1_146' title='bbox 733 1618 1036 1689; x_wconf 85' lang='lat' dir='ltr'>lampada</span> <span class='ocrx_word' id='word_1_147' title='bbox 1071 1632 1224 1673; x_wconf 91' lang='lat' dir='ltr'>nom.</span> <span class='ocrx_word' id='word_1_148' title='bbox 1271 1615 1434 1685; x_wconf 61' lang='lat' dir='ltr'>fem„</span> <span class='ocrx_word' id='word_1_149' title='bbox 1474 1615 1665 1689; x_wconf 75' lang='lat' dir='ltr'>fructi</span> <span class='ocrx_word' id='word_1_150' title='bbox 1701 1633 1860 1689; x_wconf 70' lang='lat' dir='ltr'>gem,</span> <span class='ocrx_word' id='word_1_151' title='bbox 1900 1619 2113 1691; x_wconf 80' lang='lat' dir='ltr'>spirito</span> <span class='ocrx_word' id='word_1_152' title='bbox 2150 1618 2297 1686; x_wconf 87' lang='lat' dir='ltr'>abl.,</span> <span class='ocrx_word' id='word_1_153' title='bbox 2339 1620 2633 1675; x_wconf 78' lang='lat' dir='ltr'>accubitos</span> 
     </span>
     <span class='ocr_line' id='line_1_16' title="bbox 131 1703 2631 1781; baseline 0.002 -26"><span class='ocrx_word' id='word_1_154' title='bbox 131 1717 210 1757; x_wconf 80' lang='lat' dir='ltr'>aee.</span> <span class='ocrx_word' id='word_1_155' title='bbox 235 1704 335 1776; x_wconf 87' lang='lat' dir='ltr'>pl.;</span> <span class='ocrx_word' id='word_1_156' title='bbox 365 1705 596 1779; x_wconf 76' lang='lat' dir='ltr'>fodire,</span> <span class='ocrx_word' id='word_1_157' title='bbox 625 1705 847 1781; x_wconf 63' lang='lat' dir='ltr'>fugire,</span> <span class='ocrx_word' id='word_1_158' title='bbox 880 1706 1046 1761; x_wconf 81' lang='lat' dir='ltr'>odire</span> <span class='ocrx_word' id='word_1_159' title='bbox 1074 1704 1227 1776; x_wconf 84' lang='lat' dir='ltr'>ete.).</span> <span class='ocrx_word' id='word_1_160' title='bbox 1249 1705 1595 1776; x_wconf 88' lang='lat' dir='ltr'>Deponentia</span> <span class='ocrx_word' id='word_1_161' title='bbox 1619 1720 1840 1777; x_wconf 89' lang='lat' dir='ltr'>quoque</span> <span class='ocrx_word' id='word_1_162' title='bbox 1860 1703 2303 1777; x_wconf 77' lang='lat' dir='ltr'>frequentissime</span> <span class='ocrx_word' id='word_1_163' title='bbox 2322 1723 2485 1761; x_wconf 90' lang='lat' dir='ltr'>sensu</span> <span class='ocrx_word' id='word_1_164' title='bbox 2504 1721 2631 1777; x_wconf 86' lang='lat' dir='ltr'>pas-</span> 
     </span>
     <span class='ocr_line' id='line_1_17' title="bbox 131 1790 2635 1866; baseline 0.002 -22"><span class='ocrx_word' id='word_1_165' title='bbox 131 1790 212 1844; x_wconf 80' lang='lat' dir='ltr'>sivo</span> <span class='ocrx_word' id='word_1_166' title='bbox 233 1803 588 1865; x_wconf 85' lang='lat' dir='ltr'>usurpantur.</span> <span class='ocrx_word' id='word_1_167' title='bbox 621 1800 694 1859; x_wconf 86' lang='lat' dir='ltr'>c.)</span> <span class='ocrx_word' id='word_1_168' title='bbox 718 1793 1160 1863; x_wconf 89' lang='lat' dir='ltr'>Praepositiones</span> <span class='ocrx_word' id='word_1_169' title='bbox 1202 1792 1419 1864; x_wconf 87' lang='lat' dir='ltr'>aliquae</span> <span class='ocrx_word' id='word_1_170' title='bbox 1447 1792 1795 1863; x_wconf 88' lang='lat' dir='ltr'>(praesertim</span> <span class='ocrx_word' id='word_1_171' title='bbox 1822 1795 1909 1860; x_wconf 85' lang='lat' dir='ltr'>in)</span> <span class='ocrx_word' id='word_1_172' title='bbox 1951 1792 2068 1849; x_wconf 84' lang='lat' dir='ltr'>sine</span> <span class='ocrx_word' id='word_1_173' title='bbox 2109 1801 2260 1849; x_wconf 90' lang='lat' dir='ltr'>certa</span> <span class='ocrx_word' id='word_1_174' title='bbox 2285 1794 2477 1866; x_wconf 88' lang='lat' dir='ltr'>regula</span> <span class='ocrx_word' id='word_1_175' title='bbox 2504 1808 2635 1849; x_wconf 88' lang='lat' dir='ltr'>cum</span> 
     </span>
     <span class='ocr_line' id='line_1_18' title="bbox 131 1878 2633 1954; baseline 0.002 -21"><span class='ocrx_word' id='word_1_176' title='bbox 131 1889 266 1934; x_wconf 79' lang='lat' dir='ltr'>aecus.</span> <span class='ocrx_word' id='word_1_177' title='bbox 307 1889 399 1935; x_wconf 90' lang='lat' dir='ltr'>aut</span> <span class='ocrx_word' id='word_1_178' title='bbox 436 1881 616 1937; x_wconf 88' lang='lat' dir='ltr'>ablat.</span> <span class='ocrx_word' id='word_1_179' title='bbox 657 1881 1087 1954; x_wconf 87' lang='lat' dir='ltr'>coniunguntur,</span> <span class='ocrx_word' id='word_1_180' title='bbox 1129 1887 1225 1935; x_wconf 91' lang='lat' dir='ltr'>aut</span> <span class='ocrx_word' id='word_1_181' title='bbox 1261 1880 1369 1935; x_wconf 91' lang='lat' dir='ltr'>illis</span> <span class='ocrx_word' id='word_1_182' title='bbox 1405 1879 1588 1935; x_wconf 85' lang='lat' dir='ltr'>verbis</span> <span class='ocrx_word' id='word_1_183' title='bbox 1632 1878 1935 1950; x_wconf 88' lang='lat' dir='ltr'>adduntur,</span> <span class='ocrx_word' id='word_1_184' title='bbox 1984 1897 2225 1953; x_wconf 88' lang='lat' dir='ltr'>quorum</span> <span class='ocrx_word' id='word_1_185' title='bbox 2270 1882 2465 1938; x_wconf 90' lang='lat' dir='ltr'>relatio</span> <span class='ocrx_word' id='word_1_186' title='bbox 2513 1882 2633 1937; x_wconf 90' lang='lat' dir='ltr'>solo</span> 
     </span>
     <span class='ocr_line' id='line_1_19' title="bbox 133 1966 2633 2041; baseline 0.002 -22"><span class='ocrx_word' id='word_1_187' title='bbox 133 1978 226 2019; x_wconf 81' lang='lat' dir='ltr'>casu</span> <span class='ocrx_word' id='word_1_188' title='bbox 245 1968 464 2039; x_wconf 85' lang='lat' dir='ltr'>exprimi</span> <span class='ocrx_word' id='word_1_189' title='bbox 495 1968 644 2025; x_wconf 87' lang='lat' dir='ltr'>solet</span> <span class='ocrx_word' id='word_1_190' title='bbox 671 1970 978 2038; x_wconf 62' lang='lat' dir='ltr'>(misereor</span> <span class='ocrx_word' id='word_1_191' title='bbox 1005 1983 1184 2040; x_wconf 81' lang='lat' dir='ltr'>super</span> <span class='ocrx_word' id='word_1_192' title='bbox 1215 1967 1482 2040; x_wconf 80' lang='lat' dir='ltr'>aliquem</span> <span class='ocrx_word' id='word_1_193' title='bbox 1513 1966 1604 2022; x_wconf 84' lang='lat' dir='ltr'>vel</span> <span class='ocrx_word' id='word_1_194' title='bbox 1634 1968 1703 2023; x_wconf 84' lang='lat' dir='ltr'>de</span> <span class='ocrx_word' id='word_1_195' title='bbox 1732 1967 1959 2041; x_wconf 84' lang='lat' dir='ltr'>aliquo,</span> <span class='ocrx_word' id='word_1_196' title='bbox 1990 1968 2242 2024; x_wconf 84' lang='lat' dir='ltr'>ulciscor</span> <span class='ocrx_word' id='word_1_197' title='bbox 2270 1975 2481 2025; x_wconf 84' lang='lat' dir='ltr'>contra</span> <span class='ocrx_word' id='word_1_198' title='bbox 2510 1970 2633 2025; x_wconf 87' lang='lat' dir='ltr'>ali-</span> 
     </span>
     <span class='ocr_line' id='line_1_20' title="bbox 131 2054 2635 2130; baseline 0.002 -21"><span class='ocrx_word' id='word_1_199' title='bbox 131 2066 256 2119; x_wconf 70' lang='lat' dir='ltr'>quem</span> <span class='ocrx_word' id='word_1_200' title='bbox 281 2055 362 2110; x_wconf 82' lang='lat' dir='ltr'>vel</span> <span class='ocrx_word' id='word_1_201' title='bbox 401 2056 480 2112; x_wconf 84' lang='lat' dir='ltr'>de</span> <span class='ocrx_word' id='word_1_202' title='bbox 515 2055 730 2130; x_wconf 85' lang='lat' dir='ltr'>aliquo</span> <span class='ocrx_word' id='word_1_203' title='bbox 773 2062 925 2124; x_wconf 89' lang='lat' dir='ltr'>ete.).</span> <span class='ocrx_word' id='word_1_204' title='bbox 958 2056 1042 2123; x_wconf 87' lang='lat' dir='ltr'>d.)</span> <span class='ocrx_word' id='word_1_205' title='bbox 1082 2057 1192 2110; x_wconf 87' lang='lat' dir='ltr'>Pro</span> <span class='ocrx_word' id='word_1_206' title='bbox 1235 2054 1522 2126; x_wconf 89' lang='lat' dir='ltr'>participio</span> <span class='ocrx_word' id='word_1_207' title='bbox 1570 2054 1797 2111; x_wconf 87' lang='lat' dir='ltr'>inservit</span> <span class='ocrx_word' id='word_1_208' title='bbox 1839 2054 2204 2127; x_wconf 83' lang='lat' dir='ltr'>gerundivum</span> <span class='ocrx_word' id='word_1_209' title='bbox 2252 2060 2635 2127; x_wconf 78' lang='lat' dir='ltr'>(pertransiit</span> 
     </span>
     <span class='ocr_line' id='line_1_21' title="bbox 137 2136 2633 2217; baseline 0.003 -22"><span class='ocrx_word' id='word_1_210' title='bbox 137 2136 548 2214; x_wconf 67' lang='lat' dir='ltr'>benefaciendo),</span> <span class='ocrx_word' id='word_1_211' title='bbox 581 2143 733 2217; x_wconf 89' lang='lat' dir='ltr'>quod</span> <span class='ocrx_word' id='word_1_212' title='bbox 770 2143 936 2201; x_wconf 88' lang='lat' dir='ltr'>ctiam</span> <span class='ocrx_word' id='word_1_213' title='bbox 963 2143 1272 2199; x_wconf 87' lang='lat' dir='ltr'>subiectum</span> <span class='ocrx_word' id='word_1_214' title='bbox 1300 2150 1357 2197; x_wconf 85' lang='lat' dir='ltr'>et</span> <span class='ocrx_word' id='word_1_215' title='bbox 1398 2142 1679 2199; x_wconf 89' lang='lat' dir='ltr'>obiectum</span> <span class='ocrx_word' id='word_1_216' title='bbox 1707 2141 1983 2211; x_wconf 84' lang='lat' dir='ltr'>admittit,</span> <span class='ocrx_word' id='word_1_217' title='bbox 2028 2158 2092 2201; x_wconf 88' lang='lat' dir='ltr'>ac</span> <span class='ocrx_word' id='word_1_218' title='bbox 2132 2146 2176 2200; x_wconf 91' lang='lat' dir='ltr'>si</span> <span class='ocrx_word' id='word_1_219' title='bbox 2218 2153 2362 2201; x_wconf 90' lang='lat' dir='ltr'>esset</span> <span class='ocrx_word' id='word_1_220' title='bbox 2400 2146 2633 2202; x_wconf 89' lang='lat' dir='ltr'>verbum</span> 
     </span>
     <span class='ocr_line' id='line_1_22' title="bbox 135 2224 2635 2303; baseline 0.003 -22"><span class='ocrx_word' id='word_1_221' title='bbox 135 2224 298 2284; x_wconf 75' lang='lat' dir='ltr'>finitum</span> <span class='ocrx_word' id='word_1_222' title='bbox 321 2232 404 2297; x_wconf 84' lang='lat' dir='ltr'>(in</span> <span class='ocrx_word' id='word_1_223' title='bbox 429 2232 824 2289; x_wconf 81' lang='lat' dir='ltr'>convertendo</span> <span class='ocrx_word' id='word_1_224' title='bbox 853 2232 1136 2287; x_wconf 82' lang='lat' dir='ltr'>Dominus</span> <span class='ocrx_word' id='word_1_225' title='bbox 1162 2232 1576 2303; x_wconf 80' lang='lat' dir='ltr'>captivitatem</span> <span class='ocrx_word' id='word_1_226' title='bbox 1606 2231 1795 2299; x_wconf 84' lang='lat' dir='ltr'>Sion);</span> <span class='ocrx_word' id='word_1_227' title='bbox 1828 2230 1996 2287; x_wconf 87' lang='lat' dir='ltr'>verba</span> <span class='ocrx_word' id='word_1_228' title='bbox 2030 2230 2351 2288; x_wconf 89' lang='lat' dir='ltr'>declarandi</span> <span class='ocrx_word' id='word_1_229' title='bbox 2378 2241 2484 2289; x_wconf 90' lang='lat' dir='ltr'>etc.</span> <span class='ocrx_word' id='word_1_230' title='bbox 2516 2232 2635 2289; x_wconf 82' lang='lat' dir='ltr'>sere</span> 
     </span>
     <span class='ocr_line' id='line_1_23' title="bbox 135 2320 2632 2394; baseline 0.004 -26"><span class='ocrx_word' id='word_1_231' title='bbox 135 2325 302 2387; x_wconf 72' lang='lat' dir='ltr'>semper</span> <span class='ocrx_word' id='word_1_232' title='bbox 325 2320 744 2394; x_wconf 87' lang='lat' dir='ltr'>coniunguntur</span> <span class='ocrx_word' id='word_1_233' title='bbox 769 2336 897 2376; x_wconf 90' lang='lat' dir='ltr'>cum</span> <span class='ocrx_word' id='word_1_234' title='bbox 930 2321 1108 2394; x_wconf 82' lang='lat' dir='ltr'>quod,</span> <span class='ocrx_word' id='word_1_235' title='bbox 1143 2321 1448 2389; x_wconf 79' lang='lat' dir='ltr'>quoniam,</span> <span class='ocrx_word' id='word_1_236' title='bbox 1483 2321 1659 2391; x_wconf 84' lang='lat' dir='ltr'>quia,</span> <span class='ocrx_word' id='word_1_237' title='bbox 1691 2335 1832 2391; x_wconf 88' lang='lat' dir='ltr'>quae</span> <span class='ocrx_word' id='word_1_238' title='bbox 1860 2320 1978 2375; x_wconf 90' lang='lat' dir='ltr'>sine</span> <span class='ocrx_word' id='word_1_239' title='bbox 2004 2328 2155 2375; x_wconf 91' lang='lat' dir='ltr'>certa</span> <span class='ocrx_word' id='word_1_240' title='bbox 2194 2320 2386 2394; x_wconf 87' lang='lat' dir='ltr'>regula</span> <span class='ocrx_word' id='word_1_241' title='bbox 2418 2320 2632 2377; x_wconf 90' lang='lat' dir='ltr'>indica-</span> 
     </span>
     <span class='ocr_line' id='line_1_24' title="bbox 135 2398 2635 2479; baseline 0.002 -20"><span class='ocrx_word' id='word_1_242' title='bbox 135 2398 264 2459; x_wconf 69' lang='lat' dir='ltr'>tivum</span> <span class='ocrx_word' id='word_1_243' title='bbox 298 2416 388 2462; x_wconf 90' lang='lat' dir='ltr'>aut</span> <span class='ocrx_word' id='word_1_244' title='bbox 415 2407 838 2465; x_wconf 78' lang='lat' dir='ltr'>coniunctimm</span> <span class='ocrx_word' id='word_1_245' title='bbox 879 2416 1004 2479; x_wconf 91' lang='lat' dir='ltr'>post</span> <span class='ocrx_word' id='word_1_246' title='bbox 1049 2424 1108 2463; x_wconf 90' lang='lat' dir='ltr'>se</span> <span class='ocrx_word' id='word_1_247' title='bbox 1144 2405 1406 2475; x_wconf 86' lang='lat' dir='ltr'>trahunt,</span> <span class='ocrx_word' id='word_1_248' title='bbox 1437 2414 1543 2461; x_wconf 91' lang='lat' dir='ltr'>etc.</span> <span class='ocrx_word' id='word_1_249' title='bbox 1592 2414 1701 2462; x_wconf 90' lang='lat' dir='ltr'>etc.</span> <span class='ocrx_word' id='word_1_250' title='bbox 1751 2405 1855 2473; x_wconf 84' lang='lat' dir='ltr'>(cl&#39;r</span> <span class='ocrx_word' id='word_1_251' title='bbox 1898 2406 2133 2463; x_wconf 86' lang='lat' dir='ltr'>Kaulen</span> <span class='ocrx_word' id='word_1_252' title='bbox 2172 2409 2487 2466; x_wconf 87' lang='lat' dir='ltr'>Handbuch</span> <span class='ocrx_word' id='word_1_253' title='bbox 2532 2424 2635 2465; x_wconf 88' lang='lat' dir='ltr'>zur</span> 
     </span>
     <span class='ocr_line' id='line_1_25' title="bbox 137 2486 2626 2571; baseline 0.004 -28"><span class='ocrx_word' id='word_1_254' title='bbox 137 2486 358 2563; x_wconf 66' lang='lat' dir='ltr'>Vulgata„</span> <span class='ocrx_word' id='word_1_255' title='bbox 388 2498 586 2553; x_wconf 86' lang='lat' dir='ltr'>Mainz</span> <span class='ocrx_word' id='word_1_256' title='bbox 615 2502 774 2553; x_wconf 84' lang='grc'><strong>1870.</strong></span> <span class='ocrx_word' id='word_1_257' title='bbox 807 2510 870 2551; x_wconf 92' lang='lat' dir='ltr'>ac</span> <span class='ocrx_word' id='word_1_258' title='bbox 895 2496 1220 2568; x_wconf 88' lang='lat' dir='ltr'>praesertim</span> <span class='ocrx_word' id='word_1_259' title='bbox 1249 2494 1506 2549; x_wconf 70' lang='lat' dir='ltr'>Boenscli</span> <span class='ocrx_word' id='word_1_260' title='bbox 1537 2494 1675 2549; x_wconf 91' lang='lat' dir='ltr'>Itala</span> <span class='ocrx_word' id='word_1_261' title='bbox 1708 2493 1821 2549; x_wconf 87' lang='lat' dir='ltr'>und</span> <span class='ocrx_word' id='word_1_262' title='bbox 1849 2495 2106 2568; x_wconf 87' lang='lat' dir='ltr'>Vulgata.</span> <span class='ocrx_word' id='word_1_263' title='bbox 2132 2496 2400 2571; x_wconf 85' lang='lat' dir='ltr'>Marburg</span> <span class='ocrx_word' id='word_1_264' title='bbox 2426 2502 2626 2563; x_wconf 84' lang='grc'><strong>1869.).</strong></span> 
     </span>
     <span class='ocr_line' id='line_1_26' title="bbox 139 2575 2630 2657; baseline 0.003 -26"><span class='ocrx_word' id='word_1_265' title='bbox 139 2575 366 2638; x_wconf 81' lang='lat' dir='ltr'>Praeterea</span> <span class='ocrx_word' id='word_1_266' title='bbox 389 2584 600 2639; x_wconf 86' lang='lat' dir='ltr'>latinus</span> <span class='ocrx_word' id='word_1_267' title='bbox 617 2584 910 2655; x_wconf 85' lang='lat' dir='ltr'>interpres,</span> <span class='ocrx_word' id='word_1_268' title='bbox 933 2598 1106 2657; x_wconf 89' lang='lat' dir='ltr'>quum</span> <span class='ocrx_word' id='word_1_269' title='bbox 1125 2597 1388 2655; x_wconf 87' lang='lat' dir='ltr'>graecum</span> <span class='ocrx_word' id='word_1_270' title='bbox 1405 2597 1571 2638; x_wconf 91' lang='lat' dir='ltr'>suum</span> <span class='ocrx_word' id='word_1_271' title='bbox 1592 2590 1808 2637; x_wconf 84' lang='lat' dir='ltr'>textum</span> <span class='ocrx_word' id='word_1_272' title='bbox 1827 2591 2085 2640; x_wconf 87' lang='lat' dir='ltr'>accurate</span> <span class='ocrx_word' id='word_1_273' title='bbox 2102 2582 2340 2641; x_wconf 83' lang='lat' dir='ltr'>reddere</span> <span class='ocrx_word' id='word_1_274' title='bbox 2359 2584 2630 2649; x_wconf 81' lang='lat' dir='ltr'>studeret,</span> 
     </span>
     <span class='ocr_line' id='line_1_27' title="bbox 139 2669 2627 2744; baseline 0.003 -26"><span class='ocrx_word' id='word_1_275' title='bbox 139 2676 217 2718; x_wconf 79' lang='lat' dir='ltr'>non</span> <span class='ocrx_word' id='word_1_276' title='bbox 237 2675 436 2725; x_wconf 87' lang='lat' dir='ltr'>tautum</span> <span class='ocrx_word' id='word_1_277' title='bbox 463 2672 647 2727; x_wconf 88' lang='lat' dir='ltr'>multa</span> <span class='ocrx_word' id='word_1_278' title='bbox 690 2670 957 2727; x_wconf 88' lang='lat' dir='ltr'>vocabula</span> <span class='ocrx_word' id='word_1_279' title='bbox 994 2686 1190 2743; x_wconf 88' lang='lat' dir='ltr'>graeca</span> <span class='ocrx_word' id='word_1_280' title='bbox 1228 2669 1451 2725; x_wconf 87' lang='lat' dir='ltr'>retinuit</span> <span class='ocrx_word' id='word_1_281' title='bbox 1481 2670 1729 2742; x_wconf 90' lang='lat' dir='ltr'>(agonia,</span> <span class='ocrx_word' id='word_1_282' title='bbox 1762 2671 2081 2741; x_wconf 83' lang='lat' dir='ltr'>agonizare,</span> <span class='ocrx_word' id='word_1_283' title='bbox 2116 2672 2304 2742; x_wconf 86' lang='lat' dir='ltr'>aporia</span> <span class='ocrx_word' id='word_1_284' title='bbox 2322 2715 2337 2741; x_wconf 92' lang='lat'>,</span> <span class='ocrx_word' id='word_1_285' title='bbox 2369 2673 2627 2744; x_wconf 90' lang='lat' dir='ltr'>aporiari,</span> 
     </span>
     <span class='ocr_line' id='line_1_28' title="bbox 140 2746 2630 2832; baseline 0.005 -30"><span class='ocrx_word' id='word_1_286' title='bbox 140 2746 336 2812; x_wconf 80' lang='lat' dir='ltr'>bravium</span> <span class='ocrx_word' id='word_1_287' title='bbox 361 2764 488 2827; x_wconf 90' lang='lat' dir='ltr'>etc.)</span> <span class='ocrx_word' id='word_1_288' title='bbox 506 2802 524 2825; x_wconf 90' lang='lat'>‚</span> <span class='ocrx_word' id='word_1_289' title='bbox 557 2758 654 2815; x_wconf 89' lang='lat' dir='ltr'>sed</span> <span class='ocrx_word' id='word_1_290' title='bbox 679 2759 848 2815; x_wconf 92' lang='lat' dir='ltr'>etiam</span> <span class='ocrx_word' id='word_1_291' title='bbox 875 2774 1018 2815; x_wconf 88' lang='lat' dir='ltr'>nova</span> <span class='ocrx_word' id='word_1_292' title='bbox 1047 2757 1310 2815; x_wconf 86' lang='lat' dir='ltr'>vocabula</span> <span class='ocrx_word' id='word_1_293' title='bbox 1347 2755 1418 2812; x_wconf 90' lang='lat' dir='ltr'>ad</span> <span class='ocrx_word' id='word_1_294' title='bbox 1447 2772 1709 2829; x_wconf 88' lang='lat' dir='ltr'>graecum</span> <span class='ocrx_word' id='word_1_295' title='bbox 1731 2756 1964 2813; x_wconf 90' lang='lat' dir='ltr'>modum</span> <span class='ocrx_word' id='word_1_296' title='bbox 1990 2758 2296 2829; x_wconf 87' lang='lat' dir='ltr'>composuit</span> <span class='ocrx_word' id='word_1_297' title='bbox 2330 2761 2630 2832; x_wconf 77' lang='lat' dir='ltr'>(lonqani-</span> 
     </span>
     <span class='ocr_line' id='line_1_29' title="bbox 143 2841 2631 2919; baseline 0.006 -31"><span class='ocrx_word' id='word_1_298' title='bbox 143 2841 302 2911; x_wconf 75' lang='lat' dir='ltr'>milas,</span> <span class='ocrx_word' id='word_1_299' title='bbox 339 2848 682 2919; x_wconf 68' lang='grc' dir='ltr'>μακροθυμίας</span> <span class='ocrx_word' id='word_1_300' title='bbox 724 2846 1176 2919; x_wconf 78' lang='lat' dir='ltr'>pusillanimitas,</span> <span class='ocrx_word' id='word_1_301' title='bbox 1216 2844 1545 2917; x_wconf 70' lang='grc' dir='ltr'>ὄλιγοψυχίας</span> <span class='ocrx_word' id='word_1_302' title='bbox 1586 2843 2029 2916; x_wconf 83' lang='lat' dir='ltr'>multiloquium,</span> <span class='ocrx_word' id='word_1_303' title='bbox 2070 2844 2378 2917; x_wconf 67' lang='grc' dir='ltr'>πολυλογίας</span> <span class='ocrx_word' id='word_1_304' title='bbox 2418 2848 2631 2903; x_wconf 76' lang='lat' dir='ltr'>vanilo-</span> 
     </span>
     <span class='ocr_line' id='line_1_30' title="bbox 143 2926 2631 3007; baseline 0.005 -30"><span class='ocrx_word' id='word_1_305' title='bbox 143 2926 310 3000; x_wconf 85' lang='lat' dir='ltr'>quium,</span> <span class='ocrx_word' id='word_1_306' title='bbox 348 2934 682 3005; x_wconf 76' lang='grc' dir='ltr'>ματαιολογία</span> <span class='ocrx_word' id='word_1_307' title='bbox 721 2939 851 3003; x_wconf 91' lang='lat' dir='ltr'>etc.)</span> <span class='ocrx_word' id='word_1_308' title='bbox 889 2942 1054 3007; x_wconf 90' lang='lat' dir='ltr'>atque</span> <span class='ocrx_word' id='word_1_309' title='bbox 1091 2935 1238 3004; x_wconf 91' lang='lat' dir='ltr'>ipsas</span> <span class='ocrx_word' id='word_1_310' title='bbox 1277 2946 1505 3006; x_wconf 88' lang='lat' dir='ltr'>graecas</span> <span class='ocrx_word' id='word_1_311' title='bbox 1534 2932 1975 2988; x_wconf 84' lang='lat' dir='ltr'>constructiones</span> <span class='ocrx_word' id='word_1_312' title='bbox 2004 2934 2348 2990; x_wconf 88' lang='lat' dir='ltr'>conservavit</span> <span class='ocrx_word' id='word_1_313' title='bbox 2376 2934 2631 3005; x_wconf 86' lang='lat' dir='ltr'>(Spiritus</span> 
     </span>
     <span class='ocr_line' id='line_1_31' title="bbox 143 3010 2633 3095; baseline 0.002 -25"><span class='ocrx_word' id='word_1_314' title='bbox 143 3010 198 3062; x_wconf 69' lang='grc' dir='ltr'>’τὸ</span> <span class='ocrx_word' id='word_1_315' title='bbox 231 3022 420 3093; x_wconf 76' lang='grc' dir='ltr'>πνεῦμα]</span> <span class='ocrx_word' id='word_1_316' title='bbox 459 3022 694 3078; x_wconf 87' lang='lat' dir='ltr'>Domini</span> <span class='ocrx_word' id='word_1_317' title='bbox 736 3024 966 3095; x_wconf 89' lang='lat' dir='ltr'>replevit</span> <span class='ocrx_word' id='word_1_318' title='bbox 1005 3020 1199 3078; x_wconf 88' lang='lat' dir='ltr'>orbem</span> <span class='ocrx_word' id='word_1_319' title='bbox 1237 3030 1518 3077; x_wconf 89' lang='lat' dir='ltr'>terrarum</span> <span class='ocrx_word' id='word_1_320' title='bbox 1554 3027 1611 3075; x_wconf 87' lang='lat' dir='ltr'>et</span> <span class='ocrx_word' id='word_1_321' title='bbox 1648 3018 1754 3074; x_wconf 77' lang='grc' dir='ltr'><em>Ιιοσ</em></span> <span class='ocrx_word' id='word_1_322' title='bbox 1784 3019 1940 3093; x_wconf 81' lang='lat' dir='ltr'>quod</span> <span class='ocrx_word' id='word_1_323' title='bbox 1985 3022 2242 3076; x_wconf 82' lang='lat' dir='ltr'>continet</span> <span class='ocrx_word' id='word_1_324' title='bbox 2280 3022 2359 3093; x_wconf 76' lang='grc' dir='ltr'>[τὸ</span> <span class='ocrx_word' id='word_1_325' title='bbox 2399 3021 2633 3093; x_wconf 78' lang='grc' dir='ltr'><strong>σύνεχον]</strong></span> 
     </span>
     <span class='ocr_line' id='line_1_32' title="bbox 143 3103 2634 3183; baseline 0.001 -22"><span class='ocrx_word' id='word_1_326' title='bbox 143 3103 280 3160; x_wconf 65' lang='lat' dir='ltr'>mnia</span> <span class='ocrx_word' id='word_1_327' title='bbox 313 3117 445 3179; x_wconf 85' lang='lat' dir='ltr'>ete.;</span> <span class='ocrx_word' id='word_1_328' title='bbox 477 3126 638 3182; x_wconf 80' lang='lat' dir='ltr'>quae</span> <span class='ocrx_word' id='word_1_329' title='bbox 679 3116 816 3167; x_wconf 84' lang='lat' dir='ltr'>sunl</span> <span class='ocrx_word' id='word_1_330' title='bbox 857 3110 1158 3183; x_wconf 88' lang='lat' dir='ltr'>Spiritus...</span> <span class='ocrx_word' id='word_1_331' title='bbox 1204 3108 1564 3179; x_wconf 89' lang='lat' dir='ltr'>spiritualiter</span> <span class='ocrx_word' id='word_1_332' title='bbox 1604 3108 1999 3163; x_wconf 73' lang='lat' dir='ltr'>examinatur</span> <span class='ocrx_word' id='word_1_333' title='bbox 2034 3106 2118 3179; x_wconf 79' lang='grc' dir='ltr'>[τὰ</span> <span class='ocrx_word' id='word_1_334' title='bbox 2161 3110 2249 3161; x_wconf 81' lang='grc' dir='ltr'>τοῦ</span> <span class='ocrx_word' id='word_1_335' title='bbox 2289 3110 2634 3180; x_wconf 75' lang='grc' dir='ltr'>πνεύματος...</span> 
     </span>
     <span class='ocr_line' id='line_1_33' title="bbox 145 3182 1848 3269; baseline 0.004 -25"><span class='ocrx_word' id='word_1_336' title='bbox 145 3182 441 3267; x_wconf 57' lang='lat' dir='ltr'>bnplvmzh</span> <span class='ocrx_word' id='word_1_337' title='bbox 475 3198 706 3253; x_wconf 77' lang='lat' dir='ltr'>fortiora</span> <span class='ocrx_word' id='word_1_338' title='bbox 742 3196 949 3254; x_wconf 62' lang='lat' dir='ltr'>honam</span> <span class='ocrx_word' id='word_1_339' title='bbox 978 3195 1294 3269; x_wconf 76' lang='grc' dir='ltr'>[ἰσχυρότερα</span> <span class='ocrx_word' id='word_1_340' title='bbox 1319 3195 1531 3266; x_wconf 76' lang='grc' dir='ltr'>τούτων]</span> <span class='ocrx_word' id='word_1_341' title='bbox 1556 3203 1662 3250; x_wconf 81' lang='lat' dir='ltr'>etc.</span> <span class='ocrx_word' id='word_1_342' title='bbox 1699 3199 1848 3263; x_wconf 79' lang='lat' dir='ltr'>ete.).</span> 
     </span>
    </p>

    <p class='ocr_par' dir='ltr' id='par_1_3' title="bbox 148 3277 2638 3796">
     <span class='ocr_line' id='line_1_34' title="bbox 193 3277 2637 3357; baseline 0.004 -25"><span class='ocrx_word' id='word_1_343' title='bbox 193 3277 317 3336; x_wconf 77' lang='lat' dir='ltr'>licet</span> <span class='ocrx_word' id='word_1_344' title='bbox 339 3292 528 3341; x_wconf 86' lang='lat' dir='ltr'>autem</span> <span class='ocrx_word' id='word_1_345' title='bbox 556 3284 824 3341; x_wconf 89' lang='lat' dir='ltr'>eiusmodi</span> <span class='ocrx_word' id='word_1_346' title='bbox 851 3285 1216 3357; x_wconf 86' lang='lat' dir='ltr'>proprietates</span> <span class='ocrx_word' id='word_1_347' title='bbox 1245 3283 1302 3338; x_wconf 90' lang='lat' dir='ltr'>in</span> <span class='ocrx_word' id='word_1_348' title='bbox 1331 3282 1588 3339; x_wconf 90' lang='lat' dir='ltr'>omnibus</span> <span class='ocrx_word' id='word_1_349' title='bbox 1628 3281 1785 3339; x_wconf 90' lang='lat' dir='ltr'>libris</span> <span class='ocrx_word' id='word_1_350' title='bbox 1812 3282 2168 3338; x_wconf 84' lang='lat' dir='ltr'>inveniantur</span> <span class='ocrx_word' id='word_1_351' title='bbox 2194 3292 2359 3355; x_wconf 91' lang='lat' dir='ltr'>atque</span> <span class='ocrx_word' id='word_1_352' title='bbox 2387 3286 2518 3341; x_wconf 90' lang='lat' dir='ltr'>satis</span> <span class='ocrx_word' id='word_1_353' title='bbox 2551 3287 2637 3340; x_wconf 88' lang='lat' dir='ltr'>in·</span> 
     </span>
     <span class='ocr_line' id='line_1_35' title="bbox 148 3359 2633 3445; baseline 0.005 -30"><span class='ocrx_word' id='word_1_354' title='bbox 148 3359 309 3431; x_wconf 84' lang='lat' dir='ltr'>dicent,</span> <span class='ocrx_word' id='word_1_355' title='bbox 336 3372 530 3429; x_wconf 89' lang='lat' dir='ltr'>eodem</span> <span class='ocrx_word' id='word_1_356' title='bbox 561 3371 781 3429; x_wconf 89' lang='lat' dir='ltr'>circiter</span> <span class='ocrx_word' id='word_1_357' title='bbox 807 3380 1058 3445; x_wconf 88' lang='lat' dir='ltr'>tempore</span> <span class='ocrx_word' id='word_1_358' title='bbox 1091 3380 1146 3427; x_wconf 90' lang='lat' dir='ltr'>et</span> <span class='ocrx_word' id='word_1_359' title='bbox 1183 3370 1376 3426; x_wconf 89' lang='lat' dir='ltr'>eadem</span> <span class='ocrx_word' id='word_1_360' title='bbox 1414 3370 1473 3425; x_wconf 90' lang='lat' dir='ltr'>in</span> <span class='ocrx_word' id='word_1_361' title='bbox 1510 3370 1733 3443; x_wconf 81' lang='lat' dir='ltr'>regione</span> <span class='ocrx_word' id='word_1_362' title='bbox 1771 3385 1866 3425; x_wconf 90' lang='lat' dir='ltr'>eos</span> <span class='ocrx_word' id='word_1_363' title='bbox 1903 3384 2021 3425; x_wconf 89' lang='lat' dir='ltr'>esse</span> <span class='ocrx_word' id='word_1_364' title='bbox 2052 3372 2381 3439; x_wconf 86' lang='lat' dir='ltr'>translatos,</span> <span class='ocrx_word' id='word_1_365' title='bbox 2414 3372 2633 3429; x_wconf 89' lang='lat' dir='ltr'>dicendi</span> 
     </span>
     <span class='ocr_line' id='line_1_36' title="bbox 149 3455 2635 3533; baseline 0.006 -33"><span class='ocrx_word' id='word_1_366' title='bbox 149 3456 286 3510; x_wconf 78' lang='lat' dir='ltr'>umen</span> <span class='ocrx_word' id='word_1_367' title='bbox 311 3474 504 3531; x_wconf 84' lang='lat' dir='ltr'>genere</span> <span class='ocrx_word' id='word_1_368' title='bbox 533 3459 796 3517; x_wconf 79' lang='lat' dir='ltr'>differunt</span> <span class='ocrx_word' id='word_1_369' title='bbox 827 3458 1028 3533; x_wconf 88' lang='lat' dir='ltr'>singuli</span> <span class='ocrx_word' id='word_1_370' title='bbox 1056 3469 1111 3515; x_wconf 90' lang='lat' dir='ltr'>et</span> <span class='ocrx_word' id='word_1_371' title='bbox 1143 3460 1237 3515; x_wconf 88' lang='lat' dir='ltr'>alii</span> <span class='ocrx_word' id='word_1_372' title='bbox 1273 3458 1391 3513; x_wconf 89' lang='lat' dir='ltr'>aliis</span> <span class='ocrx_word' id='word_1_373' title='bbox 1417 3455 1673 3513; x_wconf 90' lang='lat' dir='ltr'>videntur</span> <span class='ocrx_word' id='word_1_374' title='bbox 1698 3458 1894 3513; x_wconf 89' lang='lat' dir='ltr'>melius</span> <span class='ocrx_word' id='word_1_375' title='bbox 1918 3472 2037 3513; x_wconf 88' lang='lat' dir='ltr'>esse</span> <span class='ocrx_word' id='word_1_376' title='bbox 2060 3458 2339 3527; x_wconf 89' lang='lat' dir='ltr'>translati;</span> <span class='ocrx_word' id='word_1_377' title='bbox 2368 3461 2635 3515; x_wconf 89' lang='lat' dir='ltr'>Ecclesia-</span> 
     </span>
     <span class='ocr_line' id='line_1_37' title="bbox 151 3536 2633 3623; baseline 0.002 -24"><span class='ocrx_word' id='word_1_378' title='bbox 151 3536 273 3595; x_wconf 67' lang='lat' dir='ltr'>stit-us</span> <span class='ocrx_word' id='word_1_379' title='bbox 291 3560 369 3602; x_wconf 88' lang='lat' dir='ltr'>ex.</span> <span class='ocrx_word' id='word_1_380' title='bbox 397 3566 479 3623; x_wconf 90' lang='lat' dir='ltr'>gr.</span> <span class='ocrx_word' id='word_1_381' title='bbox 508 3556 566 3604; x_wconf 85' lang='lat' dir='ltr'>et</span> <span class='ocrx_word' id='word_1_382' title='bbox 596 3548 638 3604; x_wconf 91' lang='grc'>1.</span> <span class='ocrx_word' id='word_1_383' title='bbox 669 3548 982 3620; x_wconf 89' lang='lat' dir='ltr'>Sapientiae</span> <span class='ocrx_word' id='word_1_384' title='bbox 1011 3554 1294 3619; x_wconf 86' lang='lat' dir='ltr'>praestant</span> <span class='ocrx_word' id='word_1_385' title='bbox 1327 3545 1591 3613; x_wconf 79' lang='lat' dir='ltr'>PsalmiS,</span> <span class='ocrx_word' id='word_1_386' title='bbox 1616 3544 1915 3617; x_wconf 88' lang='lat' dir='ltr'>Evangelia</span> <span class='ocrx_word' id='word_1_387' title='bbox 1942 3545 2227 3616; x_wconf 83' lang='lat' dir='ltr'>Epistolis3</span> <span class='ocrx_word' id='word_1_388' title='bbox 2254 3545 2351 3602; x_wconf 83' lang='lat' dir='ltr'>sed</span> <span class='ocrx_word' id='word_1_389' title='bbox 2380 3548 2513 3602; x_wconf 90' lang='lat' dir='ltr'>certi</span> <span class='ocrx_word' id='word_1_390' title='bbox 2546 3548 2633 3603; x_wconf 76' lang='lat' dir='ltr'>vix</span> 
     </span>
     <span class='ocr_line' id='line_1_38' title="bbox 153 3626 2638 3707; baseline 0 -16"><span class='ocrx_word' id='word_1_391' title='bbox 153 3626 394 3700; x_wconf 76' lang='lat' dir='ltr'>quidquam</span> <span class='ocrx_word' id='word_1_392' title='bbox 419 3636 528 3693; x_wconf 89' lang='lat' dir='ltr'>hac</span> <span class='ocrx_word' id='word_1_393' title='bbox 555 3633 626 3692; x_wconf 90' lang='lat' dir='ltr'>dc</span> <span class='ocrx_word' id='word_1_394' title='bbox 658 3651 721 3691; x_wconf 87' lang='lat' dir='ltr'>re</span> <span class='ocrx_word' id='word_1_395' title='bbox 747 3635 912 3691; x_wconf 90' lang='lat' dir='ltr'>statui</span> <span class='ocrx_word' id='word_1_396' title='bbox 954 3643 1154 3706; x_wconf 86' lang='lat' dir='ltr'>potest,</span> <span class='ocrx_word' id='word_1_397' title='bbox 1187 3634 1450 3707; x_wconf 90' lang='lat' dir='ltr'>quoniam</span> <span class='ocrx_word' id='word_1_398' title='bbox 1476 3632 1875 3688; x_wconf 88' lang='lat' dir='ltr'>incertissimus</span> <span class='ocrx_word' id='word_1_399' title='bbox 1915 3638 1999 3687; x_wconf 86' lang='lat' dir='ltr'>est</span> <span class='ocrx_word' id='word_1_400' title='bbox 2036 3639 2219 3688; x_wconf 83' lang='lat' dir='ltr'>textus</span> <span class='ocrx_word' id='word_1_401' title='bbox 2255 3633 2371 3704; x_wconf 89' lang='lat' dir='ltr'>ipse</span> <span class='ocrx_word' id='word_1_402' title='bbox 2409 3644 2638 3707; x_wconf 87' lang='lat' dir='ltr'>propter</span> 
     </span>
     <span class='ocr_line' id='line_1_39' title="bbox 155 3714 1876 3796; baseline 0.005 -32"><span class='ocrx_word' id='word_1_403' title='bbox 155 3714 418 3789; x_wconf 67' lang='lat' dir='ltr'>multiplices</span> <span class='ocrx_word' id='word_1_404' title='bbox 431 3766 446 3793; x_wconf 85' lang='lat'>‚</span> <span class='ocrx_word' id='word_1_405' title='bbox 481 3738 620 3796; x_wconf 85' lang='lat' dir='ltr'>quas</span> <span class='ocrx_word' id='word_1_406' title='bbox 643 3731 902 3793; x_wconf 78' lang='lat' dir='ltr'>expertus</span> <span class='ocrx_word' id='word_1_407' title='bbox 932 3730 1015 3779; x_wconf 91' lang='lat' dir='ltr'>est</span> <span class='ocrx_word' id='word_1_408' title='bbox 1029 3765 1044 3793; x_wconf 94' lang='lat'>,</span> <span class='ocrx_word' id='word_1_409' title='bbox 1074 3722 1411 3777; x_wconf 86' lang='lat' dir='ltr'>recentiores</span> <span class='ocrx_word' id='word_1_410' title='bbox 1438 3720 1876 3775; x_wconf 87' lang='lat' dir='ltr'>retractationes.</span> 
     </span>
    </p>

    <p class='ocr_par' dir='ltr' id='par_1_4' title="bbox 157 3802 2639 4316">
     <span class='ocr_line' id='line_1_40' title="bbox 203 3802 2634 3882; baseline 0.005 -28"><span class='ocrx_word' id='word_1_411' title='bbox 203 3802 314 3862; x_wconf 84' lang='lat' dir='ltr'>illud</span> <span class='ocrx_word' id='word_1_412' title='bbox 335 3826 502 3867; x_wconf 90' lang='lat' dir='ltr'>unum</span> <span class='ocrx_word' id='word_1_413' title='bbox 523 3820 714 3867; x_wconf 86' lang='lat' dir='ltr'>tamen</span> <span class='ocrx_word' id='word_1_414' title='bbox 730 3808 1004 3867; x_wconf 88' lang='lat' dir='ltr'>addamus</span> <span class='ocrx_word' id='word_1_415' title='bbox 1023 3817 1272 3882; x_wconf 88' lang='lat' dir='ltr'>oportet,</span> <span class='ocrx_word' id='word_1_416' title='bbox 1295 3808 1575 3879; x_wconf 88' lang='lat' dir='ltr'>duplicem</span> <span class='ocrx_word' id='word_1_417' title='bbox 1602 3807 1757 3862; x_wconf 88' lang='lat' dir='ltr'>illum</span> <span class='ocrx_word' id='word_1_418' title='bbox 1783 3806 2193 3875; x_wconf 83' lang='lat' dir='ltr'>characterem,</span> <span class='ocrx_word' id='word_1_419' title='bbox 2218 3818 2446 3880; x_wconf 91' lang='lat' dir='ltr'>propter</span> <span class='ocrx_word' id='word_1_420' title='bbox 2466 3826 2634 3881; x_wconf 90' lang='lat' dir='ltr'>quem</span> 
     </span>
     <span class='ocr_line' id='line_1_41' title="bbox 157 3886 2630 3970; baseline -0.001 -14"><span class='ocrx_word' id='word_1_421' title='bbox 157 3886 196 3941; x_wconf 77' lang='lat' dir='ltr'>S·</span> <span class='ocrx_word' id='word_1_422' title='bbox 231 3895 534 3968; x_wconf 73' lang='lat' dir='ltr'>Augustinus</span> <span class='ocrx_word' id='word_1_423' title='bbox 580 3899 803 3956; x_wconf 87' lang='lat' dir='ltr'>italam</span> <span class='ocrx_word' id='word_1_424' title='bbox 845 3895 1262 3970; x_wconf 76' lang='lat' dir='ltr'>praeferendam</span> <span class='ocrx_word' id='word_1_425' title='bbox 1306 3896 1463 3951; x_wconf 86' lang='lat' dir='ltr'>duxit</span> <span class='ocrx_word' id='word_1_426' title='bbox 1508 3898 1723 3963; x_wconf 89' lang='lat' dir='ltr'>(Doctr.</span> <span class='ocrx_word' id='word_1_427' title='bbox 1754 3894 1945 3951; x_wconf 90' lang='lat' dir='ltr'>christ.</span> <span class='ocrx_word' id='word_1_428' title='bbox 1978 3894 2053 3950; x_wconf 93' lang='lat'>11.</span> <span class='ocrx_word' id='word_1_429' title='bbox 2091 3900 2208 3961; x_wconf 84' lang='lat'>15),</span> <span class='ocrx_word' id='word_1_430' title='bbox 2254 3895 2403 3967; x_wconf 88' lang='lat' dir='ltr'>quod</span> <span class='ocrx_word' id='word_1_431' title='bbox 2456 3917 2481 3947; x_wconf 75' lang='grc' dir='ltr'>α</span> <span class='ocrx_word' id='word_1_432' title='bbox 2513 3913 2630 3953; x_wconf 89' lang='lat' dir='ltr'>ver-</span> 
     </span>
     <span class='ocr_line' id='line_1_42' title="bbox 161 3970 2631 4057; baseline -0.001 -13"><span class='ocrx_word' id='word_1_433' title='bbox 161 3970 303 4037; x_wconf 78' lang='lat' dir='ltr'>borum</span> <span class='ocrx_word' id='word_1_434' title='bbox 337 3988 592 4043; x_wconf 86' lang='lat' dir='ltr'>nimirum</span> <span class='ocrx_word' id='word_1_435' title='bbox 627 3987 699 4043; x_wconf 89' lang='lat' dir='ltr'>sit</span> <span class='ocrx_word' id='word_1_436' title='bbox 732 3987 982 4043; x_wconf 85' lang='lat' dir='ltr'>tenacior</span> <span class='ocrx_word' id='word_1_437' title='bbox 1013 4000 1143 4041; x_wconf 87' lang='lat' dir='ltr'>cum</span> <span class='ocrx_word' id='word_1_438' title='bbox 1185 3982 1579 4057; x_wconf 84' lang='lat' dir='ltr'>perspicuitate</span> <span class='ocrx_word' id='word_1_439' title='bbox 1626 3982 1926 4038; x_wconf 87' lang='lat' dir='ltr'>sententiae</span> <span class='ocrx_word' id='word_1_440' title='bbox 1973 4002 2025 4045; x_wconf 71' lang='lat' dir='ltr'>n,</span> <span class='ocrx_word' id='word_1_441' title='bbox 2070 3982 2221 4039; x_wconf 88' lang='lat' dir='ltr'>haud</span> <span class='ocrx_word' id='word_1_442' title='bbox 2264 3983 2453 4054; x_wconf 88' lang='lat' dir='ltr'>paucis</span> <span class='ocrx_word' id='word_1_443' title='bbox 2490 3999 2631 4042; x_wconf 85' lang='lat' dir='ltr'>con-</span> 
     </span>
     <span class='ocr_line' id='line_1_43' title="bbox 161 4060 2633 4146; baseline 0.001 -20"><span class='ocrx_word' id='word_1_444' title='bbox 161 4060 314 4126; x_wconf 76' lang='lat' dir='ltr'>firmari</span> <span class='ocrx_word' id='word_1_445' title='bbox 345 4075 736 4133; x_wconf 84' lang='lat' dir='ltr'>vocabulorum</span> <span class='ocrx_word' id='word_1_446' title='bbox 771 4074 1170 4146; x_wconf 87' lang='lat' dir='ltr'>phrasiumquc</span> <span class='ocrx_word' id='word_1_447' title='bbox 1205 4069 1660 4128; x_wconf 87' lang='lat' dir='ltr'>translationibus</span> <span class='ocrx_word' id='word_1_448' title='bbox 1702 4090 1715 4125; x_wconf 92' lang='lat'><strong>:</strong></span> <span class='ocrx_word' id='word_1_449' title='bbox 1755 4086 1841 4126; x_wconf 84' lang='lat' dir='ltr'>ex.</span> <span class='ocrx_word' id='word_1_450' title='bbox 1870 4086 1955 4141; x_wconf 89' lang='lat' dir='ltr'>gr.</span> <span class='ocrx_word' id='word_1_451' title='bbox 1987 4068 2276 4138; x_wconf 79' lang='grc' dir='ltr'><strong>ἐξουθενεΐν,</strong></span> <span class='ocrx_word' id='word_1_452' title='bbox 2311 4071 2633 4129; x_wconf 80' lang='lat' dir='ltr'>annullare</span> 
     </span>
     <span class='ocr_line' id='line_1_44' title="bbox 164 4152 2639 4235; baseline 0 -22"><span class='ocrx_word' id='word_1_453' title='bbox 164 4152 223 4205; x_wconf 69' lang='lat' dir='ltr'>Vel</span> <span class='ocrx_word' id='word_1_454' title='bbox 241 4160 581 4234; x_wconf 68' lang='lat' dir='ltr'>nullificaref</span> <span class='ocrx_word' id='word_1_455' title='bbox 616 4161 1028 4233; x_wconf 74' lang='grc' dir='ltr'>ἀποσφράγισμα,</span> <span class='ocrx_word' id='word_1_456' title='bbox 1055 4160 1490 4229; x_wconf 72' lang='lat' dir='ltr'>resiqnaculum</span> <span class='ocrx_word' id='word_1_457' title='bbox 1525 4162 1719 4231; x_wconf 90' lang='lat' dir='ltr'>(quam</span> <span class='ocrx_word' id='word_1_458' title='bbox 1759 4156 1983 4229; x_wconf 90' lang='lat' dir='ltr'>quidem</span> <span class='ocrx_word' id='word_1_459' title='bbox 2010 4155 2519 4229; x_wconf 83' lang='lat' dir='ltr'>interpretationem</span> <span class='ocrx_word' id='word_1_460' title='bbox 2547 4179 2639 4235; x_wconf 65' lang='lat' dir='ltr'>scs:-¹</span> 
     </span>
     <span class='ocr_line' id='line_1_45' title="bbox 165 4242 2631 4316; baseline 0.001 -17"><span class='ocrx_word' id='word_1_461' title='bbox 165 4242 330 4309; x_wconf 45' lang='lat' dir='ltr'>²4th</span> <span class='ocrx_word' id='word_1_462' title='bbox 353 4249 548 4309; x_wconf 78' lang='lat' dir='ltr'>factam</span> <span class='ocrx_word' id='word_1_463' title='bbox 574 4249 708 4307; x_wconf 86' lang='lat' dir='ltr'>dicit</span> <span class='ocrx_word' id='word_1_464' title='bbox 733 4253 792 4307; x_wconf 88' lang='lat' dir='ltr'>S.</span> <span class='ocrx_word' id='word_1_465' title='bbox 819 4251 1104 4316; x_wconf 80' lang='lat' dir='ltr'>Hieron.);</span> <span class='ocrx_word' id='word_1_466' title='bbox 1136 4248 1541 4315; x_wconf 73' lang='grc' dir='ltr'>ἀντιτάσσεσθαι,</span> <span class='ocrx_word' id='word_1_467' title='bbox 1573 4246 2028 4312; x_wconf 51' lang='lat' dir='ltr'>contra-tisiam·</span> <span class='ocrx_word' id='word_1_468' title='bbox 2059 4244 2363 4315; x_wconf 74' lang='grc' dir='ltr'>ζκπορνεύειν</span> <span class='ocrx_word' id='word_1_469' title='bbox 2380 4286 2394 4311; x_wconf 91' lang='grc'>,</span> <span class='ocrx_word' id='word_1_470' title='bbox 2426 4249 2631 4316; x_wconf 76' lang='lat' dir='ltr'>exsor-</span> 
     </span>
    </p>

    <p class='ocr_par' dir='ltr' id='par_1_5' title="bbox 169 4324 2520 4411">
     <span class='ocr_line' id='line_1_46' title="bbox 169 4324 2520 4411; baseline 0 -22"><span class='ocrx_word' id='word_1_471' title='bbox 169 4324 338 4404; x_wconf 65' lang='lat' dir='ltr'>nicar-i,-</span> <span class='ocrx_word' id='word_1_472' title='bbox 357 4340 771 4411; x_wconf 67' lang='grc' dir='ltr'>παρεισέρχεσθαι,</span> <span class='ocrx_word' id='word_1_473' title='bbox 803 4337 1192 4405; x_wconf 83' lang='lat' dir='ltr'>subintroire,</span> <span class='ocrx_word' id='word_1_474' title='bbox 1224 4344 1280 4392; x_wconf 89' lang='lat' dir='ltr'>et</span> <span class='ocrx_word' id='word_1_475' title='bbox 1307 4334 1412 4391; x_wconf 85' lang='lat' dir='ltr'>hac</span> <span class='ocrx_word' id='word_1_476' title='bbox 1441 4334 1657 4390; x_wconf 90' lang='lat' dir='ltr'>ratione</span> <span class='ocrx_word' id='word_1_477' title='bbox 1682 4334 1741 4390; x_wconf 90' lang='lat' dir='ltr'>in</span> <span class='ocrx_word' id='word_1_478' title='bbox 1768 4332 1959 4389; x_wconf 85' lang='lat' dir='ltr'>multis</span> <span class='ocrx_word' id='word_1_479' title='bbox 1982 4331 2163 4387; x_wconf 90' lang='lat' dir='ltr'>verbis</span> <span class='ocrx_word' id='word_1_480' title='bbox 2187 4334 2520 4404; x_wconf 77' lang='lat' dir='ltr'>compontis.</span> 
     </span>
    </p>
   </div>
   <div class='ocr_carea' id='block_1_3' title="bbox 867 4500 1852 4568">
    <p class='ocr_par' dir='ltr' id='par_1_6' title="bbox 867 4500 1852 4568">
     <span class='ocr_line' id='line_1_47' title="bbox 867 4500 1852 4568; baseline -0.006 -12"><span class='ocrx_word' id='word_1_481' title='bbox 867 4502 955 4556; x_wconf 90' lang='lat'>11.</span> <span class='ocrx_word' id='word_1_482' title='bbox 984 4503 1424 4568; x_wconf 76' lang='lat' dir='ltr'>Aegyptiacae</span> <span class='ocrx_word' id='word_1_483' title='bbox 1461 4512 1510 4553; x_wconf 81' lang='lat' dir='ltr'>s.</span> <span class='ocrx_word' id='word_1_484' title='bbox 1547 4500 1852 4566; x_wconf 78' lang='lat' dir='ltr'>copticae.</span> 
     </span>
    </p>
   </div>
   <div class='ocr_carea' id='block_1_4' title="bbox 228 4646 2635 4737">
    <p class='ocr_par' dir='ltr' id='par_1_7' title="bbox 228 4646 2635 4737">
     <span class='ocr_line' id='line_1_48' title="bbox 228 4646 2635 4737; baseline -0.003 -17"><span class='ocrx_word' id='word_1_485' title='bbox 228 4646 270 4705; x_wconf 71' lang='lat'>5·</span> <span class='ocrx_word' id='word_1_486' title='bbox 293 4682 353 4699; x_wconf 87' lang='lat'>--</span> <span class='ocrx_word' id='word_1_487' title='bbox 371 4656 510 4719; x_wconf 82' lang='lat' dir='ltr'>Tres</span> <span class='ocrx_word' id='word_1_488' title='bbox 539 4658 824 4737; x_wconf 79' lang='lat' dir='ltr'>cognitae</span> <span class='ocrx_word' id='word_1_489' title='bbox 857 4660 1004 4718; x_wconf 88' lang='lat' dir='ltr'>sunt</span> <span class='ocrx_word' id='word_1_490' title='bbox 1031 4657 1494 4734; x_wconf 77' lang='lat' dir='ltr'>scripturarum</span> <span class='ocrx_word' id='word_1_491' title='bbox 1515 4653 1841 4714; x_wconf 82' lang='lat' dir='ltr'>versiones</span> <span class='ocrx_word' id='word_1_492' title='bbox 1860 4650 2251 4729; x_wconf 80' lang='lat' dir='ltr'>aegyptiacae</span> <span class='ocrx_word' id='word_1_493' title='bbox 2274 4668 2323 4710; x_wconf 89' lang='lat' dir='ltr'>s.</span> <span class='ocrx_word' id='word_1_494' title='bbox 2350 4650 2635 4728; x_wconf 85' lang='lat' dir='ltr'>copticae</span> 
     </span>
    </p>
   </div>
  </div>
 </body>
</html>
