3050 5184
370 286 483 344 142
527 302 602 345 ne
644 302 1193 347 turserat-:uriom
1236 304 1285 346 S.
1334 300 1724 348 scmrrnnass.
1761 318 1842 329 -—
1869 301 1996 347 mr.
2043 302 2106 346 11.
2153 300 2334 347 Lases
2374 300 2899 345 HERMENEUTICAE.

368 432 573 502 studio,
616 443 879 491 monente
914 434 1123 506 Spiritu
1146 435 1201 489 S.
1249 436 1369 505 ipso
1406 456 1431 485 ιι
1460 435 1507 490 si
1537 451 1652 491 non
1699 432 2078 499 credideritis,
2109 449 2224 489 non
2248 432 2570 505 intelligetis
2608 452 2632 483 w
2665 431 2772 503 (Is.
2815 436 2908 497 7,9

368 536 478 575 sec.
509 521 738 593 Lxx.);
774 538 945 594 quare
973 543 998 574 α
1022 524 1313 579 attendens
1340 522 1562 578 divinae
1588 521 1815 578 lectioni
1842 529 1992 578 recte
2016 529 2074 579 et
2095 537 2228 576 cum
2261 519 2446 593 firma
2472 518 2594 591 fide
2619 522 2686 575 in
2717 524 2908 575 Deum

368 624 571 679 quaere
595 609 785 678 illum,
816 610 913 681 qui
952 610 1231 681 plerisque
1257 609 1616 665 absconditus
1655 617 1766 676 est,
1799 609 2212 680 scripturarum
2251 608 2574 664 divinarum
2615 622 2848 662 sensum
2879 628 2902 655 »

369 696 557 769 (Orio.
584 696 625 753 1.
657 702 750 764 c.).
776 698 1019 753 Demum
1053 698 1223 769 probe
1259 706 1317 753 et
1342 697 1638 769 diligenter
1663 695 2130 753 considerandum
2160 704 2246 752 est
2282 695 2361 767 pii
2401 694 2684 766 scriptoris
2717 696 2904 750 moni-

368 791 531 840 tum:
570 804 595 835 α
627 786 943 855 Numquam
979 784 1308 857 ingredieris
1326 785 1385 839 in
1424 800 1650 841 sensum
1671 786 1856 854 Pauli,
1887 785 2064 839 donec
2106 800 2210 841 usu
2250 782 2430 839 bonae
2475 782 2806 838 intentionis
2855 783 2909 835 in

369 871 605 927 lectione
632 872 751 927 eius
778 881 834 927 et
854 872 1039 929 studio
1080 871 1333 929 assiduae
1360 870 1740 927 meditationis
1781 872 1900 929 eius
1945 872 2204 942 spiritum
2243 869 2558 927 imbiberis.
2588 871 2912 940 Numquam

360 958 637 1031 intelliges
678 959 887 1031 David,
930 960 1109 1017 donec
1155 961 1275 1031 ipsa
1320 959 1662 1031 experientia
1703 959 1878 1030 ipsius
1923 958 2276 1015 Psalmorum
2317 956 2574 1014 indueris
2615 957 2854 1012 affectus
2887 978 2910 1005 η

362 1046 638 1117 (σαίροη.
676 1048 888 1105 Carth.
922 1047 1007 1105 Ad
1036 1047 1191 1103 fratr.
1226 1048 1295 1103 de
1322 1055 1513 1103 monte
1540 1047 1666 1103 Dei.
1695 1048 1738 1102 Ι.
1777 1048 1883 1117 10).

438 1189 498 1246 2.
530 1222 609 1231 —
644 1190 718 1249 11.
762 1189 1144 1267 scripturae,
1188 1189 1485 1267 quoniam
1524 1190 1732 1266 ipsum
1770 1190 1970 1249 Deum
2003 1186 2238 1247 habent
2274 1191 2595 1247 auctorem
2635 1200 2908 1245 venriet-:s
3012 1202 3013 1207 ¹

364 1288 512 1344 sunt
539 1302 611 1345 ac
646 1286 827 1363 proin
853 1285 1012 1346 nihil
1040 1284 1176 1345 falsi
1196 1332 1210 1357 ,
1243 1284 1401 1345 nihil
1431 1284 1712 1355 erronei,
1753 1282 1916 1343 nihil
1958 1282 2213 1343 absurdi
2243 1282 2564 1343 continere
2596 1287 2904 1360 possunt.

364 1380 523 1439 Hinc
552 1382 672 1441 tria
698 1385 1030 1459 praecepta
1056 1380 1424 1459 gravissima
1453 1398 1566 1441 sua
1593 1384 1816 1457 sponte
1849 1378 2210 1439 derivantur
2245 1398 2259 1433 ε

440 1480 529 1557 a.)
560 1479 777 1537 Omnis
808 1478 1276 1556 interpretatiO,
1302 1494 1459 1555 quae
1490 1477 1792 1554 supponit
1809 1476 2184 1553 scriptorem
2204 1475 2587 1554 inspiratum
2607 1474 2901 1534 docuisse

364 1590 671 1645 errorem,
704 1574 1055 1635 reiicienda
1087 1579 1204 1635 est.

436 1708 460 1737 a
494 1686 659 1742 Nefas
687 1696 797 1755 est,
829 1687 1012 1759 inquit
1038 1690 1095 1743 S.
1126 1690 1519 1757 Hieronymus
1545 1686 1630 1757 (In
1655 1685 1800 1741 Nah.
1835 1686 1964 1755 1‚4)‚
1997 1684 2183 1741 dicere
2212 1685 2559 1755 scripturam
2587 1684 2818 1741 mentiri
2849 1706 2896 1736 n.

363 1772 571 1829 Eodem
593 1773 761 1831 modo
783 1776 1091 1847 loquuntur
1118 1774 1317 1846 reliqui
1344 1777 1536 1831 Patres
1565 1786 1691 1829 cum
1719 1772 1779 1829 S.
1811 1776 2056 1829 Irenaeo
2081 1794 2107 1825 α
2128 1772 2436 1828 rectissime
2472 1772 2746 1840 scientes,
2779 1771 2899 1843 quia

362 1862 680 1932 Scripturae
720 1862 997 1933 perfectae
1038 1869 1193 1929 sunt,
1226 1862 1433 1932 quippe
1458 1877 1489 1917 a
1518 1859 1706 1916 Verbo
1733 1862 1852 1916 Deo
1883 1860 2110 1933 eiusque
2138 1860 2349 1931 Spiritu
2378 1858 2561 1915 dictae
2588 1879 2613 1909 n
2649 1858 2724 1930 (c.
2755 1858 2902 1915 haer.

366 1950 437 2004 ΙΙ.
475 1953 567 2015 28)
594 1958 650 2004 et
687 1964 815 2005 cum
851 1950 1147 2005 Clemente
1184 1948 1355 2003 Alex.
1387 1948 1701 2018 Scripturas
1735 1946 2010 2018 Deiparae
2039 1955 2453 2018 comparantes,
2489 1966 2514 1998 α
2544 1946 2680 2020 quia
2713 1946 2904 2002 verita·

363 2043 478 2091 tem
514 2036 739 2107 pariunt
774 2045 831 2093 et
866 2044 1095 2093 manent
1130 2036 1367 2107 virgines
1400 2056 1423 2087 »
1458 2036 1681 2103 (strom.
1713 2036 1838 2089 Vn.
1875 2034 1983 2107 16).
2015 2036 2163 2091 Hinc
2191 2034 2356 2091 docet
2385 2037 2445 2091 S.
2479 2035 2858 2105 Auqustinus
2888 2052 2904 2087 ε

372 2143 395 2173 ει
425 2124 493 2177 In
516 2124 817 2194 scripturis
843 2124 890 2178 si
918 2122 1054 2194 quid
1082 2122 1383 2180 absurdum
1410 2122 1678 2187 moverit,
1721 2136 1836 2177 non
1878 2122 2009 2178 licet
2055 2122 2237 2178 dicere
2266 2142 2280 2177 ε
2313 2131 2508 2178 auctor
2553 2120 2731 2176 huius
2778 2120 2898 2177 libri

362 2226 475 2265 non
513 2212 695 2266 tenuit
741 2212 1057 2278 veritatem,
1090 2210 1188 2265 sed
1219 2219 1358 2265 :aut
1396 2209 1570 2265 codex
1619 2208 1918 2265 mendosus
1947 2218 2054 2277 est,
2091 2217 2188 2265 aut
2233 2209 2508 2279 interpres
2535 2209 2779 2278 erravit,
2811 2216 2900 2265 aut

362 2306 427 2352 tu
445 2314 556 2353 non
581 2298 845 2371 intelligis
874 2320 901 2349 »
930 2299 999 2370 (c.
1028 2300 1216 2354 Faust.
1240 2299 1314 2353 11.
1337 2304 1370 2352 2
1391 2296 1473 2353 cfr
1493 2299 1559 2354 In
1582 2299 1671 2351 Ps.
1701 2303 1819 2351 118.
1847 2299 2025 2353 Serm.
2051 2302 2178 2364 31,5
2199 2296 2289 2353 ad.
2321 2296 2479 2352 Hier.
2509 2312 2598 2367 ep.
2629 2302 2785 2367 8²²2·
2807 2301 2902 2363 223

364 2386 433 2441 ad
461 2387 623 2442 Oros,
654 2402 705 2443 c.
735 2387 903 2443 Prisc.
939 2393 1024 2443 1¹.
1058 2392 1187 2451 etc.)

442 2530 853 2605 Praeceptum
885 2532 1095 2589 autem
1124 2526 1242 2587 hoc
1272 2544 1345 2587 ea
1373 2526 1509 2587 sola
1539 2526 2046 2604 comprehendit,
2078 2542 2238 2604 quae
2264 2529 2588 2603 tamquam
2609 2544 2728 2585 sua
2753 2524 2902 2584 sacri

364 2626 698 2702 scriptores
727 2624 1081 2702 proferunt3
1116 2640 1188 2683 ea
1216 2624 1416 2696 enim,
1450 2639 1614 2700 quae
1645 2623 1722 2683 ab
1762 2622 1903 2682 aliis
1941 2621 2112 2682 dicta
2137 2622 2446 2691 referunt,
2481 2637 2594 2699 pro
2621 2622 2894 2681 veritati·

362 2722 481 2782 bus
510 2720 739 2780 divinis
767 2719 1160 2780 admittenda
1188 2738 1313 2779 non
1344 2724 1520 2792 sunt,
1549 2718 1673 2777 nisi
1703 2735 2005 2795 personae
2025 2763 2040 2789 ‚
2070 2735 2227 2795 quae
2256 2719 2587 2795 loquentes
2617 2716 2897 2777 introdu-

362 2822 608 2891 cuntur,
642 2817 816 2896 ipsae
846 2816 1057 2876 divina
1084 2817 1449 2876 auctoritate
1486 2813 1794 2893 gaudent;
1828 2813 2098 2890 reliqua,
2134 2817 2350 2892 utpote
2390 2829 2561 2873 mere
2591 2812 2892 2881 humana,

362 2919 471 2974 aut
496 2931 645 2973 vera
672 2917 779 2974 aut
808 2930 1068 2973 erronea
1096 2930 1233 2971 esse
1264 2915 1550 2989 possunt.

438 3049 465 3078 <t
495 3029 558 3084 In
587 3026 899 3097 Evangeliis
922 3067 937 3093 ,
967 3026 1149 3096 inquit
1176 3024 1235 3081 S.
1267 3026 1656 3096 Auqustinus,
1687 3022 1940 3097 quamvis
1971 3037 2164 3078 verum
2192 3021 2262 3077 sit
2291 3022 2544 3089 omnin0,
2571 3022 2736 3093 quod
2764 3020 2898 3077 dicta

361 3116 498 3179 sint,
524 3130 639 3169 non
665 3122 853 3169 tamen
884 3113 1099 3179 omnia,
1134 3126 1287 3183 quae
1314 3110 1463 3165 dicta
1500 3118 1658 3175 sunt,
1689 3126 1818 3166 vera
1857 3122 1976 3165 esse
2013 3107 2334 3177 creduntur,
2368 3108 2630 3180 quoniam
2675 3109 2844 3165 multa
2871 3124 2898 3160 a

364 3200 583 3258 Iudaeis
622 3200 761 3257 falsa
808 3207 863 3254 et
892 3199 1065 3269 impia
1101 3196 1250 3255 dicta
1289 3212 1407 3253 esse
1436 3213 1600 3253 verax
1634 3196 1919 3269 Evangelii
1954 3196 2239 3268 Scriptura
2280 3203 2518 3251 testatur
2555 3217 2579 3245 n
2616 3195 2714 3268 (ad
2744 3198 2894 3251 OroS.

362 3308 408 3344 c.
449 3288 684 3344 Priscill.
715 3288 791 3360 9).
822 3290 1036 3342 Revera
1067 3302 1131 3341 ex
1168 3285 1298 3342 libri
1329 3284 1690 3356 inspiratione
1722 3284 1860 3339 nihil
1897 3283 2050 3340 aliud
2077 3284 2348 3355 sequitur,
2373 3283 2480 3337 nisi
2511 3283 2682 3340 verba
2713 3284 2808 3339 illa
2833 3280 2894 3335 ab

361 3376 602 3431 indicata
634 3390 863 3445 persona
900 3375 959 3429 in
987 3373 1274 3429 occasione
1302 3373 1395 3429 illa
1424 3388 1544 3428 esse
1574 3372 1814 3443 prolata3
1848 3370 1916 3427 de
1943 3386 2134 3427 eorum
2174 3371 2406 3426 veritate
2440 3386 2507 3426 ex
2535 3384 2892 3441 personarum

361 3463 706 3534 loquentium
742 3462 1073 3518 auctoritate
1110 3470 1204 3517 aut
1232 3478 1295 3516 ex
1327 3459 1449 3516 aliis
1477 3460 1786 3515 rationibus
1812 3458 2230 3516 diiudicandum
2255 3466 2366 3526 est,
2405 3474 2548 3530 quae
2577 3457 2633 3514 in
2677 3456 2897 3530 singulis

362 3550 601 3607 textibus
647 3558 905 3606 accurate
940 3558 1071 3605 sunt
1107 3547 1552 3621 perpendendae,
1595 3548 1880 3603 criterium
1923 3546 2070 3602 enim
2107 3548 2388 3619 generale,
2440 3561 2549 3617 quo
2593 3546 2782 3601 omnia
2807 3560 2892 3599 eo-

362 3639 490 3695 dem
512 3637 681 3693 modo
712 3636 1007 3693 diiudicari
1037 3636 1279 3708 possint,
1307 3652 1420 3692 non
1444 3636 1703 3691 habetur.
1735 3636 1856 3691 Hae
1893 3641 2080 3691 autem
2117 3634 2340 3705 regulae
2375 3632 2655 3703 plerisque
2695 3630 2892 3689 diiudi-

362 3725 553 3783 candis
580 3726 919 3781 inserviunt:
942 3724 1023 3796 α.)
1044 3724 1255 3791 Verba,
1286 3740 1427 3796 quae
1455 3732 1651 3779 auctor
1684 3722 1982 3794 inspiratus
2010 3721 2116 3793 ipsi
2143 3724 2262 3776 Deo
2287 3720 2538 3792 loquenti
2573 3728 2674 3775 aut
2703 3718 2888 3791 angelo

362 3815 445 3871 vel
482 3814 693 3869 homini
738 3813 964 3869 nomine
1008 3812 1113 3868 Dei
1152 3812 1403 3884 loquenti
1435 3810 1717 3879 attribuit,
1748 3826 1846 3881 pro
1879 3808 2078 3865 divinis
2121 3806 2377 3864 habenda
2413 3815 2573 3875 sunt,
2606 3816 2776 3879 atque
2821 3803 2890 3875 ὁ.)

360 3901 509 3958 idem
527 3903 675 3957 valet
698 3902 769 3956 de
788 3900 995 3969 verbis,
1020 3916 1163 3973 quae
1176 3944 1189 3969 ,
1213 3898 1464 3971 quamvis
1485 3915 1516 3953 a
1539 3913 1692 3952 mero
1715 3896 1940 3953 homine
1958 3897 2071 3952 sint
2089 3897 2304 3968 prolata
2318 3938 2333 3966 ,
2357 3904 2549 3967 postea
2569 3910 2672 3967 pro
2690 3892 2881 3951 divinis

361 4000 457 4047 aut
478 3988 549 4047 ab
576 3989 685 4045 alio
714 3989 983 4060 scriptore
1021 3988 1293 4059 inspirato
1318 3986 1620 4043 laudantur
1645 3986 1694 4057 (1
1741 3986 1878 4041 Gor.
1925 3990 2081 4054 3,19;
2117 3983 2255 4042 Gal.
2297 3990 2428 4053 4,30
2471 3986 2604 4049 etc.)
2630 3990 2728 4039 aut
2753 3978 2892 4035 velut

360 4078 545 4134 divina
585 4077 655 4133 ab
682 4077 925 4133 Ecclesia
966 4084 1096 4131 sunt
1140 4082 1361 4146 recepta
1390 4070 1774 4146 (Magynificat
1815 4073 2035 4144 aliaque
2081 4071 2344 4143 similia);
2388 4070 2456 4141 e.)
2487 4071 2642 4127 idem
2681 4078 2892 4141 quoque

361 4167 505 4221 valet
541 4165 611 4220 de
648 4164 829 4220 verbis
874 4163 1101 4235 prolatis
1130 4180 1161 4219 a
1192 4161 1465 4233 personis,
1498 4175 1641 4231 quae
1669 4168 1861 4231 utpote
1901 4160 1961 4215 in
1987 4158 2242 4215 docendo
2270 4158 2592 4215 infallibiles
2637 4167 2878 4213 errorem

360 4252 559 4309 docere
600 4268 712 4308 non
752 4260 1053 4323 potuerunt
1076 4253 1387 4316 (Sermones
1414 4247 1838 4321 Apostolorum
1869 4248 1928 4302 in
1955 4246 2238 4316 Actibus),
2271 4254 2369 4301 aut
2411 4260 2548 4317 quas
2591 4242 2882 4315 inspiratas

362 4340 527 4397 fuisse
550 4348 743 4396 auctor
766 4354 924 4395 sacer
950 4339 1134 4394 innuit
1160 4337 1263 4409 (cl'r
1288 4341 1426 4392 Luc.
1460 4342 1606 4404 1,42.
1638 4341 1736 4404 673
1767 4342 1926 4403 2253
1951 4340 1985 4390 2
2009 4333 2204 4390 ΜαοΙι.
2233 4340 2266 4388 7
2273 4334 2391 4403 ,213
2424 4348 2560 4389 num
2599 4344 2729 4386 vero
2757 4330 2878 4383 Act.

360 4434 487 4498 7,55
524 4428 596 4484 ad
626 4426 1047 4499 praecedentem
1085 4425 1393 4481 orationem
1422 4426 1610 4488 7,2-5a
1653 4421 1877 4477 extendi
1925 4422 2130 4494 possit,
2175 4421 2454 4477 incertum
2495 4425 2620 4484 est).
2669 4416 2751 4487 d.)
2783 4409 2888 4467 Ubi

358 4524 525 4571 notae
562 4515 669 4571 hae
696 4513 923 4582 desunt,
952 4514 1281 4584 plerumque
1308 4510 1463 4566 dubii
1505 4509 1828 4581 haeremuS,
1859 4510 1969 4568 nisi
2009 4526 2074 4566 ex
2115 4509 2321 4581 regulis
2363 4505 2655 4564 rhetoricis
2682 4494 2884 4573 aliquid

358 4602 575 4660 deliniri
600 4608 781 4673 potest
804 4600 909 4674 (cfr
930 4601 1075 4658 infra
1106 4601 1261 4657 DisS.
1287 4600 1351 4655 V.
1380 4598 1429 4671 §a
1454 4598 1588 4669 5,2).
