3050 5184
428 245 548 304 290
588 262 663 307 nn
700 263 839 307 var.
875 264 1130 309 *resa-Au.
1172 267 1365 310 marus
1403 268 1754 312 uisi-omas.
1788 284 1866 295 —-
1901 266 2028 311 car.
2065 266 2147 312 x1.
2179 266 2255 309 na
2292 267 2376 310 m„
2407 266 2900 310 mcuaaaeoacu.

676 397 1005 452 constitutus
1046 400 1313 467 (9,23-31)
1355 397 1504 455 haud
1541 399 1830 454 infeliciter
1865 414 1993 454 cum
2029 397 2304 455 Bacchide
2339 412 2664 469 congressus
2691 398 2934 467 (9,32·571

678 498 823 538 novo
853 484 1063 553 proelio
1093 501 1219 541 eum
1248 484 1320 541 ad
1348 502 1542 557 pacem
1573 486 1870 543 ineundam
1899 487 2081 557 coegit
2107 488 2394 555 (9,58·73).
3016 508 3017 541 ;

501 572 553 622 2.
586 570 857 639 Tempore
886 572 1191 628 Alexandri
1216 574 1381 629 Baiae
1412 574 1700 645 (10,1-89).
1731 604 1800 613 —
1828 575 2011 643 Quum
2059 572 2245 629 Iudaei
2282 572 2692 639 Alexandrum,
2724 571 2940 642 Epipba·
3016 572 3017 625 ζ

677 657 759 713 nis
806 657 999 725 filium,
1052 669 1243 716 contra
1291 662 1638 717 Demetrium
1684 661 2018 717 adiuvissent
2062 663 2352 730 (10,1·47),
2400 658 2714 715 Alexander
2759 658 2942 713 throm-
3016 654 3017 709 ἰ

677 746 883 815 potitus
910 747 1277 804 Ionathanem
1304 764 1586 805 summum
1612 748 1956 804 sacerdotem
1985 748 2205 820 agnovit
2237 748 2559 823 (10‚⁴8·66),
2588 745 2682 819 qui
2711 748 2759 802 ei
2787 745 2944 801 fidelis
3016 750 3017 753 ’

676 830 984 889 adhaerens
1010 836 1369 905 Apollonium
1396 835 1666 891 Demetrii
1695 834 1894 891 ducem
1921 835 2124 891 devicit
2153 837 2262 905 (10,
2269 836 2483 905 67-89).

500 921 554 971 3.
604 918 876 990 Tempore
918 922 1185 977 Demetrii
1227 925 1303 978 Π.
1350 924 1620 979 Nicatoris
1664 932 1721 979 et
1763 922 2020 979 Antiochi
2061 924 2158 979 v1.
2201 924 2486 994 (11,1-.7⁴)
2529 952 2602 965 -
2646 922 2948 978 Alexandro

678 1017 897 1063 mortuo
934 1011 1251 1065 Demetrius
1294 1011 1689 1079 11.(11,1-19)
1727 1011 1795 1067 ab
1834 1011 1988 1067 initio
2025 1010 2322 1068 Ionathani
2358 1010 2508 1075 savit,
2541 1018 2734 1081 postea
2779 1017 2947 1065 autem
3016 1060 3017 1065 ,

679 1096 959 1165 promissis
995 1112 1105 1153 non
1149 1099 1301 1154 stetit
1332 1103 1444 1167 (11,
1450 1104 1552 1154 20-
1529 1099 1681 1170 -,53)
1732 1115 1902 1170 quare
1941 1098 2216 1155 Ionathan
2251 1098 2323 1155 ad
2365 1098 2624 1155 Antiochi
2653 1100 2752 1153 VI.
2789 1105 2950 1169 partes

676 1182 949 1241 transiens
992 1197 1119 1240 cum
1157 1184 1326 1241 fratre
1360 1185 1586 1243 Simone
1615 1186 1960 1243 Demetrium
1989 1185 2284 1243 debellavit
2313 1190 2421 1255 (11,
2427 1190 2646 1252 54-74).

499 1274 555 1323 4.
590 1270 839 1326 Foedera
887 1286 1013 1327 cum
1056 1273 1321 1329 Romanis
1353 1282 1409 1329 et
1444 1274 1730 1346 Spartiatis
1767 1275 2052 1329 renovavit
2089 1274 2360 1329 Ionathan
2405 1274 2724 1343 (12,1-,23)
2769 1269 2862 1327 sed
2903 1269 2950 1323 in

676 1374 820 1413 novo
855 1358 1001 1415 bello
1030 1368 1225 1416 contra
1254 1361 1638 1433 Tryphonem,
1672 1361 1940 1417 Demetrii
1977 1363 2051 1417 11.
2091 1360 2320 1430 ducem,
2347 1360 2478 1417 dolo
2519 1370 2718 1431 captus
2747 1368 2826 1415 cst
2853 1358 2949 1429 (12.

678 1450 774 1500 24·
751 1452 886 1513 ·.54)

498 1532 658 1589 PAns
689 1548 913 1591 ‘rr-‚nrm
942 1538 1303 1605 (13,1-16,17)
1332 1537 1407 1592 de
1433 1538 1695 1593 Simonis
1720 1538 1890 1593 rebus
1913 1538 2090 1605 qestis
2119 1537 2449 1607 (ι43.-136).
3016 1596 3017 1603 ¹

506 1624 553 1674 1.
596 1619 753 1676 Initia
792 1623 1129 1694 principatus
1172 1624 1409 1679 Simonis
1451 1629 1835 1694 (13,1-14,49).
1867 1655 1932 1665 -
1977 1626 2200 1680 Frustra
2248 1623 2480 1679 fratrem
2523 1639 2690 1678 suum
2736 1622 2951 1678 liberare
3016 1652 3017 1693 3

676 1718 907 1765 conatus
946 1710 1224 1781 (13.1-30)
1264 1712 1627 1768 nihilominus
1665 1711 1737 1767 ad
1776 1720 1958 1783 partes
1995 1712 2260 1767 Demetrii
2301 1713 2374 1767 11.
2415 1710 2638 1765 transiit
2673 1722 2952 1777 arcemque

680 1796 1181 1869 ierosolymitanam
1198 1800 1537 1871 expugnavit
1561 1802 1864 1868 (13,1-54);
1889 1815 2082 1870 pacem
2113 1798 2336 1854 victoria
2368 1808 2586 1869 partam
2615 1797 2868 1853 adhibuit
2895 1793 2952 1847 ad
3016 1828 3017 1863 ³

676 1882 901 1940 foedera
929 1901 1057 1941 cum
1084 1886 1369 1957 Spartiatis
1398 1896 1451 1942 et
1477 1887 1750 1942 Romanis
1777 1886 2092 1942 renovanda
2119 1890 2408 1955 (14.1·49).
2457 1930 2462 1939 .
3016 1938 3017 1941 ,

502 1976 554 2026 2.
586 1972 822 2027 Simonis
846 1988 933 2027 res
954 1982 1141 2045 gestae
1166 1974 1271 2029 sub
1298 1973 1574 2029 Antiocho
1598 1975 1726 2030 Vn.
1759 1974 1943 2032 Sidete
1973 1974 2362 2046 (15,1-16,24).
2393 2002 2466 2015 --
2497 1974 2812 2030 Antiochus
2841 1970 2948 2023 Vll.

680 2060 921 2130 primum
950 2059 1173 2131 quidem
1205 2062 1391 2117 literas
1424 2061 1696 2117 amicitiae
1731 2062 1802 2117 ad
1829 2062 2110 2119 Simonem
2141 2060 2325 2128 dedit,
2357 2077 2524 2133 quem
2552 2061 2798 2117 Romani
2823 2059 2948 2112 velut

676 2147 887 2203 socium
916 2157 1240 2219 receperant
1271 2152 1558 2219 (ma-24),
1590 2148 1685 2205 sed
1711 2150 1769 2205 in
1799 2150 2003 2205 throno
2032 2148 2391 2205 confirmatus
2421 2147 2663 2204 Iudaeos
2694 2145 2954 2203 debellari·
3016 2176 3017 2199 3

678 2234 858 2305 coepit
901 2234 1106 2292 infelici
1150 2252 1281 2293 cum
1326 2252 1581 2293 successu
1625 2239 2052 2307 (15‚25-16,10).
2084 2240 2158 2292 At
2192 2238 2403 2293 interea
2449 2236 2643 2292 Simon
2689 2250 2802 2290 una
2843 2248 2954 2287 cuni

678 2320 807 2376 filiis
840 2324 954 2379 suis
990 2322 1129 2378 Iuda
1157 2332 1213 2379 et
1248 2324 1556 2380 Mathathia
1587 2340 1620 2380 a
1649 2341 1850 2397 genero
1879 2340 1979 2380 suo
2006 2325 2224 2380 occisus
2259 2332 2344 2379 est
2371 2332 2426 2379 et
2453 2337 2836 2379 successorem
2867 2319 2954 2375 ha-

680 2408 800 2464 buit
824 2412 1049 2466 tertium
1077 2412 1255 2467 filium
1278 2414 1548 2469 Ioannem
1576 2414 1900 2484 Hyrcanum
1932 2414 2265 2481 (16,11-24).
3016 2402 3017 2405 “

512 2562 569 2619 4.
600 2591 678 2604 -
702 2560 933 2620 Prioris
963 2561 1109 2621 libri
1146 2566 1363 2623 auctor
1398 2562 1463 2623 id
1500 2580 1696 2623 unum
1728 2563 1980 2624 videtur
2013 2562 2135 2622 sibi
2169 2562 2602 2640 proposuisse,
2630 2565 2706 2623 ut
2743 2575 2954 2620 memo·
3016 2588 3017 2617 ;

432 2656 595 2716 riam
616 2673 836 2716 eorum
851 2701 865 2728 ‚
886 2675 1045 2734 quae
1071 2659 1250 2719 Iudas
1264 2704 1279 2729 ,
1304 2658 1604 2719 Ionathan
1619 2704 1637 2733 ‚
1661 2658 1881 2719 Simon
1896 2675 2010 2737 pro
2030 2658 2236 2736 patria
2250 2658 2553 2735 religione
2575 2654 2950 2717 defendenda
3016 2664 3017 2675 ³

434 2756 499 2811 et
521 2754 739 2830 populi
770 2754 1058 2814 libertate
1079 2755 1457 2815 vindicanda
1478 2760 1734 2833 egerant
1750 2801 1764 2828 ,
1789 2754 1960 2815 fideli
1992 2756 2348 2815 narratione
2377 2754 2650 2831 posteris
2675 2753 2949 2813 traderet.
3016 2752 3017 2827 3

435 2850 708 2911 Alterius
754 2855 965 2910 autem
1024 2855 1249 2911 auctor
1294 2852 1686 2912 didacticum
1736 2855 1799 2911 et
1843 2851 2311 2928 paraeneticum
2357 2852 2546 2910 finem
2596 2853 2949 2927 prosecutus

434 2948 743 3024 templum
808 2948 1386 3025 ierosolymitanum
1446 2965 1574 3008 non
1634 2951 1764 3007 tam
1825 2947 2071 3007 Iudaeis
2129 2946 2736 3025 palaestinensibuS‚
2787 2960 2952 3023 quam

434 3043 771 3119 aegyptiiS,
806 3044 981 3104 velut
1010 3048 1294 3105 centrum
1322 3044 1582 3104 unitatis
1613 3043 2056 3104 commendare
2085 3042 2300 3103 voluit.

504 3166 630 3217 Non
658 3162 893 3219 eundem
920 3166 1084 3221 finem
1114 3165 1253 3221 duos
1286 3175 1539 3222 auctores
1567 3182 1687 3221 esse
1717 3174 2066 3236 prosecutos,
2089 3164 2339 3221 diversus
2381 3179 2576 3220 eorum
2615 3160 2818 3220 m'odus
2843 3177 2952 3215 nar·

438 3250 594 3306 randi
620 3252 837 3322 probat.
871 3252 1025 3308 Prior
1053 3254 1229 3319 enim,
1258 3254 1507 3325 quamvis
1552 3254 1764 3323 poetico
1805 3252 2085 3309 interdum
2131 3251 2352 3308 dicendi
2395 3268 2597 3324 genere
2639 3259 2700 3306 et
2747 3249 2951 3321 paralle-
3016 3266 3017 3273 ¹

436 3339 595 3394 lismo
623 3348 831 3407 utatur,
869 3340 925 3395 in
964 3356 1163 3412 genere
1202 3350 1388 3397 tamen
1414 3340 1651 3412 simplici
1685 3338 1854 3397 modo
1893 3356 1990 3395 res
2037 3348 2218 3413 gestas
2264 3338 2654 3409 chronologice
2691 3336 2948 3408 proponit:
3016 3334 3017 3357 ³

438 3424 568 3498 quid
595 3442 723 3482 vero
756 3428 871 3498 ipse
900 3429 1127 3497 sentiat,
1160 3428 1337 3484 innuit
1369 3430 1550 3498 potius
1575 3444 1743 3501 quam
1778 3428 2062 3498 exprimit;
2093 3443 2194 3482 nec
2224 3428 2370 3483 ullus
2405 3427 2552 3482 inter
2581 3425 2800 3481 Veteris
2821 3426 2950 3477 Test.

438 3513 725 3569 historicos
762 3514 1055 3586 invenitur,
1082 3514 1175 3587 qui
1204 3517 1299 3572 illo
1326 3517 1554 3589 propius
1587 3515 1661 3571 ad
1696 3515 1958 3587 profanos
1990 3514 2248 3583 accedat,
2279 3513 2406 3570 licet
2439 3513 2696 3585 religioso
2737 3510 2950 3584 quodam
3016 3556 3017 3585 f

438 3600 683 3669 fervore,
717 3617 880 3673 quem
910 3603 1119 3675 integra
1156 3602 1396 3659 narratio
1433 3604 1631 3674 spirat,
1664 3604 1720 3678 iu
1748 3604 2046 3675 legentium
2069 3602 2266 3658 animis
2289 3603 2434 3674 piam
2463 3600 2730 3657 fiduciam
2753 3599 2948 3656 excitet.
3016 3640 3017 3679 3

508 3690 681 3745 Alteri
718 3698 905 3745 autem
942 3690 1207 3762 templum
1245 3700 1330 3745 cst
1368 3691 1518 3746 velut
1547 3690 1715 3745 totius
1741 3690 2072 3745 narrationis
2096 3698 2304 3760 caput:
2339 3688 2480 3745 duae
2509 3688 2774 3759 epistolae
2811 3699 2950 3759 prae·

438 3779 637 3833 missae
660 3776 732 3832 ad
768 3778 961 3849 templi
989 3776 1391 3834 dedicationem
1428 3778 1692 3846 invitant3
1740 3778 1890 3843 prior
1933 3778 2266 3832 narrationis
2313 3792 2439 3848 pars
2485 3776 2675 3847 incipit
2704 3792 2738 3831 a
2765 3772 2953 3842 templo

438 3867 767 3920 miraculose
804 3874 1153 3935 conservato,
1184 3867 1357 3921 altera
1381 3882 1412 3920 a
1442 3866 1714 3936 periculo,
1745 3864 1896 3936 quod
1929 3867 2134 3935 templo
2174 3864 2524 3929 imminebat,
2559 3862 2754 3919 ambae
2780 3859 2949 3916 termi-
3016 3882 3017 3941 ᾗ

438 3961 644 4009 uantur
674 3953 943 4008 relatione
978 3952 1245 4009 festorum
1282 3962 1511 4024 propter
1539 3952 1810 4023 templum
1841 3952 2188 4023 purificatum
2226 3960 2282 4007 et
2320 3959 2710 4007 conservatum
2751 3947 2948 4004 institu-
3016 3944 3017 4003 i

438 4050 652 4109 torum3
680 4042 867 4097 hostes
892 4041 1217 4112 puniuntur,
1246 4041 1671 4113 quiatemplum
1710 4061 1736 4091 α
1763 4040 2191 4095 famosissimum
2217 4040 2276 4094 in
2299 4048 2418 4095 toto
2448 4038 2580 4095 orbe
2613 4058 2636 4089 »
2673 4039 2769 4107 (Π.
2799 4034 2947 4099 223).
3016 4028 3017 4067 ἶ

444 4149 469 4181 α
498 4129 749 4185 universa
778 4137 927 4185 terra
956 4130 1196 4184 sanctius
1224 4150 1249 4179 n
1283 4130 1373 4199 (ΙΙ.
1405 4134 1555 4195 5,15)
1583 4128 1926 4183 violaverunt
1953 4136 2060 4182 etc.
2089 4128 2383 4198 Templum
2411 4125 2488 4181 ita
2516 4126 2566 4181 ei
2593 4124 2748 4179 cordi
2774 4132 2871 4189 est,
2901 4127 2947 4171 ut

438 4218 497 4273 in
542 4218 771 4289 singulis
810 4216 929 4273 fere
974 4216 1247 4288 pericopis
1294 4216 1774 4272 celebretur.1am
1820 4230 1951 4270 vero
2001 4214 2097 4270 illo
2133 4223 2404 4285 tempore,
2451 4228 2560 4287 quo
2607 4212 2840 4283 scriptus
2882 4212 2950 4261 est

440 4312 491 4360 2.
524 4305 706 4360 Mach.
735 4304 892 4373 liber,
926 4304 1114 4360 Iudaei
1144 4305 1381 4377 aegyptii
1414 4303 1517 4359 sibi
1548 4303 1833 4374 proprium
1858 4302 2128 4373 templum
2159 4302 2214 4357 in
2241 4306 2490 4375 Aegypto
2519 4302 2943 4357 construxerant:

442 4402 608 4464 atque
638 4392 792 4448 facile
820 4392 1156 4465 intelligitur,
1181 4402 1468 4448 auctorem
1497 4392 1604 4447 illis
1633 4406 1772 4462 opus
1800 4404 1962 4445 suum
1991 4389 2312 4457 destinasse,
2337 4398 2398 4444 ut
2425 4387 2808 4445 commendata
2825 4394 2948 4439 tem·

442 4481 517 4551 pli
552 4480 979 4551 ierosolymitani
1018 4480 1307 4535 sanctitate
1346 4492 1443 4534 eos
1468 4476 1995 4545 commonefaceret,
2024 4494 2094 4532 ne
2132 4490 2398 4545 umquam
2427 4492 2618 4532 verum
2659 4484 2714 4533 et
2749 4472 2948 4529 unicum
3016 4490 3017 4509 2

444 4578 697 4623 centrum
725 4567 1035 4639 religiosum
1059 4567 1418 4640 negligerent.
