3050 5184
387 243 506 303 176
591 262 871 307 msTORlA
915 262 1273 307 exnonsnos.
1321 280 1401 290 —
1439 262 1572 307 car.
1620 263 1680 304 v.
1725 260 2209 305 INTERPRETATIO
2252 260 2763 306 rnornsuurwn.

379 400 625 461 tempore
651 394 1056 463 praestiterint,
1090 410 1204 450 non
1231 401 1577 464 repetemus,
1610 394 1737 465 quia
1770 393 1831 448 in
1859 396 2006 449 Dies.
2041 393 2117 448 ΙΙ.
2152 392 2355 465 passim
2390 392 2501 448 iam
2536 390 2936 458 indicavimus,

377 493 478 533 nos
509 479 566 533 in
598 480 742 535 sacri
776 489 958 536 textus
991 482 1184 538 critica
1214 497 1466 553 quoque,
1497 481 1547 535 si
1578 481 1876 553 vulgatam
1904 480 2237 551 excipimuS,
2264 479 2489 537 omnino
2518 480 2589 535 ab
2619 494 2817 535 eorum
2848 478 2937 533 la-

378 564 601 621 boribus
641 566 978 638 dependere.
1020 568 1146 625 Alia
1185 577 1374 625 autem
1417 568 1646 624 omnino
1696 576 1779 624 est
1826 568 2354 624 commentariorum
2404 567 2937 635 protestanticorum

379 654 536 728 ratio.
576 655 662 710 Ab
701 655 925 711 ineunte
962 657 1112 711 enim
1150 656 1258 711 hoe
1287 656 1505 711 saeculo
1536 670 1713 727 usque
1748 652 1820 711 ad
1859 665 2121 726 quartum
2150 654 2269 711 eius
2295 654 2623 711 decennium
2650 670 2725 710 ne
2752 670 2937 709 unum

377 740 622 811 quidem,
654 743 875 813 opinor,
905 744 1270 815 interpretem
1294 743 1526 799 alicuius
1553 742 1797 798 nominis
1819 742 2151 811 invenimus,
2180 743 2275 815 qui
2302 742 2681 799 rationalismo
2714 742 2935 813 vulgari

377 844 490 883 non
518 827 822 885 adhaereat
849 838 947 885 aut
975 831 1173 886 saltem
1198 829 1269 886 ad
1298 846 1428 887 eum
1455 830 1711 897 inclinet3
1738 827 1870 885 inde
1892 838 2079 885 autem
2108 830 2180 886 ab
2208 845 2261 886 a.
2296 836 2451 885 1830.
2484 830 2706 885 circiter
2735 838 2939 884 exorta

377 924 461 971 est
492 932 638 973 nova
665 916 859 972 schola
892 916 1289 990 interpretum,
1317 918 1413 989 qui
1442 934 1645 990 magna
1674 932 1800 973 cum
1835 916 2157 974 fortitudine
2188 932 2368 989 neque
2396 917 2611 973 minore
2636 930 2767 971 cum
2798 932 2940 971 eru-

377 1002 584 1059 ditione
607 1003 1060 1060 rationalisticam
1088 1005 1606 1077 interpretationem
1633 1004 2096 1076 impugnaverunt
2123 1005 2182 1060 in
2210 1020 2277 1060 eo
2300 1005 2419 1060 solo
2444 1004 2557 1059 l'ere
2582 1020 2615 1060 a
2636 1002 2945 1059 catholicis

376 1090 770 1161 interpretibus
797 1090 1204 1161 dissentientes,
1228 1092 1399 1164 quod,
1422 1108 1597 1164 quum
1618 1108 1747 1149 suas
1769 1091 2026 1149 haereses
2052 1093 2113 1147 in
2136 1092 2436 1163 scripturis
2456 1092 2703 1147 invenire
2732 1090 2937 1154 velint,

378 1176 794 1235 traditionalem
824 1180 1080 1251 exegesin
1107 1180 1390 1253 negligant
1413 1189 1508 1235 aut
1545 1181 1709 1237 etiam
1738 1188 2119 1236 contemnant.
2154 1183 2228 1235 At
2256 1179 2423 1235 hodie
2444 1196 2555 1235 non
2591 1179 2693 1234 nisi
2718 1194 2945 1250 paucae

332 1258 340 1268 '
377 1264 644 1338 reliquiae
673 1265 838 1321 huius
871 1284 896 1319 c
936 1266 1161 1323 scholae
1186 1267 1534 1324 orthodoxae
1562 1288 1588 1319 n
1618 1276 1914 1339 supersunt
1942 1276 1997 1323 et
2026 1268 2301 1338 plerique,
2334 1267 2429 1339 qui
2464 1266 2630 1322 hodie
2664 1266 2716 1321 ei
2744 1265 2941 1321 adnu-

375 1353 582 1409 merari
603 1354 803 1423 solent,
825 1354 885 1409 in
913 1356 1070 1426 praxi
1095 1354 1496 1413 rationalistica
1519 1355 1786 1426 principia
1816 1354 2134 1427 frequenter
2150 1363 2476 1427 sequuntur.
2510 1356 2705 1426 ltaque
2722 1354 2939 1425 triplex

378 1450 883 1498 commentatorum
918 1443 1444 1514 protestanticorum
1481 1458 1655 1516 genus
1690 1450 1773 1498 est
1807 1441 2275 1515 distinguendum.

453 1550 477 1579 α
507 1529 967 1585 Orthodoxorum
997 1552 1022 1581 υ
1059 1530 1466 1599 commentarii,
1498 1529 1803 1586 dummodo
1829 1529 2011 1586 debita
2038 1546 2110 1585 ne
2140 1529 2280 1585 desit
2308 1531 2510 1598 cautio,
2537 1529 2789 1601 plerique
2816 1548 2941 1585 non

380 1618 500 1672 sine
545 1616 728 1673 fructu
765 1619 1158 1685 consuluntur;
1206 1617 1318 1674 huc
1359 1626 1610 1689 spectant
1658 1617 2039 1673 commentarii
2070 1618 2127 1673 in
2164 1618 2287 1673 Vet.
2326 1620 2476 1673 Test.
2521 1617 2827 1689 conscripti
2865 1619 2941 1673 ab

373 1708 444 1759 E.
495 1708 597 1760 W.
647 1705 1076 1779 Henqstenberq
1123 1707 1185 1777 (†
1227 1711 1437 1773 1862),
1485 1705 1708 1763 scholae
1759 1706 1914 1761 istius
1959 1704 2278 1774 fundatore,
2322 1708 2390 1761 H.
2438 1708 2509 1762 Α.
2554 1707 2945 1761 ΗαευενπίσΙι·

373 1807 433 1873 (†
461 1806 669 1870 1845.),
695 1802 754 1858 C.
777 1805 840 1857 F.
872 1802 1005 1856 Keil
1029 1809 1083 1856 et
1107 1804 1201 1855 Fr.
1228 1802 1526 1857 Delitzsck
1548 1800 1877 1868 (Biblischer
1898 1801 2262 1857 Commentar
2282 1800 2419 1858 iiber
2445 1799 2545 1857 das
2566 1805 2631 1857 Α.
2656 1804 2725 1859 Τ.
2750 1804 2939 1875 Leip-

374 1892 462 1963 zig
490 1896 645 1947 1860.
676 1894 742 1945 17
771 1891 949 1959 voll.),
986 1896 1042 1945 et
1064 1889 1450 1945 commentarii
1474 1889 1532 1945 in
1551 1890 1622 1944 N.
1650 1892 1711 1945 T.
1745 1889 2043 1961 conscripti
2068 1890 2137 1946 ab
2160 1892 2231 1945 H.
2262 1889 2595 1945 Olslaeauseu
2622 1892 2675 1959 (1-
2705 1897 2900 1959 1839.ζ
2920 1937 2937 1959 ,

375 1983 436 2037 C.
475 1984 533 2035 F.
571 1977 873 2041 milliarii,
905 1981 952 2032 Ι.
1001 1982 1076 2033 H.
1124 1978 1393 2047 Ebrard,
1434 1982 1495 2033 F.
1548 1977 1729 2034 Godet
1774 1987 1914 2047 etc.;
1973 1977 2175 2049 quibus
2212 1977 2356 2034 adde
2388 1994 2592 2033 comm.
2628 1979 2688 2033 in
2724 1980 2809 2035 U.
2864 1984 2937 2038 T.

371 2067 550 2123 editos
588 2067 648 2121 in
689 2066 988 2123 Germania
1035 2064 1106 2121 ab
1143 2068 1189 2121 1.
1234 2070 1298 2121 P.
1333 2070 1527 2137 Lanqe
1556 2064 1949 2139 (Theologisch
1980 2064 2401 2121 homiletisches
2427 2066 2760 2123 Bibelwerk.
2800 2070 2939 2125 Bie—

372 2154 538 2212 lel’eld
576 2160 734 2212 1864.
773 2170 899 2226 sqq.
937 2159 1013 2231 ,³⁶
1042 2154 1194 2225 voli.)
1239 2162 1296 2211 et
1341 2155 1401 2209 in
1439 2154 1641 2227 Anglia
1682 2170 1713 2209 a
1762 2158 1826 2210 F.
1874 2158 1935 2211 C.
1980 2154 2141 2211 Cook
2168 2154 2307 2218 (The
2335 2154 2469 2227 holy
2495 2154 2652 2211 Bible
2678 2154 2827 2211 with
2862 2174 2941 2213 an

369 2244 729 2316 explanatory
756 2241 866 2298 and
895 2241 1106 2298 critical
1133 2250 1536 2316 commentary.
1569 2240 1808 2298 London
1839 2248 1998 2298 1871.
2030 2257 2155 2314 sqq.
2184 2248 2246 2300 11
2276 2242 2453 2311 voll.).

435 2346 774 2417 Praecipuos
797 2345 1173 2401 rationalistas
1203 2344 1316 2399 iam
1341 2342 1782 2410 nominavimus;
1810 2357 2003 2397 eorum
2030 2349 2215 2395 autem
2238 2355 2407 2411 opera
2437 2339 2725 2395 interdum
2746 2342 2937 2397 utiles

361 2442 525 2490 notas
555 2433 1000 2507 grammaticales
1021 2431 1304 2504 praebent,
1337 2431 1437 2486 sed
1462 2430 1793 2503 plerumque
1816 2429 1934 2485 sine
1960 2442 2161 2501 magno
2191 2427 2396 2484 damno
2422 2427 2807 2500 negliguntur.
2844 2432 2935 2485 Ex

360 2522 779 2579 commentariis
801 2521 858 2576 in
885 2535 1080 2576 omnes
1100 2518 1414 2590 Scripturas
1442 2526 1659 2588 praeter
1686 2517 1824 2573 alios
1842 2516 1952 2571 huc
1979 2524 2230 2586 spectant
2256 2516 2322 2572 C.
2353 2515 2415 2571 C.
2442 2517 2491 2571 I.
2515 2520 2743 2571 Bunsen
2763 2517 2933 2574 Voll-

373 2607 655 2683 st‘andiges
682 2607 1006 2667 Bibelwerk
1041 2606 1128 2662 l‘iir
1162 2605 1250 2661 die
1287 2604 1595 2662 Gemeinde
1632 2604 1876 2676 (Leipzig
1908 2610 2063 2659 1858.
2104 2617 2223 2675 sqq.
2268 2608 2335 2659 10
2365 2602 2550 2670 voll.),
2589 2602 2700 2659 Ed.
2732 2607 2935 2661 Reuss

369 2698 446 2752 La
466 2697 638 2753 Bible.
661 2694 1003 2752 Traduction
1021 2694 1276 2750 nouvelle
1303 2707 1436 2747 avec
1455 2690 1857 2747 introductions
1877 2699 1931 2746 et
1959 2691 2383 2746 commentaires
2407 2690 2582 2757 (Paris
2604 2696 2765 2747 1875.
2794 2710 2933 2765 sqq.

363 2792 427 2839 14
469 2784 652 2856 voll.);
688 2785 742 2839 in
771 2784 953 2839 solum
986 2782 1154 2837 Vetus
1181 2782 1246 2836 T.
1291 2779 1717 2851 Kurzgerasstes
1744 2786 1959 2851 exeget.
1988 2776 2303 2833 Handbuch
2326 2792 2458 2833 zum
2502 2782 2571 2833 A.
2611 2780 2679 2833 Τ.
2725 2780 2930 2853 (Leip-

359 2890 450 2963 zig
489 2894 646 2946 1856.
687 2903 810 2959 sqq.
853 2892 918 2942 17
959 2882 1148 2956 voll.)3
1189 2885 1247 2938 in
1283 2884 1466 2939 solum
1500 2884 1724 2939 Novum
1760 2884 1825 2937 T.
1870 2881 2391 2937 Handkommentar
2426 2894 2557 2935 zum
2592 2878 2655 2936 N.
2699 2880 2775 2935 T.
2809 2898 2929 2938 von

359 2982 435 3033 Η.
464 2981 513 3033 1.
543 2978 934 3043 Holtzmarm,
973 2978 1037 3028 R.
1075 2978 1150 3028 A.
1185 2972 1429 3044 Lipsius
1467 2980 1573 3027 etc.
1608 2970 1894 3043 (Freiburg
1924 2975 2061 3026 1890
2097 2985 2183 3041 sq.
2208 2967 2473 3025 Nondum
2498 2966 2928 3041 terminatum).

417 3080 604 3134 Tertia
631 3078 823 3133 classis
847 3075 1272 3147 comprehendit
1301 3074 1429 3129 illos
1455 3074 1815 3143 interpreteS,
1853 3071 1946 3143 qui
1974 3070 2190 3127 duabus
2212 3072 2361 3127 sellis
2388 3070 2627 3128 insidere
2652 3072 2927 3131 volentes

352 3183 456 3222 nec
479 3165 649 3221 calidi
672 3180 778 3220 nec
799 3164 986 3235 frigidi
1015 3171 1144 3219 sunt
1167 3161 1403 3233 ideoque
1433 3159 1649 3216 facilius
1673 3175 1839 3231 quam
1867 3159 1971 3230 ipsi
1998 3159 2379 3215 rationalistae
2400 3168 2781 3230 seponuntur,
2804 3162 2925 3219 hue.

351 3261 567 3325 spectat
605 3253 1016 3309 recentissimus
1054 3250 1488 3306 commentarius
1519 3249 1577 3303 in
1616 3262 1809 3304 omnes
1844 3248 2157 3317 Scripturas
2195 3261 2226 3301 a
2268 3246 2557 3302 Zoeekler
2590 3254 2647 3301 et
2684 3248 2929 3306 Straelt

350 3340 533 3397 editus
573 3340 1023 3413 (Kurzgel'asster
1059 3340 1429 3394 Kommentar
1469 3352 1541 3390 zu
1584 3333 1693 3390 den
1736 3334 1863 3391 heil.
1908 3334 2185 3391 Schriften
2212 3334 2378 3390 Alten
2412 3350 2471 3389 n.
2510 3335 2707 3390 Neuen
2750 3338 2921 3395 Test.

348 3430 518 3485 sowie
544 3445 616 3483 zu
643 3427 750 3484 den
780 3426 1152 3501 Apocryphen
1175 3423 1522 3495 Nordlingen
1554 3428 1709 3479 1886.
1742 3437 1898 3495 sqq.;
1931 3421 2217 3493 hucusque
2248 3427 2314 3477 10
2344 3422 2517 3492 voll.),

423 3520 660 3573 Demum
696 3524 877 3588 potest
904 3522 1164 3588 quartum
1202 3527 1376 3585 genus
1399 3511 1621 3567 illorum
1648 3510 1848 3578 statui,
1882 3510 1974 3580 qui
2003 3508 2073 3565 de
2104 3508 2417 3582 theologica
2448 3508 2928 3581 interpretatione

351 3606 538 3661 minus
563 3603 788 3660 solliciti
831 3601 1203 3675 grammaticis
1241 3597 1653 3671 quaestionibus
1694 3596 2068 3665 delectantur3
2108 3598 2254 3652 inter
2290 3613 2385 3652 eos
2422 3597 2704 3667 praecipui
2744 3612 2923 3661 sunt.

351 3693 446 3765 qui
481 3708 610 3748 cum
643 3694 715 3747 H.
751 3694 823 3748 A.
865 3695 966 3746 W.
993 3694 1197 3759 Meyer
1225 3688 1288 3757 (†
1327 3690 1516 3753 1873.)
1546 3684 1843 3741 ediderunt
1868 3699 2035 3755 opuS,
2069 3685 2159 3740 cui
2192 3684 2390 3740 titulus
2423 3683 2669 3739 Kritisch
2710 3700 2927 3762 exege-

351 3779 558 3837 tischer
580 3780 940 3835 Commentar
969 3792 1098 3833 zum
1121 3776 1318 3831 Neuen
1337 3774 1486 3829 Test.
1515 3772 1837 3845 (Gottingen
1865 3776 2022 3827 1832.
2048 3788 2171 3843 sqq.
2207 3777 2273 3827 16
2292 3772 2477 3843 voll.);
2510 3770 2607 3827 sed
2632 3772 2925 3847 interpre-

351 3880 452 3933 τες,
490 3868 586 3940 qui
609 3882 782 3924 novas
811 3867 975 3922 huius
1003 3863 1187 3935 operis
1216 3860 1488 3917 editiones
1514 3868 1806 3926 curarunt,
1841 3859 1955 3915 iam
1986 3858 2058 3915 ad
2092 3860 2315 3915 tertiam
2344 3860 2578 3915 classem
2608 3860 2927 3930 pertinent.

420 3960 597 4011 Pauca
629 3956 765 4011 haec
793 3952 863 4010 de
892 3950 1340 4008 commentariis
1374 3946 1781 4020 protestanticis
1808 3946 2119 4016 sufiiciunt,
2150 3948 2278 4019 quia
2307 3946 2599 4018 interpreti
2630 3948 2931 4007 catholico

353 4054 433 4100 tot
457 4044 661 4115 egregii
681 4040 1068 4099 commentarii
1091 4037 1349 4095 catholici
1373 4034 1589 4107 antiqui
1612 4042 1667 4090 et
1694 4034 1949 4091 moderni
1976 4044 2195 4107 praesto
2216 4042 2362 4105 sunt,
2391 4043 2454 4091 ut
2477 4038 2941 4107 protestanticos

354 4134 479 4189 illos
506 4133 622 4187 sine
653 4128 936 4202 dispendio
970 4126 1229 4199 negligat.
