3050 5184
483 270 600 329 114
721 286 878 329 ulsr.
927 283 1262 327 vEnsmth
1314 284 1375 328 11.
1421 282 1478 325 Τ.
1525 298 1605 307 -
1646 281 1780 323 CAP.
1826 282 1887 325 V.
1934 282 2009 325 DE
2050 282 2222 327 VERS.
2268 282 2401 326 LAT.
2446 279 2737 327 vomuit.

481 416 754 471 Ecclesiae
777 416 1123 479 nocuissent;
1145 411 1203 469 id
1226 410 1378 485 quod
1405 426 1671 479 asserere,
1702 410 2090 481 blasphemum
2115 421 2216 467 est.
2238 415 2478 469 Domum
2500 412 2586 479 d.)
2604 410 2751 466 bunc
2772 421 2881 463 esse
2896 406 2979 459 de·
3007 406 3008 441 3

477 505 615 559 creti
642 518 884 570 sensum,
935 501 1276 558 testimonia
1301 502 1641 573 legator-um,
1672 498 1765 568 qui
1804 500 2037 555 concilio
2078 499 2453 570 praefuerunt,
2490 504 2548 555 et
2591 495 2977 566 theologorum.
3007 502 3008 505 ’

480 590 574 662 qui
593 588 772 645 eidem
796 589 1186 655 interfuerunt,
1213 587 1563 643 confirmant.
1589 587 1855 649 Romanis
1878 586 2025 643 enim
2051 586 2325 659 theologis
2338 628 2367 655 „
2382 585 2581 659 quibus
2596 584 2869 641 decretmn
2888 596 2979 635 non
3007 642 3008 651 2

477 677 711 747 placuit,
743 675 1151 747 responderunt
1185 675 1353 747 legati
1389 673 1446 729 S.
1484 672 1793 737 Pontificis·,
1836 689 2031 730 omnes
2067 676 2259 730 Patres
2286 674 2653 741 consensisse,
2682 670 2979 727 tutissimam
3007 668 3008 705 ³

478 765 790 819 versionem
818 778 938 819 esse
957 763 1273 836 vulgatam,
1301 781 1326 813 α
1352 762 1555 833 quippe
1584 762 1673 816 cui
1701 769 1819 817 tam
1845 760 2107 817 diuturno
2130 771 2383 833 tempore
2398 775 2703 831 numquam
2726 757 2983 813 haereseos
3007 774 3008 801 ‡

477 858 606 905 nota
638 849 801 905 fuerit
825 851 1009 906 inusta
1053 871 1079 901 n
1129 848 1446 917 (Pallavic.
1491 848 1641 904 Hist.
1680 848 1850 904 Cone.
1894 848 1993 904 VI.
2026 854 2122 916 17,
2168 849 2285 919 15);
2316 846 2646 920 quibuscum
2672 840 3008 901 consentiens?

475 938 664 992 Andr.
701 942 868 1009 Veqa
895 938 952 1003 (l.
999 942 1073 1004 c.)
1110 935 1301 1002 refert,
1354 956 1381 987 α
1409 943 1638 991 eatenus
1676 934 1915 992 voluisse
1956 935 2266 991 Concilium
2302 936 2603 1005 vulgatam
2642 928 3008 991 authenticam

477 1023 688 1088 haberi,
719 1032 782 1078 ut
809 1033 1024 1079 certum
1047 1022 1306 1079 omnibus
1331 1031 1496 1089 esset,
1527 1022 1681 1077 nullo
1716 1036 1838 1077 eam
1869 1021 2225 1079 defoedatam
2262 1038 2471 1091 errore,
2512 1038 2581 1080 ex
2610 1036 2720 1093 quo
2748 1018 3008 1090 pernicio

475 1126 599 1165 sum
627 1110 849 1182 aliquod
877 1110 1080 1184 dogma
1107 1109 1166 1165 in
1187 1109 1300 1166 fide
1328 1120 1384 1166 et
1411 1109 1661 1165 moribus
1690 1110 1875 1181 colligi
1904 1119 2089 1180 posset
2120 1131 2168 1165 ι.

556 1314 614 1372 5.
641 1346 721 1355 -
749 1312 928 1383 Quod
979 1313 1030 1372 si
1077 1312 1424 1389 quaeritur,
1457 1329 1607 1371 num
1659 1328 1855 1371 omnes
1896 1318 1955 1375 et
1989 1315 2215 1391 sinyuli
2257 1318 2489 1385 textus,
2525 1312 2631 1389 qui
2678 1311 2861 1370 fidem
2902 1307 3008 1365 vel<

474 1426 726 1468 morum
766 1409 1054 1486 regulam
1095 1410 1441 1485 attingunt,
1477 1408 1941 1485 perfectissimo
1976 1408 2166 1468 modo
2209 1412 2271 1468 et
2300 1408 2586 1469 absolute
2614 1404 3008 1485 autographis

474 1504 665 1565 sacris
695 1504 1052 1565 conformes
1086 1504 1214 1564 sint
1253 1504 1588 1576 declarati,
1622 1503 2138 1582 respondendum
2168 1504 2440 1579 videtur,
2478 1502 2847 1565 Tridentium
2884 1492 3008 1559 Pa·3

475 1607 590 1661 tres
624 1601 942 1680 Vulyatam
968 1603 1199 1661 nonita
1223 1600 1558 1661 declarasse
1598 1598 2036 1678 authenticam,
2066 1609 2136 1661 ut
2158 1599 2243 1680 a.)
2268 1600 2564 1661 medalem
2590 1594 3008 1679 quamcumque}

471 1696 935 1775 discrepantiam
961 1698 1027 1757 in
1057 1697 1333 1757 textibus
1366 1697 1739 1775 dogmaticis
1765 1706 2089 1776 neyarent,
2118 1702 2227 1758 aut
2250 1694 2340 1777 b.)
2367 1698 2731 1774 doymaticis
2756 1693 2979 1755 textibus
3007 1754 3008 1777 ἦ

470 1796 594 1851 iam
619 1800 799 1851 antea
825 1793 1034 1853 critice
1057 1794 1259 1853 dubiis
1283 1797 1595 1866 maiorem,
1626 1810 1816 1871 quam
1846 1810 1923 1855 eo
1952 1810 2154 1871 usque
2179 1793 2565 1867 habuerant,
2594 1796 2979 1853 auctoritatem
3007 1838 3008 1843 ,

471 1888 900 1963 attribuerent,
935 1892 1042 1949 aut
1067 1894 1148 1967 c.)
1173 1906 1375 1949 omnes
1399 1895 1599 1950 textus
1624 1890 2011 1965 doqmaticos,
2035 1888 2143 1966 qui
2168 1890 2233 1949 in
2260 1889 2448 1949 sacris
2476 1888 2869 1967 autographis
2893 1884 2980 1944 ad-

473 1984 755 2057 fuerunt,
778 1990 963 2045 etiam
987 2002 1147 2045 nunc
1173 1985 1240 2045 in
1275 1985 1533 2064 Vulyata
1560 1986 1817 2045 inveniri
1840 1992 2177 2045 assererent.

539 2131 836 2187 Mortalem
859 2131 1231 2187 differentiam
1249 2132 1609 2203 intelligimus
1627 2148 1742 2187 non
1760 2148 1883 2189 eam
1902 2133 2098 2200 solam,
2122 2148 2230 2204 qua
2254 2132 2455 2189 clarius
2476 2131 2563 2189 vel
2581 2132 2860 2189 obscurius
2876 2130 2978 2185 doc-
3007 2168 3008 2203 5

469 2218 614 2274 trina
643 2218 918 2290 quaedam
955 2218 1296 2290 exprimitur,
1329 2218 1428 2275 scd
1454 2219 1606 2275 illam
1634 2234 1882 2292 quoque,
1919 2210 2028 2291 qua
2056 2218 2207 2275 idem
2240 2218 2466 2293 quidem
2503 2219 2739 2291 dogma,
2768 2218 2858 2275 sed
2896 2216 2976 2271 sub
3007 2228 3008 2233 ¹

469 2306 685 2363 diverso
699 2315 926 2378 aspectu
941 2307 1160 2379 aliaque
1175 2306 1386 2363 ratione
1403 2305 1621 2362 formali
1638 2308 1973 2363 enuntiatur.
1992 2308 2167 2363 Nemo
2184 2306 2491 2364 catholicus
2502 2315 2690 2379 negat,
2706 2306 2841 2363 Novi
2852 2308 2972 2360 Test.
3007 2304 3008 2365 j

469 2395 766 2463 scriptores
793 2393 961 2449 verba
991 2393 1216 2449 Domini
1241 2392 1581 2449 authentice
1610 2394 1887 2461 retulisse,
1915 2401 1975 2449 at
2000 2409 2168 2449 nemo
2205 2410 2425 2467 quoque
2452 2395 2697 2467 ignorat,
2726 2394 2783 2451 in
2814 2406 2974 2449 eorum
3007 2408 3008 2413 ¹

471 2479 827 2535 relationibus
871 2480 1153 2536 modalem
1191 2481 1343 2536 illam
1360 2518 1376 2546 ‚
1428 2495 1597 2551 quam
1632 2480 1901 2547 diximuS,
1946 2479 2368 2551 discrepantiam
2414 2482 2672 2539 inveniri.
2727 2482 2791 2537 Ut
2830 2494 2974 2535 unum
3007 2550 3008 2555 η

467 2567 783 2637 exemplum
811 2567 1140 2635 afferamus,
1171 2568 1226 2622 in
1254 2568 1438 2623 verbis
1458 2558 1815 2623 institutionis
1843 2569 1897 2622 S.
1922 2567 2316 2633 Eucharistiae,
2348 2568 2395 2625 si
2419 2568 2490 2625 ad
2518 2568 2699 2625 solam
2716 2568 2975 2640 vulgatam
3007 2562 3008 2615 ζ

467 2653 790 2710 hodiernam
837 2653 1194 2719 attendinnuS‚
1219 2657 1273 2712 S.
1310 2659 1499 2711 Lucas
1524 2660 1574 2721 (α
1608 2657 1730 2710 Hoc
1772 2663 1855 2710 est
1891 2670 2092 2726 corpus
2123 2670 2342 2724 meum,
2376 2655 2526 2727 quod
2568 2672 2670 2727 pro
2700 2655 2847 2713 vobis
2878 2652 2971 2709 da·

465 2746 566 2797 tur
589 2740 637 2812 »)
663 2742 845 2797 innuit
856 2759 1138 2814 praesens
1157 2742 1483 2798 sacrificium
1505 2744 1890 2806 incruentum,
1912 2742 1970 2798 S.
1996 2743 2222 2798 Paulus
2250 2746 2301 2809 (α
2322 2744 2444 2799 Hoc
2464 2752 2549 2799 est
2574 2759 2775 2816 corpus
2793 2755 2970 2799 meum,

465 2826 616 2901 quod
658 2845 757 2901 pro
801 2828 955 2885 vobis
997 2830 1270 2887 tradet-ur
1306 2835 1367 2897 n)
1404 2829 1669 2904 futurum
1719 2829 2045 2884 sacrificium
2089 2836 2426 2899 cruentum;
2455 2832 2551 2886 SS.
2584 2832 2907 2887 Matthaeus
2928 2836 2973 2880 ct
3007 2854 3008 2857 ¹

463 2921 708 2971 Marcus
733 2922 784 2983 (a
815 2916 922 2973 Hic
950 2925 1036 2971 est
1061 2920 1308 2989 sanquis
1338 2934 1500 2972 meus
1519 2920 1670 2971 Novi
1700 2916 2086 2984 Testamenti,
2118 2920 2224 2989 qui
2244 2935 2360 2989 pro
2389 2919 2589 2975 multis
2604 2919 2971 2989 effundetur»)

462 3000 667 3059 directe
689 3004 768 3073 id,
800 3003 950 3075 quod
978 3012 1061 3059 est
1087 3004 1144 3061 in
1171 3004 1361 3073 calice,
1393 3013 1449 3059 et
1489 3003 1758 3059 indirecte
1785 3001 2033 3059 eiusdem
2058 3004 2319 3061 effectum
2346 3007 2665 3073 enuntiant,
2691 3008 2786 3065 SS.
2810 3010 2972 3061 Lucas

461 3098 518 3143 et
537 3091 764 3145 Paulus
787 3095 834 3156 («
858 3092 963 3145 Hic
983 3092 1144 3147 calin
1160 3094 1386 3147 Novum
1411 3096 1849 3145 Testamentum
1877 3095 1957 3145 est
1980 3092 2048 3145 in
2075 3106 2202 3146 meo
2222 3095 2517 3164 sanquine
2536 3098 2589 3161 υ)
2608 3093 2813 3149 directe
2838 3089 2969 3146 elfec-

459 3184 578 3231 tum
603 3185 659 3232 et
695 3178 963 3234 indirecte
991 3179 1109 3233 eius
1149 3194 1374 3234 causam
1398 3178 1664 3233 indicant.
1698 3176 1979 3233 Eiusmodi
2008 3178 2176 3249 igitur
2211 3177 2554 3235 differentiae
2590 3182 2855 3236 rationem
2887 3192 2967 3231 au-

458 3262 701 3319 thentiae
729 3282 842 3319 non
874 3266 1096 3334 tollunt,
1125 3266 1362 3337 ideoque
1389 3265 1557 3320 etiam
1585 3266 1729 3321 inter
1770 3264 2067 3336 vulgatam
2094 3274 2151 3321 et
2178 3266 2523 3338 autographa
2550 3266 2745 3324 adesse
2770 3270 2967 3338 possunt

461 3367 559 3406 nec
586 3351 891 3425 quidquam
914 3351 1163 3423 impedit,
1196 3353 1494 3425 quominus
1535 3355 1677 3409 Gen.
1726 3357 1853 3420 3,15
1881 3368 1980 3423 pro
2027 3373 2053 3403 α
2085 3353 2225 3425 ipsa
2262 3373 2289 3405 n
2328 3369 2456 3409 cum
2484 3362 2640 3409 textu
2674 3350 2971 3427 primigenio

457 3438 702 3510 legamus
730 3459 756 3490 α
787 3440 984 3511 ipsum
1014 3461 1067 3507 ι»,
1090 3448 1194 3496 aut·
1211 3444 1290 3495 Is.
1319 3445 1449 3507 453
1479 3444 1529 3505 (a
1560 3439 1749 3505 Nubes
1779 3439 1971 3509 pluant
2008 3442 2265 3509 iustum,
2298 3448 2447 3496 terra
2480 3443 2753 3513 germinet
2790 3439 2969 3495 salva-

459 3531 642 3581 torem
682 3532 730 3593 »)
771 3528 995 3583 nomina
1043 3528 1318 3584 abstracta
1356 3528 1702 3595 (iustitiam,
1758 3525 2035 3593 salutem)
2080 3524 2485 3598 praeferamuS,
2521 3538 2619 3585 aut
2660 3534 2795 3585 Luc.
2828 3530 2969 3589 2230

455 3618 507 3678 (α
533 3614 626 3685 qui
656 3628 756 3684 pro
801 3614 956 3671 vobis
982 3614 1268 3689 fundetur
1305 3618 1358 3682 n)
1399 3614 1600 3669 melius
1640 3613 1777 3669 verti
1824 3613 2073 3670 dicamus
2122 3634 2149 3665 α
2192 3614 2285 3686 qui
2323 3630 2425 3687 pro
2463 3615 2617 3671 vobis
2656 3615 2918 3689 funditur
2944 3632 2963 3658 u

453 3710 560 3757 etc.
591 3710 694 3757 etc.

521 3788 610 3845 Ad
633 3797 816 3844 textus
844 3791 1052 3845 critice
1078 3789 1291 3845 dubios
1311 3787 1462 3860 quod
1480 3788 1699 3855 attinet,
1726 3789 1966 3860 Vulgata
1992 3788 2118 3845 ideo
2146 3790 2267 3845 aliis
2284 3789 2616 3847 editionibus
2638 3792 2815 3848 latinis
2836 3802 2965 3859 prae-

451 3878 562 3933 lata
600 3885 712 3945 est,
753 3879 896 3949 quia
929 3896 956 3929 α
987 3877 1155 3949 longo
1193 3884 1280 3933 tot
1315 3876 1665 3931 saeculorum
1692 3892 1799 3931 usu
1824 3877 1885 3931 in
1911 3876 2156 3931 Ecclesia
2192 3876 2423 3947 probata
2455 3886 2539 3933 est
2564 3899 2591 3930 ι»
2610 3920 2627 3948 ,
2657 3894 2790 3945 ergo
2824 3876 2965 3931 etiam

449 3968 738 4035 quatenus
768 3963 966 4019 eodem
991 3980 1093 4019 usu
1123 3963 1354 4034 probata
1379 3971 1491 4033 est;
1517 3970 1635 4017 tam
1661 3963 1775 4019 late
1800 3972 1951 4033 patet
1977 3962 2289 4031 authentia,
2322 3979 2491 4035 quam
2518 3964 2627 4021 late
2654 3973 2799 4038 patet
2826 3976 2963 4023 usus,

448 4066 552 4106 uec
579 4066 711 4105 usus
740 4051 1182 4123 qualiscumque,
1215 4049 1314 4106 sed
1341 4066 1474 4105 usus
1503 4050 1879 4122 dogmaticuS,
1906 4050 1977 4106 ad
2004 4066 2169 4121 quem
2192 4052 2373 4107 solum
2400 4052 2753 4109 attenderunt
2776 4055 2962 4107 Patres.

449 4138 531 4192 Illi
557 4136 724 4207 igitur
747 4145 959 4207 textuS‚
990 4137 1087 4210 qui
1108 4134 1234 4209 quia
1259 4137 1448 4193 critice
1467 4145 1627 4192 erant
1645 4136 1797 4193 dubii
1818 4153 1931 4193 non
1956 4138 2152 4193 eodem
2172 4138 2340 4194 modo
2362 4139 2421 4195 in
2448 4140 2652 4196 scholis
2668 4136 2965 4208 theologicis

445 4224 853 4280 adhibebantur
876 4235 973 4282 aut
997 4225 1228 4282 omnino
1253 4224 1731 4296 relinquebantur,
1758 4225 1922 4279 etiam
1952 4234 2078 4296 post
2114 4224 2399 4282 decretum
2422 4228 2805 4285 Tridentinum
2834 4222 2963 4280 dubii

445 4320 800 4378 manserunt3
833 4329 918 4368 ex.
953 4328 1040 4385 gr.
1069 4328 1138 4368 ex
1173 4318 1196 4367 1
1225 4312 1356 4368 Cor.
1389 4318 1575 4381 15,51,
1606 4313 1859 4385 quamvis
1886 4311 1975 4367 hic
1999 4328 2189 4369 versus
2210 4314 2355 4369 inter
2382 4316 2608 4370 Latinos
2632 4316 2759 4370 inde
2784 4312 2849 4369 ab
2870 4315 2963 4365 Au-

443 4398 644 4467 gustini
675 4408 732 4455 et
757 4400 1088 4473 Hieronymi
1115 4408 1296 4456 aetate
1323 4416 1543 4472 semper
1586 4400 1781 4455 eodem
1819 4398 1987 4455 modo
2015 4402 2086 4456 sit
2112 4400 2317 4469 lectus,
2350 4401 2428 4457 illi
2465 4402 2567 4474 ipsi
2594 4402 2859 4473 theologi,
2884 4396 2961 4467 qui

443 4482 785 4540 authentiam
813 4487 1089 4559 Vulgatae
1123 4487 1389 4543 latissime
1419 4485 1755 4553 extendunt,
1797 4496 2012 4543 certum
2045 4497 2436 4559 argumentum
2464 4488 2661 4545 deduci
2687 4504 2800 4545 non
2824 4499 2961 4557 posse

443 4567 703 4641 fatentur,
733 4574 860 4641 quia
885 4575 994 4631 alio
1023 4573 1192 4631 modo
1221 4576 1433 4647 legatur
1462 4577 1518 4631 in
1549 4582 1703 4631 textu
1732 4590 1930 4647 graeco
1956 4574 2061 4642 (cfr
2094 4579 2245 4632 Cani
2272 4576 2405 4633 Loci
2428 4575 2601 4633 theol.
2626 4578 2700 4633 11.
2736 4582 2799 4631 14
2824 4577 2954 4629 etc.)-
