3050 5184
619 337 694 380 ns
736 335 1052 379 nuscum
1095 333 1406 378 SECUNDUM
1447 334 1827 380 marmanum
1868 339 2235 384 aurnum-m.
2580 325 2691 381 457

161 468 298 521 mini
333 469 641 539 apostolico
665 476 917 539 tempore
945 479 1064 521 esse
1093 473 1372 530 exortanu
1395 479 1526 520 nam
1546 465 1717 536 aliqui
1739 468 1907 523 etiam
1927 485 2016 524 res
2036 479 2219 542 gestas
2238 471 2506 541 allegant,
2531 478 2695 538 atque

165 555 287 622 ille,
325 555 420 626 qui
452 556 834 612 collectionem
867 568 1188 609 sermonum
1217 551 1401 608 medio
1429 567 1575 608 saec.
1613 558 1667 608 2.
1700 553 1767 610 ab
1794 555 2180 630 Athenagora,
2216 556 2555 628 Theophila,
2598 557 2693 610 lu-

157 644 310 697 stino
353 659 452 714 pro
494 643 822 698 auctoritate
861 639 1170 697 adhibitam
1209 655 1326 695 esse
1365 639 1647 706 concedit,
1690 644 1925 712 explicet
1970 653 2216 716 oportet,
2262 645 2543 716 quomodo
2580 644 2692 699 iam

160 728 504 798 paucissimis
533 730 693 786 annis
721 737 910 798 postea
935 717 1054 784 tam
1079 728 1354 799 complete
1379 725 1736 798 disparuerit,
1768 740 1833 786 ut
1858 747 1962 787 nec
1994 733 2278 801 IrenaeuS,
2312 749 2414 788 nec
2440 733 2693 788 Clemens

159 817 345 885 Alex„
370 833 474 873 nec
499 819 646 874 ullus
673 817 918 874 eiusdem
947 816 1142 872 aetatis
1169 816 1404 886 scriptor
1431 816 1602 871 ullam
1632 817 1751 872 eius
1778 819 2107 874 memoriam
2137 819 2449 876 habuerint.

219 905 444 973 Quibus
472 905 786 975 praemissis
811 904 1126 959 testimonia
1155 903 1466 958 innuemus.
1497 905 1555 958 S.
1588 905 2003 977 ,dtlaeenaqoras
2024 906 2309 963 caritatem
2337 927 2360 957 α
2389 905 2695 977 praeceptis

157 1008 268 1047 non
303 993 564 1050 humanis
593 992 691 1049 sed
715 1009 746 1047 a
777 993 898 1048 Deo
938 990 1307 1062 pronuntiatis
1333 999 1388 1045 et
1424 990 1641 1047 traditis
1670 1011 1693 1044 ι
1730 993 2176 1070 commendatam
2212 995 2534 1050 Christianis
2574 1008 2693 1048 esse

158 1077 512 1136 demonstrat
548 1081 798 1152 allegatis
833 1079 1052 1136 Match.
1091 1083 1314 1146 5,44-46
1344 1078 1594 1150 (Legatio
1638 1093 1737 1149 pro
1772 1079 1975 1136 Christ.
2028 1088 2113 1138 11.
2168 1087 2275 1148 12),
2319 1090 2487 1152 atquc
2528 1079 2692 1136 simili

157 1167 330 1222 modo
358 1167 672 1224 castitatem
698 1165 1138 1230 commendatam
1168 1163 1299 1220 dicit
1321 1165 1488 1222 citato
1507 1166 1719 1222 March.
1752 1173 1879 1223 5.28
1908 1170 2059 1241 (Lag.
2086 1174 2191 1236 32).
2214 1171 2271 1224 S.
2298 1169 2688 1241 Hieronymus,

157 1255 252 1325 qui
293 1264 452 1310 certe
488 1255 633 1312 inter
664 1254 1022 1326 Evangelium
1052 1255 1104 1309 S.
1137 1253 1406 1308 Matthaei
1440 1262 1496 1308 et
1522 1253 1669 1309 inter
1696 1254 2081 1311 collectionem
2120 1272 2443 1312 sermonum
2470 1255 2693 1312 Domini

156 1341 504 1414 distinguere
533 1342 740 1414 potuit,
772 1358 889 1398 sese
914 1341 970 1398 S.
1013 1340 1321 1414 Theophili
1343 1345 1485 1396 Ant.
1516 1343 1943 1398 commentarios
1972 1344 2027 1398 in
2057 1343 2296 1414 primum
2334 1343 2691 1416 Evangelium

157 1437 402 1484 testatur
430 1431 624 1501 legisse
655 1429 732 1496 (in
758 1428 959 1485 Matth.
987 1430 1162 1498 Prol.;
1197 1427 1282 1484 cfr
1316 1428 1389 1484 ad
1416 1429 1604 1500 AlgaS.
1638 1445 1724 1500 ep.
1760 1435 1969 1499 121,6);
2000 1432 2056 1486 S.
2090 1431 2431 1500 Theophilus
2460 1431 2576 1501 ipse
2600 1447 2691 1483 au-

155 1524 266 1572 tem
297 1515 610 1573 introducit
639 1538 662 1568 a
689 1518 1089 1589 evanqelicam
1117 1531 1310 1570 vocem
1341 1537 1366 1566 n
1395 1516 1844 1585 pronuntiantem
1884 1517 2099 1574 Match.
2141 1525 2287 1586 5‚28.
2318 1523 2405 1586 32,
2451 1537 2477 1570 c<
2510 1519 2689 1571 Evan-

155 1603 366 1674 gelium
400 1627 428 1656 n
473 1603 678 1661 docens
723 1619 970 1660 amorem
1016 1603 1367 1659 inimicorum
1408 1602 1591 1658 verbis
1618 1604 1821 1660 Matth.
1863 1609 2012 1672 5,44,
2054 1615 2243 1660 vetans
2279 1621 2448 1661 vanae
2488 1605 2691 1678 gloriae

154 1691 406 1746 studium
445 1692 626 1748 verbis
657 1691 868 1748 Mami.
901 1697 994 1762 6,3
1028 1689 1121 1758 (ad
1147 1691 1337 1746 Autol.
1379 1692 1484 1745 111.
1514 1697 1598 1746 13.
1635 1697 1739 1757 14).
1766 1695 1823 1748 S.
1854 1693 2111 1748 Iustinus
2139 1697 2217 1748 M.
2252 1693 2490 1764 primum
2519 1695 2689 1747 Evau-

155 1781 364 1848 gelium
409 1777 853 1851 frequentissime
889 1778 1175 1846 adhibuit3
1205 1777 1266 1833 in
1293 1793 1388 1834 sua
1420 1779 1583 1848 Apol.
1618 1780 1661 1833 Ι.
1701 1783 1858 1835 15-17
1890 1781 2011 1851 plus
2039 1780 2230 1852 viginti
2260 1795 2446 1836 versus
2484 1797 2549 1835 ex
2578 1795 2689 1834 ser—

154 1881 324 1922 mone
363 1875 632 1922 montano
662 1867 824 1922 affert
851 1863 1088 1934 (Mami.
1118 1871 1269 1934 5-7);
1301 1881 1372 1920 ne
1403 1864 1525 1937 quis
1558 1874 1747 1922 autem
1778 1865 1953 1934 dicat,
1988 1883 2115 1922 cum
2144 1883 2457 1923 sermonum
2488 1867 2691 1923 collec-

158 1953 374 2010 tionem
408 1952 696 2010 dumtaxat
730 1954 1016 2021 habuisse,
1055 1961 1242 2009 vetant
1269 1953 1393 2019 illa,
1427 1969 1567 2024 quae
1595 1953 1666 2009 de
1702 1954 1988 2010 nativitate
2024 1955 2273 2025 Domini,
2306 1954 2375 2010 de
2403 1970 2693 2028 magorum

153 2041 406 2098 adventu
447 2050 551 2098 etc.
593 2041 766 2097 rel’ert
797 2043 867 2112 (c.
905 2041 1112 2114 'l·ryph.
1153 2048 1241 2098 78.
1282 2039 1416 2112 99.).
1457 2040 1687 2096 Maximi
1722 2041 1947 2097 demum
1990 2045 2256 2098 momenti
2299 2051 2408 2110 est,
2446 2041 2592 2114 quod
2634 2042 2692 2096 in

157 2129 434 2184 vaticiniis
491 2129 829 2186 messianicis
883 2129 1134 2202 allegatis
1187 2128 1338 2184 haud
1392 2143 1522 2184 raro
1572 2137 1767 2185 contra
1820 2129 2127 2185 versionem
2178 2129 2589 2186 alexandrinam
2638 2137 2693 2184 et

154 2225 356 2272 contra
391 2225 606 2272 textum
647 2217 968 2274 hebraicum
1003 2219 1078 2272 ita
1120 2231 1248 2272 cum
1284 2218 1342 2273 S.
1376 2215 1660 2272 Matthaeo
1696 2218 2031 2286 consentiat,
2070 2226 2131 2273 ut
2165 2219 2323 2274 illum
2362 2217 2499 2273 haec
2534 2217 2692 2272 testi-

155 2303 348 2359 monia
391 2320 458 2359 ex
509 2305 689 2376 primo
733 2305 1032 2378 Evangelio
1078 2303 1488 2374 transcripsisse
1534 2319 1728 2360 omnes
1773 2302 1934 2360 fateri
1969 2314 2237 2377 cogantur
2288 2304 2391 2372 (cl'r
2445 2311 2516 2361 Is.
2564 2311 2691 2372 7,14

155 2391 307 2463 apud
339 2393 557 2448 Mami.
593 2399 717 2462 1‚23
747 2394 884 2448 etin
905 2393 1064 2463 Apol.
1101 2395 1147 2448 Ι.
1176 2398 1272 2461 33;
1302 2392 1479 2447 Mick.
1505 2397 1600 2460 5‚2
1625 2391 1770 2462 apud
1800 2393 2017 2448 Mateta.
2048 2397 2141 2461 2,6
2160 2401 2215 2448 ct
2242 2393 2298 2447 in
2317 2393 2481 2464 Apol.
2516 2395 2559 2448 1.
2595 2399 2689 2455 34:

155 2485 270 2534 Ier.
325 2485 490 2546 31‚15
526 2479 674 2552 apud
702 2480 918 2536 Mami.
953 2485 1082 2547 2,18
1107 2489 1162 2535 et
1189 2496 1237 2534 c.
1279 2479 1484 2551 Tryph.
1521 2485 1623 2544 78;
1657 2479 1848 2534 Zach.
1876 2485 1969 2544 9,9
1998 2479 2144 2550 apud
2166 2481 2374 2535 Matth.
2408 2485 2533 2548 21,5
2562 2481 2693 2534 etin

153 2567 322 2638 Apol.
353 2568 401 2623 Ι.
434 2573 502 2623 35
528 2573 681 2636 etc.)-

221 2661 488 2711 Patrum
510 2657 974 2728 apostolicorum
992 2671 1162 2721 pauca
1187 2655 1502 2710 testimonia
1521 2654 1772 2710 attulisse
1796 2655 2031 2711 sufficiet
2056 2677 2067 2710 :
2087 2659 2143 2712 S.
2169 2655 2491 2710 Barnabas
2510 2661 2615 2725 (ep.
2641 2663 2691 2720 4)

153 2743 422 2798 sollemni
451 2742 686 2798 formula
715 2744 780 2805 ὡς
805 2746 1074 2814 γέγραπται
1098 2743 1301 2813 allegat
1319 2742 1530 2797 Manli.
1553 2747 1739 2810 20,16.
1770 2743 1827 2798 S.
1860 2743 2118 2799 Clemens
2138 2747 2297 2800 Rom.
2324 2743 2380 2797 in
2407 2750 2428 2798 1
2454 2745 2579 2797 Cor.
2602 2751 2689 2798 46.

153 2833 324 2886 affert
357 2831 571 2886 Mattle.
603 2837 762 2898 2634
801 2847 911 2886 una
939 2845 1066 2886 cum
1092 2833 1230 2885 Luc.
1270 2834 1424 2898 17‚2;
1463 2830 1520 2884 in
1550 2835 1581 2884 2
1610 2831 1735 2885 Cor.
1767 2836 1821 2886 2.
1854 2838 2039 2886 autem
2066 2829 2307 2885 formula
2341 2850 2365 2880 α
2402 2831 2537 2885 alia
2563 2845 2695 2900 quo-

153 2935 260 2990 que
307 2919 624 2990 Scriptura
653 2919 786 2974 dicit
817 2939 841 2970 n
871 2917 1054 2974 verbis
1085 2917 1256 2973 Isaiae
1283 2921 1450 2984 (54‚1)
1480 2916 1723 2974 adnectit
1748 2919 1960 2974 Matth.
1991 2923 2148 2986 8,13;
2170 2918 2228 2972 in
2248 2919 2409 2988 epist.
2442 2916 2511 2972 de
2537 2918 2690 2988 Virg.

151 3006 406 3062 sedecim
431 3013 612 3062 textus
640 3023 705 3062 ex
727 3015 918 3062 nostro
945 3006 1266 3078 Evangelio,
1299 3007 1593 3076 plerosque
1614 3004 1685 3060 ad
1710 3005 1949 3074 literam,
1982 3004 2137 3061 citat.
2168 3003 2382 3073 Quibus
2410 3003 2539 3060 addi
2567 3020 2694 3076 pos-

153 3104 292 3150 sunt
328 3095 387 3148 S.
436 3099 558 3166 19η.
598 3097 676 3150 Μ.
713 3094 785 3150 ad
813 3095 998 3166 Polyc.
1037 3099 1069 3148 2
1107 3093 1343 3165 (Mattio.
1389 3097 1590 3160 10,16),
1632 3093 1703 3148 ad
1747 3092 1951 3163 EpheS.
2001 3099 2067 3148 14
2112 3092 2341 3160 (Manli.
2396 3097 2595 3161 12,33),
2642 3101 2698 3147 et

151 3183 210 3236 S.
237 3182 453 3252 Polyc.
482 3181 550 3238 ad
581 3181 820 3252 Philipp.
851 3187 885 3236 6
913 3181 1153 3248 (Mami.
1175 3185 1379 3248 26,41).
1402 3181 1581 3236 Multo
1610 3187 1796 3236 autem
1823 3180 1983 3252 plura
2014 3188 2071 3236 et
2106 3180 2341 3236 certiora
2376 3187 2507 3235 sunt
2535 3179 2695 3234 testi-

155 3271 352 3326 monia
381 3269 442 3324 in
470 3272 752 3324 Doctrina
789 3269 1105 3324 duodecim
1143 3274 1369 3340 Apost.‚
1407 3267 1565 3322 cuius
1606 3266 1857 3338 opusculi
1886 3267 2003 3323 sine
2028 3268 2145 3323 ullo
2179 3265 2347 3323 dubio
2388 3268 2610 3323 saeculo
2642 3274 2691 3323 1.

155 3357 464 3428 conscripti
503 3373 704 3428 magna
743 3371 872 3429 pars
909 3356 1072 3412 dictis
1110 3354 1402 3411 dominicis
1439 3364 1523 3411 est
1559 3363 1847 3422 contexta,
1878 3370 2019 3426 quae
2055 3371 2121 3410 ex
2156 3354 2453 3427 Evangelio
2491 3355 2695 3425 scripto

153 3455 211 3500 et
243 3444 478 3518 quidem
507 3461 570 3499 ex
603 3444 782 3515 primo
820 3443 1070 3500 desumta
1107 3459 1226 3500 esse
1271 3443 1573 3498 clarissime
1609 3443 1789 3498 elucet
1827 3458 1892 3497 ex
1930 3446 2121 3498 Doctr.
2163 3451 2214 3499 8.
2257 3449 2365 3511 15„
2402 3441 2602 3514 quibus
2638 3443 2697 3497 in

154 3533 296 3588 locis
329 3553 357 3584 α
383 3533 744 3604 Evangelium
775 3551 824 3598 ι,
858 3552 882 3582 «
907 3532 1266 3604 Evangelium
1295 3530 1522 3585 Domini
1550 3551 1602 3597 n,
1629 3531 1777 3584 velut
1806 3530 1927 3585 fons
1954 3529 2291 3585 nominatur.

237 3703 403 3762 Cum
433 3701 800 3760 orthodoxis
820 3700 1150 3760 Patribus'
1135 3717 1200 3758 1n
1231 3700 1437 3777 primo
1467 3698 1801 3775 Evangelio
1823 3699 2219 3775 agnoscendo
2249 3703 2697 3758 consenserunt

155 3799 479 3870 haeretici,
514 3798 618 3874 qui
649 3796 1016 3856 immediate
1045 3799 1188 3873 post
1219 3795 1660 3873 Apostolorum
1692 3797 1963 3854 aetatem
1992 3795 2333 3854 Ecclesiam
2361 3795 2693 3871 impugna-

157 3899 346 3966 runt,
388 3893 736 3970 Cerinthus,
777 3894 1197 3970 Carpocrates,
1231 3891 1545 3966 Ebionaei,
1592 3889 1964 3962 Valentinus,
1997 3889 2368 3950 Basilidiani
2396 3894 2513 3949 etc.

231 4015 320 4072 Ab
351 4015 608 4071 omnibus
637 4015 754 4070 istis
782 4013 1071 4069 haereticis
1099 4012 1459 4086 Evangelium
1492 4011 1757 4068 Matthaei
1785 4026 1902 4067 esse
1931 4011 2243 4067 adhibitum
2272 4011 2369 4067 sed
2396 4026 2495 4082 pro
2532 4011 2695 4065 variis

155 4120 360 4159 eorum
389 4101 710 4158 haeresibus
737 4102 889 4156 vario
919 4100 1086 4156 modo
1115 4108 1434 4155 truncatum
1454 4108 1510 4154 et
1536 4106 1833 4165 mutatum,
1862 4097 2065 4156 diserte
2090 4098 2257 4154 tradit
2276 4099 2331 4153 S.
2355 4096 2696 4170 Epiphanius

155 4194 338 4258 (haer.
372 4196 706 4259 24‚5;28,5;
727 4195 907 4256 30,14.
926 4194 1023 4256 263
1059 4193 1146 4257 31,
1177 4193 1242 4243 14
1264 4192 1394 4258 sq.),
1412 4185 1668 4258 idemque
1694 4186 1761 4242 de
1782 4186 2074 4241 Valentino
2105 4194 2339 4240 testatur
2357 4187 2410 4242 S.
2435 4187 2693 4242 irenaeus

155 4285 228 4345 (c.
269 4279 424 4335 haer.
460 4280 504 4334 Ι.
541 4281 652 4345 1,3)
683 4285 739 4332 et
779 4275 850 4331 de
889 4273 1240 4330 Basilidianis
1275 4282 1469 4330 auctor
1506 4273 1926 4345 Philosophum.
1964 4275 2107 4340 (Vll.
2150 4280 2245 4342 273
2282 4275 2351 4329 V.
2390 4279 2447 4328 7.
2486 4280 2539 4328 8.
2577 4277 2687 4338 21).

156 4369 358 4425 Celsus
385 4381 624 4438 quoque,
675 4364 763 4420 vel
791 4363 973 4435 potius
999 4361 1266 4430 Iudaeus,
1289 4377 1452 4434 quem
1477 4363 1795 4434 loquentem
1820 4360 2140 4430 introducit,
2162 4377 2229 4417 ex
2248 4359 2403 4416 libris
2428 4359 2692 4416 Chr1stia-

153 4469 360 4511 norum
386 4469 445 4510 se
490 4453 742 4509 hausisse
785 4451 922 4507 dicit
957 4452 1074 4518 illa,
1121 4465 1262 4522 quae
1300 4449 1490 4518 affert3
1523 4449 1687 4504 affert
1729 4457 1915 4504 autem
1943 4465 2057 4504 non
2086 4464 2283 4520 pauca,
2316 4465 2457 4520 quae
2485 4449 2547 4504 in
2572 4447 2692 4504 solo

153 4545 340 4614 primo
377 4542 675 4613 Evangelio
713 4541 977 4612 leguntur
1013 4539 1082 4595 de
1123 4537 1362 4594 adventu
1395 4540 1715 4610 Magorum,
1741 4534 1809 4592 de
1843 4535 2011 4592 caede
2048 4536 2527 4605 bethlehemitica,
2564 4536 2691 4608 suga

152 4635 210 4686 in
255 4634 566 4703 Aegyptum
609 4638 716 4685 etc.
758 4629 944 4700 (Oriq.
991 4643 1040 4682 c.
1073 4627 1215 4682 Cels.
1261 4629 1336 4682 ΙΙ.
1377 4633 1478 4693 47;
1512 4627 1557 4681 Ι.
1593 4631 1679 4681 58.
1732 4629 1801 4679 66
1830 4628 1979 4690 etc.).
2025 4625 2267 4679 Demum
2312 4623 2517 4680 addere
2560 4623 2689 4678 licet
