3050 5184
870 368 942 413 ns
982 367 1202 413 amem
1241 370 1381 415 now
1422 370 1817 415 ‘resumam-1.
2543 354 2611 415 ’71

207 497 256 555 3.
286 530 352 541 —-
379 498 666 559 Attamen
692 500 934 562 Veteris
959 502 1128 562 Test.
1149 501 1523 580 interpretes
1555 506 1619 563 et
1644 503 1799 563 Novi
1832 504 1998 563 Test.
2026 502 2363 579 scriptores
2380 547 2393 574 ‚
2421 520 2611 579 quum

155 591 370 655 Hebraei
397 600 634 667 essent,
665 614 922 675 graecae
949 615 1096 659 suae
1135 598 1404 659 dialecto
1437 599 1855 660 characterem
1892 598 2231 676 quemdam
2260 599 2614 659 semiticum

150 686 586 767 impresserunt3
620 710 810 770 quare
837 692 1140 755 librorum
1171 712 1485 757 sacrorum
1526 695 1761 757 idioma
1799 695 1987 756 etiam
2024 696 2099 755 ab
2139 694 2447 756 hellenica
2486 694 2618 755 dia·

151 789 272 847 lecto
296 788 542 849 nomine
572 792 635 849 et
663 789 1206 869 redistinguitum
1237 790 1677 854 hellenisticum
1705 791 1893 853 hodie
1923 791 2228 871 appellari
2258 791 2420 853 solet
2450 808 2615 852 suas-

148 901 238 961 que
263 888 318 943 et
340 884 629 946 lexicales
655 888 718 946 et
739 888 1176 964 grammaticas
1202 888 1615 967 proprietates
1645 890 1854 950 habet.

195 1012 264 1069 Ad
305 1014 514 1086 priores
539 1016 902 1087 proprietates
939 1019 1206 1090 pertinet,
1238 1018 1390 1090 quod
1417 1024 1504 1087 a.)
1532 1034 1766 1091 magnus
1792 1034 2056 1075 numerus
2100 1018 2494 1075 vocabulorum
2528 1034 2618 1073 re-

147 1102 414 1173 ligiosorum
439 1104 560 1161 sola
586 1103 974 1163 terminatione
1003 1106 1327 1178 plerumque
1355 1116 1563 1163 mutata
1606 1124 1671 1163 ex
1719 1108 1907 1180 lingua
1946 1106 2203 1163 hebraica
2244 1114 2621 1161 transumatur

145 1204 204 1244 ex.
237 1206 308 1263 gr.
354 1192 602 1259 Μεσσίας,
639 1195 876 1259 σατανᾶς,
904 1194 1107 1263 γεέννα,
1133 1194 1409 1265 σάὸὅατον,
1437 1196 1609 1265 πάσχα
1648 1203 1786 1264 etc.;
1822 1195 1899 1262 b.)
1940 1192 2361 1267 significationes
2406 1208 2617 1259 omnes,

145 1292 246 1347 quas
275 1278 590 1335 hebraicum
635 1280 962 1337 vocabulum
1015 1280 1280 1346 admittit,
1320 1283 1486 1339 etiam
1542 1298 1739 1355 graeco
1782 1282 2053 1339 vocabulo
2106 1282 2186 1337 illi
2232 1280 2617 1343 attribuantur,

143 1380 222 1436 quo
245 1367 382 1422 vocis
401 1365 699 1423 hebraicae
724 1361 980 1439 primaria
1007 1368 1333 1441 significatio
1349 1371 1693 1442 exprimitur,
1720 1386 1805 1427 ex.
1830 1372 1912 1443 gr.
1946 1368 2149 1441 ἐρωτᾶν,
2174 1370 2548 1441 interroqare
2566 1376 2623 1423 et

144 1478 316 1533 rogare
333 1444 548 1549 (53:303
579 1462 736 1535 ῥῆμα,
753 1464 994 1521 verbum
1012 1473 1069 1521 et
1085 1480 1178 1521 res
1203 1456 1399 1553 (ἾΞιἹ);
1425 1467 1635 1537 σπέρμα,
1656 1482 1847 1522 semen
1864 1474 1921 1522 et
1936 1466 2133 1538 proles
2160 1455 2343 1546 (UT-qk
2371 1460 2460 1530 εἷς,
2472 1479 2620 1519 unus

143 1582 180 1629 et
193 1578 404 1647 primus
432 1570 615 1671 (7³:323)
647 1588 785 1646 ete.;
815 1582 883 1647 e.)
904 1579 1260 1651 metaphorae
1283 1579 1484 1652 aliique
1505 1580 1654 1653 tropi
1672 1596 1737 1635 ex
1762 1579 2021 1635 hebraica
2039 1576 2393 1650 recipiantur,
2417 1593 2501 1633 ex.
2534 1594 2617 1649 gr.

143 1690 344 1759 ωτήρων,
355 1692 642 1765 poculum
663 1702 718 1748 et
735 1708 860 1749 sors
891 1684 1077 1765 (ῦΊ3);
1105 1694 1329 1767 γλῶσσα,
1349 1694 1561 1767 linqua
1580 1702 1636 1750 et
1652 1696 1825 1751 natio
1844 1674 2041 1780 (35125‘2)
2060 1704 2075 1761 ;
2101 1692 2289 1761 χεῖλος,
2309 1690 2540 1747 labium
2564 1700 2622 1747 et

30 1876 32 1879 y
141 1819 286 1859 sermo
321 1794 516 1891 (npip)
557 1814 700 1875 etc.;
733 1806 992 1863 latissime
1033 1806 1122 1863 hic
1161 1822 1294 1863 usus
1335 1816 1511 1879 patet,
1553 1808 1639 1875 d.)
1666 1807 1897 1879 phrases
1924 1807 2197 1879 quaedam
2238 1807 2621 1863 usitatissimae

30 1966 32 1979 ἶ
140 1906 186 1961 ad
209 1909 414 1966 verbum
443 1911 845 1983 exprimantur,
879 1927 970 1968 ex.
1003 1928 1088 1985 gr.
1116 1914 1379 1983 πρόσωπον
1416 1913 1719 1985 λαμὸάνειν,
1748 1914 1897 1985 ἄρτον
1928 1920 2105 1985 φαγεῖν
2146 1913 2459 1985 (coenare),
2492 1909 2623 1983 αἷμα

141 1994 309 2065 ἐιχέειν,
347 1998 608 2052 ἀνιστάναι
645 2001 835 2071 σπέρμα
877 2000 1000 2065 τινὶ,
1038 2003 1172 2055 πᾶσα
1217 2000 1334 2073 σάρξ
1379 2004 1589 2067 (omnis
1635 2002 1854 2068 homo),
1898 2000 2014 2071 σάρξ
2068 2002 2150 2054 καὶ
2189 1998 2316 2072 αἷμα
2368 2009 2509 2075 etq.;
2548 2005 2621 2066 e.)

139 2098 244 2139 nova
267 2086 526 2143 vocabula
553 2087 838 2159 fingantur
863 2087 935 2144 ad
958 2088 1217 2146 hebraica
1242 2089 1616 2161 exprimenda,
1650 2105 1736 2146 ex.
1768 2106 1853 2162 gr.
1879 2089 2237 2159 ὁλοκαύτωμα,
2266 2088 2538 2141 σκάνδαλον
2566 2095 2624 2143 et

139 2173 454 2242 σκανδαλίζειν,
507 2174 914 2247 ἀναθεματίζειν,
959 2175 1254 2247 ἔγκαινίζειν
1303 2186 1406 2233 etc.
1437 2178 1807 2249 proprietates
1853 2176 2293 2249 grammaticales
2340 2176 2623 2247 pauciores

139 2270 248 2327 mut,
274 2270 513 2319 attamen
563 2264 619 2319 in
661 2264 876 2335 syntaxi
904 2262 1054 2321 haud
1092 2280 1220 2321 raro
1250 2264 1571 2321 hebraizant
1596 2266 1682 2321 vel
1728 2265 2066 2321 aramaizant
2111 2265 2405 2335 scriptores
2448 2264 2617 2327 sacri;

139 2359 264 2419 saepe
301 2352 442 2409 enim
489 2348 568 2407 ad
595 2351 988 2422 exprimendas
1014 2352 1334 2421 relationes,
1367 2368 1502 2425 quas
1532 2354 1649 2411 sola
1673 2368 1831 2409 casus
1858 2353 2090 2409 flexione
2128 2351 2370 2408 indicant
2394 2351 2588 2407 Graeci
2604 2393 2617 2417 ,

139 2432 352 2495 adhibent
395 2439 862 2511 praepositiones3
902 2440 1139 2513 genitivo
1186 2440 1655 2497 substantivorum
1700 2449 1932 2497 utuntur
1976 2457 2076 2513 pro
2122 2439 2401 2496 adiectiv1s
2418 2482 2432 2510 ,
2475 2438 2623 2495 idem

139 2524 416 2583 vocabulum
462 2526 538 2583 ad
581 2526 1020 2584 distributionem
1057 2527 1452 2602 designandam
1490 2537 1749 2601 repetunt
1788 2536 1891 2585 etc.
1933 2530 2114 2598 Quam
2153 2529 2391 2584 maxime
2438 2536 2621 2583 autem

140 2613 368 2671 semiticus
403 2614 700 2671 character
738 2616 796 2671 in
839 2631 906 2673 eo
939 2624 1190 2688 apparet,
1231 2617 1379 2688 quod
1421 2618 1715 2688 scriptores
1746 2618 1993 2689 plerique
2031 2617 2239 2689 graecis
2266 2613 2621 2688 periodorum

140 2702 591 2761 constructionibus
636 2712 730 2759 aut
771 2703 1035 2777 ignoratis
1086 2713 1184 2761 aut
1235 2704 1494 2778 neglectis
1540 2704 1769 2776 phrases
1814 2720 1941 2760 suas
1996 2703 2232 2775 simplici
2276 2704 2361 2756 καὶ
2403 2704 2493 2758 vel
2536 2698 2621 2755 οὖν

141 2789 442 2862 coniungant.
472 2799 740 2848 Attamen
765 2792 822 2847 in
848 2792 1069 2865 linguae
1092 2808 1318 2865 graecae
1345 2794 1584 2863 puritate
1611 2792 1737 2848 libri
1760 2792 1903 2847 sacri
1929 2792 2167 2847 multum
2190 2792 2336 2846 inter
2364 2806 2423 2845 se
2461 2789 2620 2846 diffe-

142 2884 262 2943 runt3
289 2878 404 2936 libri
433 2882 565 2951 Sap.
598 2888 656 2935 et
689 2884 723 2935 2
750 2878 934 2936 Mach.
974 2878 1056 2935 uti
1081 2881 1360 2953 integrum
1388 2882 1456 2937 N.
1488 2883 1554 2936 T.
1593 2879 1827 2936 versioni
1856 2877 2242 2935 alexandrinae
2272 2879 2435 2949 longe
2467 2893 2623 2948 prae-

141 2968 270 3032 stant,
291 2964 346 3021 in
373 2984 481 3040 qua
507 2968 714 3023 iterum
739 2982 942 3041 magna
968 2966 1310 3040 singulorum
1333 2968 1603 3026 librorum
1628 2966 1935 3024 differentia
1962 2975 2063 3022 est.
2088 2968 2239 3022 Inter
2267 2968 2337 3022 N.
2362 2968 2427 3021 T.
2454 2964 2625 3022 libros

141 3049 184 3103 S·
204 3052 364 3110 Lucae
387 3055 748 3128 Evangelium
776 3063 832 3111 et
877 3071 967 3127 ep.
997 3056 1067 3111 ad
1095 3057 1269 3112 Hebr.
1302 3057 1571 3125 eminent,
1604 3064 1771 3128 atque
1808 3054 2166 3127 Apocalypsis
2192 3052 2411 3126 longius
2440 3052 2508 3110 ab
2531 3068 2621 3125 ep.

143 3135 194 3191 ad
211 3140 358 3197 Hebr.
375 3185 390 3207 ‚
423 3158 597 3216 quam
624 3159 657 3198 a
681 3143 1004 3201 melioribus
1031 3141 1418 3200 alexandrinae
1439 3143 1705 3200 versionis
1732 3142 1885 3199 libris
1912 3143 2097 3199 distat.

201 3316 247 3372 4.
273 3349 344 3361 —-
371 3320 642 3379 Demum
665 3320 735 3378 N.
762 3320 831 3378 T.
855 3320 1193 3397 scriptores
1221 3336 1506 3399 graecam
1536 3320 1814 3399 linguam
1841 3319 2030 3380 etiam
2061 3318 2463 3380 christianam
2492 3318 2629 3379 red-

145 3406 390 3473 diderunt
419 3416 642 3475 multis
681 3415 857 3476 novis
885 3416 1199 3477 vocabulis
1236 3417 1802 3495 vocabulorumque
1838 3416 2397 3494 significationibus
2440 3414 2629 3475 intro-

145 3502 331 3580 ductis,
358 3512 592 3588 quibus
624 3511 974 3573 doctrinam
1003 3512 1406 3574 christianam
1431 3514 1871 3592 exprimerent.

197 3626 260 3681 Ex
278 3632 454 3689 multis
473 3648 650 3705 pauca
679 3634 928 3705 exempla
947 3634 1196 3691 attulisse
1218 3634 1422 3691 sufficit
1451 3653 1465 3690 t
1493 3634 1521 3687 ὁ
1548 3636 1723 3706 Λόγος,
1747 3634 1969 3705 Χριστός,
1994 3632 2289 3697 ἀπόστολος,
2317 3630 2627 3704 εὖαγγὲλιον,

149 3710 480 3790 ῑῦαγγελιστής,
522 3720 552 3787 ἢ
590 3720 854 3789 ἐκκλησία,
879 3722 1062 3788 πίστις,
1093 3723 1334 3775 πιστεύειν
1371 3720 1438 3784 εἰς
1474 3722 1709 3793 Χριστόν,
1748 3723 1919 3793 χάρις,
1954 3722 2268 3788 δικαιοσύνη,
2303 3721 2627 3783 δικαιοῦσθαι,

150 3807 322 3873 κνιῦμα,
345 3810 668 3881 πνευματικός
691 3818 800 3867 etc.
829 3818 934 3867 eto.

491 4006 530 4092 5
563 4012 628 4072 5.
657 4042 748 4054 -
773 4008 870 4071 De
898 4016 1174 4106 externa
1209 4005 1392 4073 Novi
1425 4006 1591 4071 Test.
1630 4004 1953 4071 librorum
1985 4006 2235 4093 forma.

215 4204 260 4259 i·
285 4239 355 4251 —
380 4209 662 4287 Apostoli
693 4225 883 4288 opera
909 4224 1018 4269 sua
1044 4226 1170 4269 non
1201 4226 1312 4269 sua
1333 4227 1520 4269 manu
1552 4224 1834 4268 exarasse
1866 4207 1975 4267 sed
2011 4207 2273 4267 dictasse
2304 4204 2628 4277 videntum

161 4292 198 4351 is
222 4302 360 4363 enim
383 4306 786 4383 antiquorum
811 4310 1136 4366 auctorum
1166 4306 1285 4365 suit
1307 4323 1467 4365 mos.
1497 4304 1757 4365 Materia
1784 4309 2025 4377 autem,
2050 4320 2207 4381 quae
2239 4320 2313 4361 eo
2345 4306 2627 4377 tempore

161 4388 300 4455 libris
313 4401 648 4463 scribendis
669 4402 1013 4473 inservivit,
1040 4401 1250 4461 charta
1278 4401 1396 4462 fuit
1419 4418 1769 4479 papyracea
1793 4400 1853 4481 (2
1880 4402 2045 4460 Ioan.
2072 4399 2169 4479 12)
2190 4402 2299 4459 aut
2316 4398 2633 4457 membra-

163 4502 222 4545 na
248 4489 296 4569 (2
327 4498 464 4559 Tim.
497 4498 686 4579 4‚13)‚
720 4516 834 4577 pro
865 4516 986 4577 qua
1015 4516 1178 4559 saec.
1219 4500 1314 4559 10.
1349 4498 1559 4559 charta
1590 4498 1963 4575 bombycina
1991 4500 2056 4556 et
2092 4513 2248 4556 saec.
2279 4496 2377 4555 13.
2420 4493 2635 4554 charta

164 4585 340 4651 exlino
357 4595 629 4657 coniecta
646 4595 931 4656 adhiberi
953 4599 1174 4673 coepta
1194 4599 1310 4655 est.
1334 4595 1682 4656 Literarum
1704 4594 1905 4654 forma
1926 4592 2045 4653 fuit
2064 4590 2327 4652 uncialis
2343 4608 2356 4663 ;
2379 4590 2633 4652 ineunte

165 4686 330 4747 autem
349 4707 500 4753 saec.
528 4694 585 4753 9.
617 4693 806 4753 etiam
834 4691 1218 4753 minusculae
1248 4692 1312 4750 in
1342 4691 1664 4752 codicibus
1691 4692 1881 4751 sacris
1909 4690 2392 4769 usurpabantur.
