3050 5184
361 300 476 360 506
559 317 634 360 na
675 317 814 362 Novi
861 317 1027 362 Tesr.
1060 317 1252 360 umus
1293 315 1643 360 msronxcis.
1677 332 1758 342 —
1792 316 1921 360 car.
1963 317 2060 360 111.
2096 317 2170 360 os
2214 318 2449 368 omn-ro
2492 315 2831 360 emmeno.

427 449 667 504 Nomina
727 449 964 505 istorum
1025 449 1432 504 haereticorum
1494 449 1689 502 Patres
1750 447 1990 503 afferunt
2041 449 2118 514 (S.
2169 449 2331 503 Hier.
2383 446 2453 503 de
2507 447 2631 502 Vir.
2699 447 2771 502 ill.
2814 451 2867 506 92

357 537 416 590 S.
457 535 673 609 Epiph..
715 537 884 592 Haer.
931 541 1124 604 51,12;
1158 541 1352 603 69,23;
1393 536 1452 591 S.
1498 541 1649 590 Iren.
1692 550 1739 590 c.
1786 537 1953 591 Haer.
1993 537 2097 593 111.
2132 541 2191 590 11
2228 540 2389 604 etc.),
2430 534 2635 606 quibus
2666 532 2873 590 testibus

357 622 728 692 Corinthiam,
759 622 1078 692 Ebionitae,
1121 623 1426 678 Nicolaitae
1453 622 1514 677 in
1552 637 1619 678 eo
1644 622 2049 691 consenserint,
2081 621 2235 694 quod
2268 625 2451 678 Iesum
2475 623 2624 678 inter
2651 630 2709 677 et
2735 619 2872 677 Chri-

359 717 504 764 stum
537 711 842 782 Filiumque
871 711 976 766 Dei
1000 711 1405 782 distinguentes
1434 715 1484 776 (α
1521 710 1617 780 qui
1644 709 1869 766 solvunt
1907 711 2091 767 Iesum
2122 731 2147 762 n
2186 716 2210 766 1
2248 714 2420 766 Ioan.
2450 716 2567 775 4‚3)
2600 709 2783 764 lesum
2802 707 2873 763 di-

357 806 547 853 cerent
577 815 798 854 merum
826 798 1109 854 hominem
1140 798 1334 867 fuisse,
1385 797 1634 853 Verbum
1662 806 1849 854 autem
1893 811 2012 854 esse
2054 798 2408 854 incarnatum
2449 797 2765 868 Filiumque
2790 795 2873 850 Dei

359 883 416 938 in
455 901 624 941 carne
661 887 871 942 venisse
911 894 1198 952 negarent.
1238 888 1400 941 quta
1437 885 1769 941 Corinthum
1797 885 2053 942 Christus
2080 901 2207 942 cum
2238 888 2363 942 lesu
2391 901 2508 942 sese
2526 885 2591 940 in
2616 884 2878 970 baptismo

359 973 661 1041 coniunxit,
685 973 783 1028 sed
799 981 927 1029 ante
951 972 1266 1045 passionem
1286 974 1355 1030 ab
1377 989 1443 1029 eo
1462 973 1727 1041 avolavit,
1750 981 1813 1028 ut
1828 976 1983 1029 lesus
2001 973 2153 1030 solus
2170 973 2241 1029 sit
2260 988 2478 1045 passus;
2497 973 2653 1028 iuxta
2674 971 2875 1027 Ebioni—

359 1069 460 1126 ωε,
481 1062 573 1131 qui
591 1077 686 1132 per
697 1061 984 1132 antiquam
995 1063 1205 1133 Legem
1219 1060 1505 1116 iustificari
1527 1062 1843 1129 voluerunt,
1868 1063 2023 1118 Iesus
2038 1061 2203 1131 Legis
2221 1060 2602 1117 observatione
2618 1059 2793 1116 factus
2808 1069 2877 1114 est

356 1147 608 1204 Christus
631 1157 738 1204 etc.
763 1148 866 1214 (cl‘r
882 1148 1208 1220 Philosoph.
1235 1150 1363 1205 vu.
1392 1155 1480 1205 33.
1513 1155 1612 1216 343
1640 1149 1695 1204 S.
1730 1153 1887 1204 Ireu.
1915 1165 1961 1204 c.
1992 1151 2160 1204 Haer.
2190 1150 2233 1203 Ι.
2258 1156 2355 1218 26;
2387 1147 2445 1204 S.
2467 1147 2693 1220 Epiple.
2722 1149 2873 1203 Haer.

357 1241 477 1305 28,1
526 1240 678 1304 etc.).
711 1236 1105 1292 Gnosticorum
1151 1252 1408 1292 errorum
1449 1236 1608 1292 initia
1656 1237 1715 1292 in
1758 1245 2009 1308 tempore
2050 1236 2355 1307 apostolico
2398 1235 2719 1308 quaerenda
2754 1251 2873 1292 esse.

357 1338 550 1378 omnes
577 1324 912 1380 recentiores
941 1323 1206 1395 epistolae
1231 1323 1633 1395 Apostolorum
1660 1323 1993 1390 ostendunt,
2018 1333 2076 1379 et
2116 1341 2183 1380 ex
2222 1323 2553 1396 Apocalypsi
2589 1327 2723 1392 (2‚2.
2756 1331 2807 1380 6.
2830 1327 2873 1377 9.

362 1416 425 1465 14
449 1415 580 1478 etc.)
605 1421 852 1483 apparet,
884 1428 1052 1483 quam
1077 1412 1190 1468 late
1215 1412 1472 1468 haereses
1500 1412 1561 1466 in
1584 1412 1716 1467 Asia
1742 1413 1875 1468 Min.
1911 1410 2114 1476 fuerint
2136 1427 2375 1482 sparsae.

429 1499 624 1570 ltaque
647 1502 704 1556 S.
735 1501 975 1556 Ioannes
1004 1515 1166 1556 suum
1196 1500 1399 1556 librum
1431 1500 1681 1572 scripsit,
1714 1515 1830 1555 non
1856 1515 1987 1556 eum
2014 1499 2241 1571 quidem
2274 1501 2333 1556 in
2364 1499 2530 1556 linem
2548 1543 2563 1569 ,
2594 1509 2659 1555 ut
2686 1498 2875 1556 directe

356 1601 452 1642 eos
471 1586 767 1657 refutaret,
799 1586 896 1642 sed
922 1596 986 1642 ut
1011 1587 1356 1644 Christianos
1385 1597 1580 1643 contra
1608 1603 1703 1643 eos
1734 1587 2128 1658 praemuniret.
2168 1587 2315 1644 Hinc
2348 1589 2407 1642 in
2434 1588 2733 1659 magnifico
2760 1603 2874 1660 pro-

356 1674 483 1746 logo
510 1674 755 1730 Verbum
783 1689 1008 1730 carnem
1049 1674 1254 1730 factum
1278 1690 1396 1730 esse
1427 1674 1609 1742 docet,
1641 1683 1699 1730 et
1720 1683 1915 1732 contra
1952 1675 2279 1732 Cerinthum
2308 1675 2580 1744 ostendit,
2610 1677 2731 1732 iam
2764 1683 2877 1731 ante

353 1760 720 1832 baptismum,
751 1762 811 1818 in
834 1778 944 1832 quo
973 1761 1068 1817 ille
1109 1763 1294 1817 Iesum
1321 1770 1379 1818 et
1404 1763 1691 1818 Christum
1710 1763 1892 1818 unitos
1920 1778 2040 1820 esse
2060 1763 2323 1831 asseruit,
2356 1765 2539 1818 Iesum
2569 1763 2877 1820 FiliumDei

355 1864 474 1904 esse
503 1849 751 1920 agnitum
777 1851 944 1918 (l,l5.
974 1855 1178 1916 29-34).
1203 1849 1346 1906 Hinc
1366 1859 1693 1921 argumenta
1720 1866 1819 1906 sua
1838 1891 1853 1918 ,
1886 1867 2029 1923 quae
2040 1850 2364 1906 Christianis
2390 1852 2506 1906 iam
2540 1851 2599 1906 in
2618 1849 2731 1908 fide
2756 1866 2875 1908 eon-

355 1937 590 1992 firmatis
617 1934 940 2005 destinavit,
965 1953 1030 1993 ex
1051 1937 1222 2008 ipsius
1242 1936 1444 1993 Christi
1467 1938 1647 1994 verbis
1674 1937 2181 2010 Apostolorumque
2199 1936 2327 1994 fidei
2345 1938 2783 2010 professionibus
2796 1938 2876 1992 de-

352 2024 566 2079 sumsit.
593 2024 741 2080 Hinc
765 2023 835 2080 de
858 2025 976 2080 sola
998 2024 1112 2081 sere
1131 2024 1336 2080 Christi
1362 2040 1597 2095 persona
1618 2027 1749 2098 agit,
1770 2040 1950 2097 neque
1966 2025 2119 2082 aliud
2134 2025 2379 2082 officium
2404 2024 2659 2082 debitum
2674 2035 2876 2097 praeter

355 2111 520 2168 iidem
548 2112 791 2168 inculcat
815 2112 875 2167 in
899 2115 1086 2168 lesum
1113 2112 1394 2169 Christum
1418 2112 1620 2168 Filium
1640 2113 1775 2182 Dei,
1813 2133 1837 2162 α
1870 2122 1933 2170 ut
1949 2112 2239 2169 credentes
2258 2113 2422 2169 vitam
2444 2113 2691 2170 habeant
2714 2115 2770 2169 in
2786 2129 2875 2169 no·

351 2199 501 2254 mine
529 2200 646 2256 eius
674 2221 726 2256 n.
759 2199 906 2256 Hinc
941 2208 1136 2256 contra
1163 2199 1547 2258 cerinthianos
1586 2200 1647 2256 in
1670 2201 1913 2272 patiente
1948 2209 2005 2257 et
2039 2202 2311 2258 moriente
2354 2202 2481 2258 Iesu
2507 2202 2605 2257 illa
2635 2203 2873 2258 vaticinia

353 2287 580 2359 impleta
618 2303 738 2342 esse
763 2287 952 2354 docet,
986 2303 1128 2360 quae
1154 2288 1223 2344 de
1251 2287 1471 2344 Christo
1509 2289 1791 2358 praedicta
1826 2295 2013 2356 erant,
2046 2297 2102 2345 et
2132 2297 2193 2344 ut
2222 2289 2609 2345 Ebionitarum
2640 2305 2875 2346 errorem

351 2383 706 2446 praecaveat,
739 2390 866 2430 cum
895 2375 1084 2446 aliquo
1126 2374 1390 2445 despectu
1417 2375 1488 2432 de
1523 2396 1548 2426 α
1579 2378 1731 2448 Lege
1760 2397 1785 2426 n
1822 2376 2086 2448 loquitur,
2121 2384 2395 2448 quatenus
2436 2377 2507 2433 ab
2544 2377 2658 2434 illis
2698 2393 2874 2434 neces-

351 2463 497 2518 saria
525 2461 872 2519 credebatur.
917 2463 1062 2518 Hinc
1091 2463 1258 2519 etiam
1283 2461 1424 2520 illud
1451 2463 1778 2535 explicatur,
1812 2479 1913 2520 cur
1949 2463 2095 2535 apud
2128 2466 2182 2520 S.
2217 2466 2485 2521 Ioannem
2518 2485 2545 2515 α
2576 2466 2825 2522 Christus
2850 2486 2871 2516 ι

353 2558 408 2604 et
443 2570 468 2601 α
495 2550 663 2605 Filius
685 2551 790 2607 Dei
819 2571 845 2603 υ
877 2567 1052 2606 unum
1081 2550 1342 2622 idemque
1363 2560 1563 2607 sonent
1590 2559 1757 2622 atque
1785 2551 2011 2607 nomina
2041 2551 2178 2608 haec
2206 2551 2353 2608 inter
2379 2567 2439 2608 se
2466 2562 2871 2625 permutentur:

349 2638 782 2694 messianitatem
823 2639 972 2694 enim
1003 2654 1068 2694 eo
1110 2653 1302 2706 sensu,
1335 2655 1444 2710 quo
1475 2654 1597 2694 eam
1636 2638 1953 2694 Matthaeus
1983 2638 2485 2708 demonstraverat,
2519 2643 2757 2698 loannes
2790 2640 2875 2695 de·

349 2734 660 2782 monstrare
689 2727 889 2795 noluit,
919 2725 1017 2782 sed
1054 2727 1382 2799 praecipuus
1423 2727 1542 2782 eius
1565 2726 1689 2782 finis
1719 2726 1849 2796 fuit,
1882 2734 1945 2782 ut
1969 2725 2304 2794 ostenderet,
2338 2728 2523 2783 Iesum
2546 2744 2669 2784 esse
2692 2745 2873 2785 venun

349 2821 406 2869 et
432 2814 722 2885 proprium
749 2813 848 2870 Dei
880 2815 1110 2885 Filium,
1145 2813 1241 2886 qui
1267 2830 1398 2870 caro
1426 2814 1601 2870 factus
1630 2814 1899 2870 habitavit
1926 2814 1985 2870 in
2013 2814 2192 2870 nobis.

349 2983 353 2988 ⁴
429 2985 522 3042 10.
555 3015 637 3027 -
669 2983 848 3043 Certa
875 2999 1129 3061 quoque
1161 2986 1256 3042 est
1285 2984 1539 3042 Petrum
1568 2983 1856 3058 traditio,
1892 3000 2054 3060 quae
2098 2983 2244 3043 libri
2284 2983 2500 3045 indole
2546 2989 2871 3047 confirma-

349 3084 470 3149 tur,
505 3077 564 3140 S.
598 3079 892 3139 Ioannem
920 3079 1256 3157 Evangelia
1285 3079 1615 3158 synoptica
1644 3079 1981 3140 lectoribus
2011 3080 2145 3140 suis
2179 3081 2431 3160 cognita
2470 3084 2873 3161 supposuisse

349 3191 548 3250 eaque
580 3192 696 3234 suo
725 3175 891 3235 libro
921 3175 1138 3236 addito
1167 3175 1482 3254 complere
1511 3176 1807 3236 voluisse.

416 3295 620 3350 Mirum
659 3294 890 3352 forsitan
915 3297 1239 3353 nonnemini
1275 3296 1550 3368 videatur,
1582 3297 1731 3370 quod
1760 3299 1815 3354 S.
1856 3300 2122 3368 IoanneS,
2154 3300 2199 3354 si
2226 3297 2574 3357 divinitatem
2622 3303 2748 3360 lesu
2792 3301 2877 3357 de·

345 3392 658 3439 monstrare
688 3393 742 3438 et
771 3392 963 3440 contra
999 3384 1308 3442 haereticos
1333 3385 1617 3442 vindicare
1658 3384 1922 3457 voluerit,
1954 3393 2039 3442 tot
2074 3389 2358 3457 praeclara
2384 3387 2695 3447 divinitatis
2736 3390 2881 3447 testi-

345 3472 530 3526 monia
571 3487 602 3526 a
639 3473 948 3544 Synopticis
991 3473 1156 3529 allata
1198 3474 1360 3544 plane
1397 3474 1860 3542 praetermiserit3
1902 3482 2150 3530 attamen
2190 3475 2381 3532 mirari
2418 3479 2681 3549 cessabit,
2720 3478 2769 3534 si
2806 3487 2877 3534 at-

345 3557 616 3628 tenderit,
664 3559 815 3614 iuxta
866 3562 1186 3617 unanimem
1230 3559 1591 3617 traditionem
1644 3562 1877 3617 Patrum
1928 3562 2333 3634 Evangelistam
2389 3565 2879 3635 praedecessorum

346 3662 574 3703 suorum
604 3647 772 3703 libros
810 3649 1132 3720 cognovisse
1174 3656 1340 3721 atque
1367 3665 1401 3705 a
1434 3649 1715 3720 discipulis
1757 3658 2015 3722 rogatum
2054 3667 2149 3706 eos
2176 3667 2278 3707 suo
2306 3655 2607 3724 Evangelio
2636 3657 2881 3728 comple-

343 3736 504 3791 visse.
545 3755 570 3786 α
608 3737 870 3805 loanneS,
899 3735 1079 3808 inquit
1112 3737 1593 3816 Clemens'Aleae„
1625 3753 1797 3809 quum
1840 3737 2053 3794 videret
2076 3739 2136 3794 in
2176 3739 2413 3794 aliorum
2440 3741 2757 3813 Evangeliis
2798 3758 2880 3800 ea.

353 3839 492 3893 quae
533 3823 603 3878 ad
651 3839 851 3894 corpus
897 3825 1198 3896 pertinent,
1245 3825 1446 3880 tradita
1489 3841 1637 3895 esse,
1670 3841 1703 3881 a
1735 3824 2095 3882 familiaribus
2141 3834 2365 3897 rogatus
2410 3827 2635 3885 afflatus
2678 3831 2885 3902 Spiritu

350 3911 402 3966 S.
432 3911 717 3983 spirituale
745 3912 1105 3984 Evangelium
1133 3913 1457 3985 conscripsit
1485 3933 1509 3966 »
1539 3915 1689 3980 (Eus.
1726 3916 1799 3968 H.
1832 3915 1895 3969 Ε.
1923 3915 2021 3970 vl.
2056 3917 2175 3983 14),
2206 3915 2404 3970 similia
2432 3915 2685 3974 referunt
2708 3923 2885 3974 Euse-

353 3999 477 4054 bius
505 4002 596 4066 (H.
624 4003 687 4055 E.
719 4001 817 4056 111.
846 4005 957 4067 24),
985 4004 1042 4057 S.
1067 4001 1374 4074 Ephraem
1399 4003 1628 4073 (Evang.
1657 4000 1921 4057 concord.
1952 4017 2139 4072 expos.
2167 4018 2223 4073 p.
2250 4009 2397 4070 286),
2422 4003 2480 4058 S.
2507 4006 2887 4076 Epiphanius

351 4089 540 4150 (Haer.
583 4092 797 4156 51,12),
828 4092 886 4144 S.
931 4089 1322 4160 Hieronymus
1365 4087 1454 4160 (de
1499 4089 1613 4144 Vir.
1660 4089 1739 4145 ill.
1784 4095 1839 4157 9)
1886 4089 2107 4160 aliique.
2152 4095 2236 4145 Ac
2274 4090 2522 4163 profecto
2568 4094 2883 4164 saepissime

347 4175 403 4230 S.
437 4177 672 4231 Ioannes
697 4177 772 4232 ita
801 4176 1070 4248 loquitur,
1099 4184 1160 4232 ut
1185 4176 1345 4248 plane
1386 4193 1500 4231 non
1541 4177 1901 4250 intelligatur,
1932 4178 2043 4234 nisi
2069 4179 2281 4249 reliqua
2305 4180 2600 4252 Evangelia
2640 4183 2749 4237 sint
2784 4193 2882 4234 co·-

350 4262 520 4334 gnita.
564 4265 718 4319 lesus
755 4279 786 4318 a
826 4263 1075 4336 Philippo
1112 4272 1168 4319 et
1208 4280 1240 4319 a
1269 4264 1487 4321 ludaeis
1529 4273 1757 4320 vocatur
1798 4265 1963 4332 tilius
2004 4267 2214 4338 Ioseph
2254 4267 2479 4340 eiusque
2519 4276 2699 4325 mater
2726 4268 2875 4322 velut

346 4349 563 4422 cognita
603 4349 971 4408 introducitur
1010 4353 1184 4423 (1,⁴6;
1226 4359 1382 4422 6,42;
1406 4357 1551 4422 2,1),
1580 4367 1760 4424 neque
1792 4361 1981 4410 tamen
2018 4353 2178 4410 ullibi
2203 4357 2441 4411 Ioannes
2462 4354 2533 4412 de
2556 4353 2871 4428 parentibus

348 4439 472 4492 lesu
503 4437 705 4494 diserte
743 4440 1007 4510 loquitur.
1055 4441 1135 4496 Ut
1177 4441 1435 4513 explicet,
1465 4441 1591 4512 quis
1617 4442 1687 4496 sit
1727 4443 2001 4506 Lazarus,
2040 4457 2168 4498 eum
2208 4441 2281 4498 de
2316 4445 2543 4500 castello
2572 4444 2772 4500 Mariae
2812 4449 2867 4494 et

345 4525 600 4580 Marthae
623 4527 827 4581 sororis
855 4529 972 4582 eius
997 4527 1160 4583 fuisse
1185 4529 1318 4584 dicit
1342 4533 1510 4597 (lm)
1525 4569 1543 4597 ,
1568 4529 1666 4585 sed
1691 4545 1965 4602 quaenam
1990 4530 2195 4586 fuerint
2214 4530 2342 4586 illae
2366 4546 2611 4600 sororeS,
2638 4533 2865 4588 lectores

344 4626 412 4664 ex
453 4611 633 4666 Lucae
675 4615 972 4685 Evangelio
1013 4614 1154 4671 scire
1195 4615 1415 4672 debent.
1457 4621 1541 4672 De
1586 4638 1613 4668 (t
1664 4617 1978 4674 duodecim
2029 4641 2054 4670 ιι
2098 4619 2215 4674 sine
2252 4620 2369 4675 ullo
2410 4619 2598 4676 addito
2626 4618 2865 4691 loquitur
