3050 5184
866 902 1702 1000 DISSERTATIO
1778 905 2034 1000 VIII.

680 1213 767 1277 DE
810 1213 1049 1278 LIBRIS
1091 1213 1485 1280 DIDAG'I'IGIS
1526 1213 1698 1280 novl
1737 1213 2209 1278 TESTAMENTI.

1252 1759 1547 1826 CAPUT
1594 1759 1652 1825 Ι.

559 1991 653 2041 DE
694 1990 1073 2041 EPISTOLIS
1114 1990 1464 2042 PAULINIS
1504 1989 1878 2042 UNIVERSE
1921 1988 2335 2040 SPECTATIS.

618 2200 653 2284 ξ
688 2207 749 2265 1.
784 2237 873 2246 -—
900 2203 994 2265 De
1023 2201 1095 2267 S.
1136 2201 1369 2280 Pauli,
1398 2200 1700 2287 qentz‘um
1739 2197 2075 2288 Apostoli,
2109 2197 2272 2263 vita.

255 2415 315 2470 1.
339 2443 421 2453 —
444 2432 471 2461 «
505 2410 749 2484 SauluS,
783 2411 895 2488 qui
925 2414 988 2470 et
1018 2411 1241 2470 Paulus
1274 2434 1303 2464 ³>
1330 2409 1487 2488 (Act.
1516 2408 1680 2487 13,9)
1711 2409 1886 2468 Tarsi
1913 2409 1978 2468 in
2001 2407 2219 2468 Cilicia
2242 2409 2407 2468 circa
2425 2427 2479 2467 a.
2507 2411 2562 2468 3.
2589 2425 2713 2468 aer.

180 2508 348 2583 vulg.
384 2509 570 2566 natus
604 2511 699 2566 est
724 2524 799 2566 ex
828 2507 1097 2580 familia,
1132 2523 1293 2583 quae
1320 2523 1395 2564 ex
1423 2505 1596 2564 tribu
1624 2505 1954 2566 Beniamin
1979 2503 2248 2564 oriunda
2277 2509 2485 2564 sectae
2515 2505 2719 2582 phari-

180 2603 383 2676 saicae
426 2607 555 2661 erat
594 2601 846 2662 addicta
888 2606 1077 2680 atque
1117 2619 1375 2662 romana
1422 2602 1676 2662 civitate
1717 2606 1847 2661 erat
1888 2601 2137 2661 donata.
2178 2603 2245 2660 In
2289 2601 2490 2678 patria
2521 2601 2718 2660 literis

176 2699 448 2775 graeciS,
489 2702 557 2759 ut
584 2699 856 2771 videtur,
893 2699 1171 2759 imbutus
1200 2699 1325 2758 iam
1361 2715 1519 2776 puer
1560 2698 1946 2775 lerosolyma
1975 2697 2175 2769 venit,
2201 2699 2270 2756 ut
2299 2697 2478 2772 Legis
2510 2696 2718 2756 studio

178 2798 456 2869 ηοω-εἰς
488 2799 552 2854 at
574 2796 725 2856 dum
754 2795 833 2854 ad
864 2795 1057 2873 pedes
1088 2795 1443 2855 Gamalielis
1470 2812 1608 2854 eam
1639 2795 1760 2854 sibi
1790 2793 2153 2870 acquirebat
2177 2792 2479 2851 librorum
2510 2809 2720 2852 sacro-

179 2909 323 2952 rum
364 2891 729 2964 scientiam,
764 2908 955 2970 quam
1000 2891 1079 2950 in·
1106 2893 1241 2952 eius
1272 2891 1556 2969 epistolis
1600 2907 1821 2950 omnes
1858 2890 2268 2960 admirantur,
2300 2888 2584 2965 magistri
2623 2890 2715 2947 sui

180 2987 735 3048 mansuetudinem
761 2992 825 3047 et
848 2987 1350 3047 moderationem
1382 3005 1529 3064 erga
1565 2985 1948 3047 Christianos
1978 3003 2103 3046 non
2133 2985 2415 3044 imitatus
2456 3005 2484 3038 «
2526 2985 2720 3044 abun-

182 3085 434 3145 dantius
478 3085 782 3143 exsistens
825 3083 1174 3144 aemulator
1200 3089 1600 3162 paternarum
1643 3100 1898 3144 suarum
1938 3081 2352 3141 traditionum
2385 3103 2415 3135 »
2469 3103 2498 3134 «
2532 3097 2720 3157 supra

180 3181 445 3241 modum
474 3181 813 3240 Ecclesiam
842 3180 953 3239 Dei
983 3181 1481 3258 persequebatur
1502 3202 1532 3234 »
1560 3178 1724 3259 (Gal.
1751 3180 1914 3250 1,14.
1945 3177 2043 3256 15)
2063 3196 2077 3249 ;
2099 3181 2423 3254 tamquam
2442 3177 2718 3254 synedrii

181 3279 421 3356 legatus
472 3279 641 3337 enim
690 3277 978 3336 interfuit
1023 3276 1322 3338 occisioni
1368 3275 1431 3334 S.
1480 3275 1810 3353 Stephani,
1858 3275 2091 3335 multos
2137 3273 2516 3334 Christianos
2563 3274 2722 3333 iero·

182 3375 595 3451 solymitanos
639 3374 703 3434 in
751 3373 1000 3433 vincula
1046 3372 1318 3433 coniecit
1347 3389 1584 3449 eosque
1624 3389 1818 3448 usque
1863 3373 1925 3430 in
1965 3375 2206 3430 exteras
2243 3369 2532 3434 civitates
2571 3387 2719 3430 con-

182 3475 461 3532 sectatus
494 3474 611 3530 est.

250 3594 402 3648 Num
452 3591 701 3664 gentium
749 3591 1082 3663 ApostoluS‚
1124 3590 1264 3646 sicut
1308 3589 1470 3648 multi
1517 3588 1709 3645 Iudaei
1758 3589 1913 3644 istius
1961 3589 2185 3656 aetatis,
2233 3604 2263 3642 a
2304 3602 2476 3660 puero
2522 3587 2724 3658 duplex

184 3697 387 3737 nomen
406 3681 585 3735 Sauli
612 3690 667 3735 et
688 3681 874 3736 Pauli
897 3678 1156 3735 habuerit
1177 3694 1350 3735 necne
1364 3721 1377 3748 ,
1402 3679 1459 3732 in
1480 3676 1852 3733 controversia
1874 3685 2141 3731 versatur.
2170 3679 2432 3730 Attamen
2459 3677 2510 3730 S.
2545 3677 2724 3729 ‚Lucas

186 3768 421 3839 duplicis
448 3768 687 3823 nominis
714 3769 1057 3824 mentionem
1082 3775 1198 3823 tam
1236 3776 1387 3823 arcte
1416 3781 1546 3821 cum
1573 3765 1745 3836 Sergii
1776 3763 1961 3831 Pauli,
1992 3763 2338 3834 proconsulis
2371 3762 2561 3833 Cypri,
2589 3777 2722 3816 con-

188 3857 437 3912 versione
477 3857 781 3923 connectit,
829 3865 892 3912 ut
932 3855 1021 3910 vix
1059 3853 1291 3910 dubium
1334 3869 1452 3909 esse
1491 3852 1696 3924 possit,
1729 3850 1864 3922 quin
1891 3849 1986 3905 illa
2014 3849 2073 3905 in
2101 3848 2386 3904 occasione
2427 3848 2726 3916 Apostolus

188 3944 429 4000 alterum·
446 3959 653 3998 nomen
678 3944 1017 4010 assumserit,
1046 3944 1161 3997 sive
1184 3951 1245 3997 ut
1264 3941 1594 3998 memoriam
1613 3947 1804 3995 tantae
1832 3937 2093 3994 victorIae
2121 3936 2328 3991 relatae
2351 3935 2454 4002 (cl'r
2473 3936 2532 3990 S.
2554 3937 2721 3990 Hier.

188 4032 243 4086 in
260 4031 493 4087 Philem.
532 4038 592 4101 13
622 4031 689 4088 de
715 4032 836 4088 Vir.
863 4032 941 4087 ill.
974 4035 1028 4098 5>
1054 4038 1423 4098 conservaret,
1451 4030 1566 4085 sive
1590 4028 1773 4100 potius
1795 4034 1858 4081 ut
1879 4025 2103 4080 nomine
2127 4022 2474 4094 proconsulis
2501 4031 2725 4093 accepto

190 4135 248 4175 se
280 4120 399 4176 eius
441 4121 597 4192 quasi
631 4121 890 4176 clientem
934 4118 1307 4191 profiteretur,
1352 4116 1407 4171 id
1450 4117 1601 4189 quod
1641 4131 1833 4172 coram
1873 4110 2287 4184 magistratibus
2327 4111 2570 4165 romanis
2609 4125 2722 4164 non

190 4223 387 4278 parvae
418 4209 469 4264 ei
496 4208 749 4264 utilitatis
781 4206 1011 4263 forsitan
1038 4205 1221 4261 fucrit.
1252 4206 1541 4261 Familiam
1571 4219 1728 4260 suam
1757 4199 2099 4273 pharisaicae
2129 4207 2310 4254 sectae
2338 4197 2506 4252 fuisse
2531 4195 2722 4253 addic-

190 4303 302 4350 tam
330 4305 497 4368 atque
526 4311 594 4352 ex
635 4295 783 4351 tribu
826 4295 1110 4350 Beniamin
1140 4293 1450 4359 oriundam,
1484 4293 1602 4364 ipse
1630 4298 1863 4346 testatur
1887 4285 2051 4354 (Phil.
2100 4290 2240 4354 3‚5)‚
2273 4284 2508 4356 ideoque
2535 4288 2725 4340 Patres

196 4384 509 4440 vaticinium
532 4383 829 4440 iacobeum
850 4381 921 4439 de
947 4382 1268 4437 Beniamino
1294 4382 1422 4452 lupo
1448 4394 1646 4451 rapace
1669 4381 1835 4444 (Gen.
1867 4375 2053 4444 49,27)
2083 4374 2399 4444 frequenter
2421 4372 2492 4428 de
2513 4373 2610 4428 illo
2637 4389 2726 4428 ex-

198 4470 401 4541 plicant
434 4474 613 4542 (Tere.
646 4487 694 4526 c.
728 4473 901 4526 Marc.
935 4473 1005 4527 V.
1040 4479 1099 4540 ις
1140 4471 1198 4526 S.
1238 4470 1505 4526 Ambros.
1556 4467 1624 4524 de
1661 4463 1866 4521 Bened.
1907 4460 2212 4519 Patriarch.
2255 4469 2347 4531 123
2382 4461 2438 4517 S.
2472 4462 2638 4516 Hier.
2672 4461 2730 4517 in

197 4561 289 4614 Os.
311 4566 364 4627 5,
386 4565 447 4630 83
476 4559 667 4632 Rufin.
690 4559 899 4616 Bened.
926 4559 1173 4616 Beniam.
1202 4565 1265 4627 23
1292 4560 1349 4615 S.
1381 4563 1538 4629 Any.
1569 4557 1747 4612 Serm.
1779 4557 1940 4623 279‚1
1973 4553 2121 4618 etc.).
2151 4549 2517 4620 Quandonam
2548 4560 2728 4605 autem

1414 4657 1503 4700 5:317
