3050 5184
830 332 904 375 ns
948 330 1101 375 uem
1142 328 1561 373 nectasrasran
1605 331 2038 381 moroan-Am.
2582 318 2700 377 339

146 465 422 519 stt-atione
446 462 613 519 bodie
643 479 755 519 non
781 462 1017 533 amplius
1042 459 1281 532 indigen
1310 490 1383 501 -—
1405 474 1586 531 neque
1617 461 1690 528 b.)
1719 463 1906 519 minus
1931 465 2144 522 clarum
2173 474 2276 535 est,
2317 480 2447 522 cum
2472 481 2586 521 non
2614 464 2695 519 sa-

148 553 293 607 visse
320 552 711 624 Seeptict‘smO,
738 564 908 623 quum
937 550 1221 605 scientiam
1258 546 1469 603 diceret
1497 562 1698 603 vanam
1737 554 1851 618 (1,ss
1887 566 2043 624 sqq.;
2083 559 2206 621 6‚8;
2242 584 2314 595 —
2337 558 2429 617 3‚9
2456 568 2611 625 sqq.;
2639 560 2692 621 8,

152 649 219 695 16
244 644 393 711 sq.);
418 641 633 711 integer
654 640 803 695 enim
828 636 971 693 liber
999 636 1184 702 docet,
1205 645 1425 691 nostras
1452 636 1798 709 cognitiones
1819 639 1876 694 in
1904 638 2136 697 dubium
2177 656 2288 697 non
2316 640 2529 709 vocari,
2570 639 2698 696 licet

146 728 315 798 plena
362 726 717 801 perfectaque
753 726 981 783 scientia
1027 724 1243 779 homini
1277 731 1540 795 negetur,
1573 754 1646 765 -
1690 730 1763 792 c.)
1805 742 1984 799 neque
2024 732 2442 786 aeternitatem
2483 729 2698 783 mundi

144 822 286 884 (1‚9.
320 820 409 883 1⁰)
433 823 531 871 aut
559 816 963 871 stabilitatem
994 818 1191 867 terrae
1214 815 1349 879 (1‚4)
1379 811 1561 878 docet,
1595 828 1724 868 nam
1753 812 1824 868 dc
1855 814 2032 885 prima
2063 832 2248 871 rerum
2276 816 2556 872 creatione
2581 832 2695 871 non

144 904 423 975 loquitur,
454 902 553 958 sed
579 901 649 957 de
678 916 867 957 rerum
902 898 1280 956 exsistentium
1317 899 1691 971 continuoque
1726 900 1830 957 sibi
1864 902 2277 969 succedentium
2305 902 2693 959 vicissitudini·-

144 990 275 1047 buS.
306 1022 383 1033 —-
407 990 493 1059 d.)
514 988 946 1046 Materialismi
970 994 1261 1043 accusatur
1290 995 1505 1051 auctor,
1532 1002 1598 1042 eo
1627 986 1776 1059 quod
1801 989 1972 1061 animi
1991 990 2466 1075 immortalitatem
2491 1006 2696 1063 negare

146 1094 255 1133 nec
284 1078 463 1133 ullam
486 1078 635 1133 inter
656 1076 946 1133 hominum
970 1074 1383 1145 bestiarumque
1409 1073 1700 1130 interitum
1727 1073 2098 1133 differentiam
2126 1094 2426 1150 agnoscere
2445 1077 2696 1133 videatur

144 1166 441 1236 (3,19-21).
470 1168 595 1221 Duo
626 1164 841 1236 priores
868 1160 1093 1235 quidem
1120 1176 1311 1217 versus
1336 1161 1626 1217 evidenter
1651 1160 1722 1217 de
1751 1163 1870 1219 sola
1899 1173 2124 1221 externa
2153 1166 2474 1237 apparentia
2503 1174 2693 1237 agunt,

144 1263 207 1308 at
234 1252 645 1309 dubitationem
674 1254 871 1308 saltem
898 1250 969 1306 dc
992 1248 1411 1305 immortalitate
1436 1248 1748 1319 exprimere
1777 1250 1994 1307 videtur
2019 1252 2236 1321 tertius,
2268 1269 2434 1324 quem
2468 1255 2523 1309 S.
2555 1254 2692 1308 Hie-

146 1356 421 1415 ronymus
453 1342 617 1397 vertit
641 1362 653 1395 :
683 1362 709 1390 α
740 1340 883 1413 Quis
904 1340 1085 1407 novit,
1115 1338 1171 1392 si
1196 1336 1445 1409 spiritns
1472 1336 1738 1405 filiorum
1764 1338 1968 1395 Adam
1995 1340 2276 1398 ascendat
2298 1356 2536 1397 sursum
2563 1341 2696 1396 etsi

142 1431 402 1497 spiritns
434 1432 827 1485 iumentorum
874 1424 1197 1481 descendat
1224 1424 1545 1479 deorsum?
1588 1445 1612 1477 ι
1657 1425 1952 1483 caietanus
1995 1427 2198 1500 aliique
2241 1428 2347 1485 boc
2392 1427 2694 1485 concedere

148 1532 263 1571 non
306 1515 597 1583 dubitant,
636 1514 735 1571 sed
779 1515 941 1570 verba
970 1512 1350 1576 Ecclesiastae,
1381 1512 1425 1567 si
1454 1520 1605 1567 recte
1647 1513 2005 1584 explicantur,
2038 1514 2516 1571 immortalitatem
2544 1516 2693 1576 clare

146 1620 429 1667 asserunt.
459 1614 601 1667 Nam
630 1612 817 1683 priora
842 1609 1009 1665 verba
1028 1610 1175 1681 Quis
1202 1609 1319 1665 scit
1342 1608 1449 1673 (vel
1470 1607 1648 1678 potius
1673 1610 1820 1681 Quis
1847 1611 2127 1676 attendit,
2153 1626 2283 1667 nam
2313 1616 2416 1698 9212
2461 1632 2486 1663 α
2517 1620 2692 1667 atten-

146 1724 327 1779 dendi
354 1725 424 1780 ad
453 1724 661 1797 aliquid
690 1746 716 1775 ιι
752 1726 837 1779 vel
872 1746 897 1775 α
931 1721 1162 1778 curandi
1202 1720 1408 1793 aquuid
1443 1744 1467 1771 n
1503 1738 1725 1777 sensum
1760 1738 1924 1795 saepe
1952 1724 2193 1780 admittit
2217 1730 2384 1780 Proc.
2415 1732 2571 1794 9,13;
2597 1732 2688 1795 27,

146 1820 221 1867 23
248 1818 387 1879 etc.)
416 1828 529 1867 non
550 1820 679 1867 sunt
707 1809 1036 1877 dubitantis,
1071 1808 1165 1865 sed
1198 1808 1517 1865 admirantis
1549 1818 1604 1864 et
1632 1810 2014 1867 difficultatem
2051 1814 2436 1885 exaggerantis
2460 1812 2560 1884 (cfr
2589 1816 2685 1869 Ps.

150 1906 313 1967 ι4,ι;
346 1902 505 1955 Prov.
548 1906 709 1967 31‚1o
734 1903 865 1967 etc.)
894 1914 959 1955 ac
998 1898 1161 1969 proin
1198 1898 1510 1969 significant
1549 1918 1561 1953 :
1603 1900 1966 1955 paucissimi
2003 1900 2319 1955 attendunt
2349 1902 2435 1956 vel
2476 1907 2694 1957 curant

145 1986 259 2052 -gefr
286 1990 377 2043 Ps.
404 1993 609 2055 89.11).
636 1988 891 2043 Alterum
915 2002 1047 2042 vero
1076 1984 1388 2041 membrum
1419 2000 1533 2040 non
1563 1993 1649 2040 est
1674 1986 2034 2059 interrogatio
2069 1986 2338 2043 indirecta
2375 1992 2524 2060 (quis
2552 1991 2682 2057 scit,

144 2092 297 2129 num
325 2077 569 2147 spiritus
598 2075 854 2131 hominis
882 2073 1207 2140 ascendat),
1231 2071 1327 2128 sed
1356 2073 1427 2128 ad
1455 2072 1676 2128 literam
1704 2073 2032 2131 vertendum
2060 2084 2144 2131 est
2172 2097 2184 2130 :
2216 2096 2241 2125 α
2261 2077 2449 2131 Pauci
2467 2082 2689 2134 attente

144 2163 539 2219 considerant
563 2164 843 2235 spiritum
870 2160 1131 2233 filiorum
1159 2160 1418 2215 hominis
1446 2161 1854 2217 ascendentem
1879 2163 1987 2229 (vel
2017 2164 2374 2231 ascendere),
2403 2166 2687 2237 spiritum

141 2258 356 2307 autem
383 2251 715 2315 bestiarum
745 2250 1021 2306 deorsum
1054 2248 1491 2305 descendentem
1539 2248 1918 2317 (descendere)
1962 2271 2015 2306 n.
2055 2252 2248 2306 Totius
2275 2248 2441 2323 igitur
2466 2253 2569 2307 loci
2610 2257 2683 2319 (3,

150 2344 341 2405 19-21)
368 2355 558 2394 sensus
587 2346 671 2394 est
702 2360 714 2392 ι
748 2360 774 2389 α
803 2338 1064 2407 Quamvis
1088 2335 1404 2392 hominibus
1431 2343 1489 2390 et
1514 2336 1704 2393 bestiis
1727 2337 1901 2393 relate
1929 2337 1999 2393 ad
2024 2353 2224 2410 corpus
2246 2337 2396 2393 idem
2415 2340 2486 2395 sit
2509 2340 2690 2396 exitus

144 2428 375 2499 illisque
404 2426 709 2483 secundum
738 2424 1121 2499 apparentiam
1160 2423 1313 2480 idem
1340 2423 1472 2479 insit
1510 2424 1738 2495 spiritus
1775 2425 1976 2493 vitalis,
2017 2441 2281 2498 magnum
2319 2435 2505 2483 tamen
2543 2428 2690 2485 inter

142 2532 250 2571 eos
279 2514 568 2573 intercedit
592 2514 907 2582 discrimen,
940 2512 1091 2585 quod
1116 2512 1255 2583 prob
1281 2511 1469 2568 dolor!
1499 2512 1661 2582 pauci
1689 2517 1888 2569 curant
1916 2530 2026 2568 non
2056 2514 2491 2583 consideranteS,
2523 2516 2687 2587 spiri-

146 2615 273 2657 tum
308 2602 541 2658 hominis
569 2600 641 2657 ad
684 2602 865 2657 Deum
897 2599 1195 2656 ascendere
1237 2614 1301 2654 ac
1329 2600 1487 2670 proin
1526 2615 1870 2670 permanere,
1919 2598 2066 2655 bruti
2111 2616 2240 2657 vero
2277 2603 2519 2657 animam
2560 2618 2688 2659 cum

144 2705 391 2763 corpore
416 2691 701 2752 interram
726 2687 1061 2745 descendere
1086 2696 1141 2742 et
1170 2686 1352 2758 perire
1383 2706 1434 2742 n.
1467 2687 1552 2742 Ita
1591 2686 1864 2742 habemus
1901 2696 2092 2758 aptum
2128 2703 2334 2743 nexum
2376 2704 2502 2744 cum
2537 2696 2686 2757 s,17,

148 2778 247 2833 ubi
276 2780 427 2832 Deus
443 2778 617 2832 iustos
644 2784 701 2831 et
726 2776 959 2831 iniustos
982 2774 1322 2829 iudicaturus
1349 2775 1616 2830 asseritur
1643 2783 1700 2829 et
1721 2774 1880 2846 plena
1906 2775 2269 2831 consonantia
2289 2792 2414 2831 cum
2445 2782 2589 2843 12‚7.
2617 2806 2689 2819 --

146 2872 223 2930 e.)
252 2867 429 2919 Porro
456 2872 633 2919 status
657 2863 969 2919 animarum
998 2870 1123 2933 post
1146 2870 1389 2917 mortem
1415 2861 1489 2917 ita
1515 2860 1754 2917 describi
1784 2861 2004 2930 dicitur,
2035 2871 2098 2917 ut
2130 2863 2274 2917 inter
2302 2863 2572 2919 eiusmodi
2606 2864 2688 2918 vi-

146 2965 269 3009 tam
298 2960 353 3007 et
382 2952 607 3021 plenum
629 2952 915 3007 interitum
946 2951 1033 3005 vix
1062 2950 1132 3005 sit
1158 2948 1455 3005 discrimen
1486 2955 1560 3017 (9,
1604 2956 1668 3004 10
1698 2948 1782 3004 cl'r
1817 2956 1951 3017 9,5).
1978 2954 2240 3006 Attamen
2269 2950 2400 3005 licet
2425 2952 2688 3007 revelatio

144 3041 221 3097 de
248 3039 425 3095 altera
454 3038 649 3093 vitain
672 3040 875 3095 Vetere
902 3040 1049 3093 Test.
1077 3037 1257 3093 multo
1286 3038 1469 3092 minus
1490 3038 1562 3091 sit
1586 3036 1753 3099 clara.
1786 3052 1955 3107 quam
1989 3038 2048 3091 in
2075 3038 2254 3104 Novo,
2290 3036 2479 3093 Iudaei
2502 3046 2690 3094 tamen

144 3126 418 3191 sciebant,
445 3127 665 3197 piorum
692 3124 1081 3181 defunctorum
1106 3132 1313 3181 sortem
1341 3124 1762 3196 praeferendam
1791 3139 1910 3179 esse
1933 3125 2069 3181 sorti
2098 3124 2426 3196 impiorum:
2459 3126 2517 3181 id
2541 3126 2688 3181 enim

144 3224 233 3270 est
262 3214 619 3271 corollarium
652 3214 1023 3269 necessarium
1064 3228 1131 3267 ex
1174 3228 1365 3269 eorum
1396 3210 1654 3285 doctrina
1684 3211 1754 3267 de
1786 3210 1992 3267 iudicio
2036 3221 2159 3284 post
2202 3221 2439 3269 mortem
2481 3211 2686 3282 futuru,

146 3301 305 3373 quod
330 3302 549 3371 saepius
574 3301 767 3357 asserit
791 3300 1149 3356 Ecclesiastes
1178 3304 1346 3367 (3,16.
1380 3306 1476 3365 173
1507 3306 1662 3367 11,9;
1699 3304 1902 3367 12,14).
1929 3300 2110 3369 Quam
2141 3299 2210 3355 ob
2239 3316 2466 3355 causam
2507 3310 2689 3357 textus

146 3390 375 3456 obiecti,
409 3388 487 3443 uti
514 3388 719 3443 similes
742 3388 800 3442 in
824 3387 1053 3443 Psalmis
1084 3391 1198 3453 (Ps.
1224 3392 1347 3455 6,6;
1380 3392 1572 3454 29,10;
1611 3392 1802 3453 113,17
1829 3392 1985 3453 etc.),
2010 3404 2123 3442 non
2156 3386 2406 3443 absolute
2433 3397 2564 3443 sunt
2589 3405 2688 3443 ex-

148 3474 409 3549 plioendi,
442 3474 537 3531 sed
565 3475 791 3545 relative
820 3475 893 3531 ad
918 3476 1063 3531 banc
1093 3475 1261 3531 vitam
1284 3483 1640 3544 praesentem
1668 3493 1682 3529 :
1724 3494 1747 3523 a
1781 3476 1890 3529 Fac
1919 3474 2308 3546 quodcumque
2337 3491 2484 3531 nunc
2510 3484 2690 3546 potest

147 3574 203 3619 et
234 3562 457 3631 labora,
509 3562 635 3635 quia
675 3578 847 3634 quum
886 3561 958 3619 ad
1003 3562 1283 3618 infernum
1322 3560 1703 3631 descenderis,
1749 3562 1904 3617 locus
1945 3578 2058 3617 non
2102 3562 2206 3617 erit
2253 3563 2614 3634 poenitentiae
2661 3585 2685 3616 ι

150 3655 229 3714 (S.
262 3650 425 3705 Hier.
458 3650 513 3705 in
544 3651 724 3706 Eccle.
756 3655 925 3719 9.10).
957 3680 1027 3691 --
1047 3648 1121 3724 f.)
1158 3650 1566 3722 Epicureismo
1609 3648 1811 3721 favere
1850 3648 2052 3705 dicitur
2088 3650 2474 3717 Ecclesiastes;
2511 3659 2690 3706 totam

147 3738 297 3793 enim
326 3738 449 3793 eius
477 3736 786 3793 doctrinam
815 3739 872 3794 in
916 3753 983 3795 eo
1021 3754 1169 3809 esse,
1210 3746 1273 3794 ut
1312 3737 1481 3793 rebus
1518 3736 1817 3793 mundanis
1863 3752 1965 3807 pro
2008 3736 2218 3791 viribus
2259 3736 2536 3806 fruamur;
2577 3754 2689 3793 non

147 3826 297 3881 enim
326 3841 448 3881 esse
476 3824 687 3895 homini
710 3826 817 3881 sub
842 3826 955 3881 sole
980 3826 1210 3895 bonum,
1241 3826 1350 3883 nisi
1378 3834 1439 3882 ut
1462 3824 1727 3881 comedat
1754 3832 1810 3879 et
1836 3824 1991 3881 bibat
2013 3833 2070 3881 et
2087 3824 2326 3897 gaudeat
2350 3830 2497 3893 (8,15
2527 3824 2610 3883 cl'r
2632 3831 2685 3891 2,

148 3922 249 3979 243
280 3919 411 3981 3,12
440 3928 559 3985 sq.;
594 3919 748 3981 3,22;
781 3918 940 3982 5‚17;
987 3919 1121 3981 9,7).
1170 3916 1402 3984 Propter
1431 3914 1538 3971 hos
1583 3912 1876 3986 praecipue
1913 3920 2096 3969 textus
2130 3914 2324 3969 Patres
2361 3913 2546 3983 (atque
2572 3913 2688 3983 ipse

146 4004 203 4057 S.
234 4002 607 4073 Hieronymus
628 4001 823 4057 saltem
850 4000 920 4055 ad
940 4006 1053 4069 9‚7)
1077 4000 1464 4072 dialogismum
1490 4001 1789 4073 quemdam
1809 4000 2105 4059 admittere
2125 4000 2446 4069 voluerunt3
2469 4007 2526 4054 at
2549 3998 2688 4054 eius—

148 4090 301 4146 modi
330 4088 625 4160 explicatio
654 4088 931 4161 superssua
958 4097 1061 4157 est,
1094 4087 1399 4144 dummodo
1428 4088 1765 4157 attendatur,
1791 4090 2094 4144 Dominum
2121 4089 2187 4144 N.
2209 4086 2368 4142 novis
2390 4087 2503 4142 suis
2534 4102 2687 4157 prae-

148 4178 321 4249 ceptis
350 4178 637 4248 antiquam
664 4178 871 4249 Legem
900 4176 1191 4248 perfecisse
1230 4184 1287 4231 et
1328 4183 1456 4231 ante
1492 4177 1610 4231 eius
1645 4176 1945 4234 adventum
1981 4176 2126 4232 bona
2166 4174 2492 4246 temporalia
2542 4173 2688 4230 velut

150 4265 459 4337 praemium
498 4264 603 4335 piis
634 4264 897 4320 Israelitis
930 4266 1131 4337 Legem
1158 4263 1582 4321 observantibus
1619 4278 1736 4319 esse
1765 4264 2065 4334 promissa3
2097 4279 2197 4317 cur
2223 4262 2394 4333 igitur
2419 4261 2686 4319 Ecclesia-

144 4363 263 4409 stes
278 4352 562 4408 auditores
584 4367 714 4409 suos
738 4350 1017 4407 exhortari
1040 4368 1153 4407 non
1176 4352 1375 4423 potuit,
1398 4360 1460 4407 ut
1484 4352 1569 4414 iis,
1599 4367 1740 4422 quae
1759 4360 2046 4422 tamquam
2069 4350 2312 4420 praemia
2333 4357 2681 4421 acceperant,

144 4443 293 4497 iuxta
347 4440 593 4497 divinam
646 4440 987 4497 veluntatem
1039 4449 1328 4497 uterentur
1372 4447 1427 4495 et
1470 4438 1822 4495 fruerentur?
1871 4440 2030 4493 Hanc
2082 4438 2203 4493 eius
2244 4453 2365 4493 esse
2405 4447 2680 4507 mentem,

142 4531 355 4585 clarum
382 4534 487 4597 est,
516 4543 647 4585 nam
669 4544 885 4599 semper
907 4528 1081 4594 addit,
1114 4529 1260 4585 bona
1294 4528 1429 4585 baec
1466 4544 1586 4585 esse
1616 4544 1656 4583 a
1693 4532 1814 4583 Deo
1861 4530 2026 4596 (2,24.
2059 4530 2164 4595 2⁶3
2197 4530 2345 4595 3,13.
2384 4531 2480 4594 ²23
2522 4530 2678 4595 5‚18;

142 4622 275 4688 9,7),
306 4634 504 4674 eorum
535 4614 997 4687 acquirendorum
1041 4615 1285 4671 studium
1328 4616 1575 4687 reprimit
1615 4620 1726 4684 (2,3
1755 4620 1932 4688 sqq.)‚
1973 4628 2168 4671 eorum
2205 4612 2524 4671 fruitionem
2553 4629 2679 4673 cum
