3050 5184
423 308 540 368 104
622 323 779 367 nis'r.
812 320 1157 367 mastonem
1198 322 1256 365 υ.
1290 322 1347 365 r.
1381 338 1459 348 -
1488 322 1617 365 cau).
1650 322 1728 364 1v.
1763 319 1840 364 nn
1869 322 2261 366 vensiomnus
2289 321 2730 366 omnm-Annus.

419 443 475 491 et
503 436 674 503 Ruth)
703 435 969 492 librorum
993 452 1196 491 nomen
1226 436 1540 508 simplicis,
1575 435 1613 490 i.
1645 451 1694 490 e.
1721 435 1903 490 clarae
1931 444 1987 491 et
2013 433 2210 503 fidelis,
2241 443 2512 501 meretur;
2543 433 2808 491 liberiore
2841 437 2973 507 qui-

420 523 549 580 dem
574 524 821 581 vertendi
849 539 1051 595 genere
1072 539 1203 579 usus
1230 532 1313 580 est
1336 523 1474 579 Novi
1498 519 1840 579 Testamenti
1868 523 2170 593 interpreS,
2199 532 2260 579 at
2279 522 2442 579 huius
2461 539 2681 597 quoque
2709 521 2976 580 fidelitas

420 620 475 667 et
501 612 856 683 perspicuitas
882 611 1081 667 merito
1111 610 1426 667 laudantur.

496 816 556 875 3.
588 849 670 859 —
694 814 983 875 Peschito
1004 816 1297 875 omnibus
1320 814 1579 892 quidem
1603 814 1772 893 Syris
1797 815 2156 876 communis
2181 818 2310 889 est;
2339 814 2417 875 ab
2439 832 2515 876 eo
2539 819 2756 876 autem
2792 818 2978 876 tem-

420 928 602 989 pore,
634 912 852 989 quoin
892 917 1091 973 sectas
1134 929 1271 972 sese
1310 928 1599 991 separare
1630 915 2001 990 coeperunt,
2034 929 2161 972 non
2189 914 2437 972 tantum
2475 929 2668 972 novas
2707 912 2978 973 Veteris

420 1009 586 1068 Test.
631 1008 952 1069 versiones
1000 1026 1075 1068 ex
1110 1012 1282 1069 textu
1320 1025 1546 1085 graeco
1581 1006 1963 1068 adornarunt
1993 1007 2048 1087 (ἓ
2088 1010 2184 1068 12.
2222 1008 2322 1069 VI.
2358 1027 2420 1086 p.
2455 1007 2579 1086 97),
2619 1008 2733 1068 sed
2767 1010 2979 1069 etiam

420 1104 695 1164 diversas
746 1104 1063 1182 Simplicis
1110 1105 1504 1166 recensiones
1553 1104 2006 1175 adhibuerunt,
2046 1105 2135 1165 ita
2177 1108 2247 1165 ut
2291 1105 2598 1183 genuinus
2645 1110 2709 1164 et
2759 1123 2980 1183 purus

418 1201 710 1279 antiquae
731 1200 1023 1263 Peschito
1055 1205 1259 1262 textus
1291 1218 1417 1261 non
1447 1201 1531 1260 sit
1554 1206 1975 1261 conservatus,
3044 1200 3046 1209 ²

487 1333 973 1390 Nestordanorum
998 1332 1247 1389 recensio
1274 1330 1461 1387 multis
1488 1330 1812 1388 lectionibus
1832 1347 1864 1386 a
1887 1330 2236 1387 Barhebraeo
2260 1333 2318 1387 in
2347 1348 2444 1387 sua
2477 1332 2842 1389 Psalmorum
2873 1351 2978 1389 ex·
3044 1332 3046 1379 ἐ

420 1420 709 1490 plicatione
728 1419 907 1476 allatis
919 1420 1189 1487 innotuit;
1208 1434 1446 1491 quorum
1466 1426 1720 1475 accurata
1743 1434 1872 1475 cum
1889 1427 2046 1475 textu
2065 1421 2288 1493 vulgato
2305 1420 2519 1491 syriaco
2537 1422 2980 1491 comparatione

417 1508 662 1564 instituta
695 1508 1010 1564 Wiseman
1040 1509 1242 1574 (Horae
1277 1508 1517 1579 syriacae
1555 1523 1610 1578 p.
1646 1512 1746 1563 139
1769 1511 1914 1579 sqq.)
1953 1522 2198 1563 asserere
2230 1524 2343 1563 non
2374 1507 2614 1577 dubitat,
2660 1528 2684 1557 a
2721 1520 2978 1580 excepto
3044 1518 3046 1559 ζ

416 1610 527 1651 uno
554 1595 745 1652 forsan
784 1596 1069 1667 alteroque
1108 1597 1230 1651 loco
1258 1595 1462 1651 nullius
1504 1610 1730 1666 prorsus
1754 1596 2024 1650 momenti
2069 1616 2093 1646 n
2124 1610 2316 1651 omnes
2355 1594 2696 1651 differentias
2733 1595 2798 1651 in
2833 1600 2978 1653 solis

418 1684 633 1754 punctis
662 1684 942 1739 vocalibus
983 1692 1039 1740 et
1083 1683 1328 1754 apicibus
1367 1682 1594 1737 versari.
1643 1683 1833 1738 Altera
1873 1683 2194 1738 recensione
2221 1691 2455 1738 utuntur
2481 1683 2974 1755 Monoplzysitae.

418 1787 560 1842 quae
580 1772 1030 1843 Karkaplzensis
1048 1770 1382 1842 appellatur;
1406 1770 1818 1843 karkaphenses
1831 1771 1982 1827 enim
1993 1770 2653 1827 monachicorrectorium
2669 1772 2976 1841 quoddam
3044 1776 3046 1779 ’

416 1858 692 1930 Simplicis
739 1857 1053 1927 ediderunt,
1092 1859 1152 1915 in
1190 1875 1299 1930 quo
1336 1857 1512 1914 varias
1559 1858 1677 1915 eius
1719 1858 1984 1915 lectiones
2024 1866 2419 1915 recensuerunt
2455 1868 2511 1914 et
2546 1857 2971 1919 diiudicarunt.

418 1948 639 2003 nomina
668 1947 888 2018 propria
911 1955 967 2002 et
984 1947 1251 2002 vocabula
1274 1947 1716 2019 graeco-syriaca
1745 1944 1814 2002 ad
1839 1945 2292 2017 orthographiam
2319 1960 2576 2013 graecam
2597 1960 2974 2011 revocarunt,

418 2032 785 2089 difficiliorum
800 2035 1195 2090 vocabulorum
1214 2035 1508 2107 genuinam
1529 2035 2034 2104 pronuntiationem
2051 2032 2384 2100 indicarunt,
2407 2035 2464 2088 in
2481 2033 2752 2089 divisione
2773 2046 2976 2093 autem

418 2131 473 2177 et
492 2122 685 2177 ordine
714 2122 980 2178 librorum
1008 2122 1460 2178 Philoxenianam
1489 2120 1786 2177 editionem
1812 2121 2021 2193 (supra
2051 2139 2106 2195 p.
2139 2127 2226 2188 97)
2259 2122 2430 2177 secuti
2459 2129 2586 2176 sunt
2615 2119 2721 2193 (cfr
2753 2127 2819 2177 11
2831 2128 2974 2181 'ise-

418 2227 561 2266 man
588 2212 625 2266 l.
658 2227 706 2266 c.
740 2199 793 2280 p.
828 2216 931 2266 149
958 2212 1123 2282 sqq.).
1202 2238 1207 2245 ·

486 2298 573 2353 Ad
598 2300 814 2354 Novum
840 2300 990 2354 Test.
1032 2297 1180 2370 quod
1206 2297 1421 2366 attinet,
1455 2297 1762 2371 fragmenta
1803 2297 2075 2370 quaedam
2103 2298 2528 2370 Evangeliorum
2554 2307 2782 2369 reperta
2807 2312 2972 2363 sunt.
3044 2330 3046 2333 ·

418 2402 557 2457 quae
572 2402 673 2458 pro
698 2386 864 2441 altera
887 2386 1158 2456 Simplicis
1185 2386 1502 2443 recensione
1526 2384 1801 2441 habentur
1822 2387 2105 2453 (Remains
2132 2384 2195 2441 of
2213 2402 2243 2441 a
2275 2402 2403 2458 very
2423 2386 2641 2442 ancient
2659 2391 2974 2445 recension

417 2473 480 2529 ol'
501 2473 595 2529 the
617 2473 849 2544 Gospels
869 2473 929 2527 in
948 2475 1134 2547 Syriae
1162 2473 1347 2529 edited
1375 2473 1445 2545 by
1477 2478 1579 2531 W.
1609 2477 1880 2530 Cureton.
1911 2475 2144 2529 London
2176 2473 2380 2545 1858.).
2416 2473 2658 2530 Rudiore
2683 2484 2743 2530 et
2771 2478 2977 2533 minus

416 2560 666 2632 eleganti,
702 2576 869 2632 quam
894 2560 1165 2630 Peschito‚
1197 2562 1339 2633 stylo
1364 2562 1679 2631 conscripta
1703 2570 1914 2617 textum
1944 2576 2201 2633 graecum
2219 2561 2477 2618 liberiore
2493 2561 2660 2617 modo
2683 2562 2968 2625 reddunt.
3044 2580 3046 2583 ·

416 2647 689 2704 interdum
718 2646 1113 2717 abbreviatum,
1144 2648 1425 2705 interdum
1463 2648 1878 2719 amplificatum.
1919 2651 2068 2706 Num
2108 2647 2280 2705 altera
2326 2649 2460 2705 haec
2501 2650 2751 2705 recensio
2797 2660 2972 2708 textu

416 2737 635 2809 vulgato
658 2738 729 2791 sit
750 2735 1027 2808 antiquior
1043 2753 1115 2793 an
1134 2738 1426 2801 recentior,
1450 2736 1702 2793 nondum
1721 2737 1853 2793 satis
1876 2738 2225 2808 exploratum
2243 2746 2346 2793 est.
2369 2770 2438 2777 —
2467 2738 2773 2794 Memoriae
2795 2738 2970 2797 dum·

415 2833 565 2879 taxat
605 2839 768 2879 causa
812 2824 1095 2893 addimus,
1145 2825 1558 2893 Pliiloaeenem,
1603 2824 2118 2897 Monophysitarum
2161 2824 2482 2895 episcopum
2519 2824 2970 2897 Mabugensem.

412 2914 634 2969 ineunte
662 2928 804 2967 saec.
836 2918 889 2968 6.
930 2929 1031 2983 per
1072 2913 1441 2985 Polycarpum
1482 2911 1936 2983 chorepiscopum
1974 2912 2140 2967 etiam
2186 2928 2388 2968 novam
2435 2914 2746 2969 versionem
2789 2916 2974 2985 plane

412 3001 666 3056 servilem
695 2999 958 3055 librorum
986 3000 1125 3056 Novi
1147 3001 1296 3056 Test.
1325 2999 1703 3055 adornandam
1727 3015 1975 3063 curasse,
2009 3015 2177 3070 quam
2204 3000 2431 3055 ineunte
2454 3016 2598 3056 saec.
2625 3007 2675 3055 7.
2701 3001 2975 3060 Thomas

416 3086 830 3143 Clearlcelensz's
858 3086 1070 3142 iteratis
1098 3088 1242 3142 curis
1270 3086 1340 3142 ad
1369 3102 1626 3159 graecum
1667 3096 1880 3143 textum
1909 3088 2201 3143 recensuit.
2235 3119 2304 3127 -
2330 3089 2504 3143 Porro
2531 3089 2590 3142 in
2615 3104 2731 3145 uno
2759 3091 2974 3149 codiee

412 3174 613 3230 saeculi
644 3181 721 3231 ιο.
756 3184 971 3229 servata
1013 3183 1097 3229 est
1126 3174 1300 3229 versio
1342 3174 1773 3246 Evangeliorum
1799 3173 2036 3230 dialecto
2065 3174 2277 3247 syriaca
2304 3173 2378 3231 ad
2404 3175 2749 3231 chaldaicum
2781 3194 2971 3251 prope

412 3261 707 3318 accedente
736 3263 1069 3333 conscripta,
1106 3278 1246 3333 quae
1274 3263 1771 3333 ierosolymitana
1794 3262 2073 3319 nominari
2099 3263 2240 3318 solet
2262 3270 2318 3318 et
2344 3254 2565 3319 saeculo
2589 3270 2642 3319 8.
2669 3264 2974 3337 antiquior

410 3366 523 3405 non
552 3347 786 3404 videtur.

480 3437 677 3493 Critica
706 3436 968 3492 versionis
1002 3438 1260 3494 Peschito
1301 3438 1467 3494 editio
1508 3437 1759 3494 nondum
1801 3438 2032 3510 prodiit3
2065 3443 2294 3494 Novum
2339 3443 2489 3495 Test.
2520 3439 2844 3510 saepissime
2875 3454 2968 3498 est

411 3524 622 3581 editum
652 3526 911 3591 (Viennae
943 3530 1131 3591 1555.;
1163 3526 1218 3581 in
1243 3527 1454 3599 Polygl.
1486 3527 1658 3582 Paris
1688 3534 1743 3583 et
1765 3526 2022 3590 Londin.,
2057 3542 2088 3581 a
2109 3525 2344 3581 Gutbier
2366 3532 2545 3594 1664„
2566 3526 2622 3581 iu
2643 3542 2808 3583 usum
2831 3532 2968 3585 Ma-

412 3614 715 3667 ronitarum
740 3615 950 3669 Romae
981 3618 1138 3669 1703.
1169 3616 1325 3680 etc.).
1355 3618 1577 3670 Veteris
1611 3618 1756 3671 Test.
1789 3614 1956 3670 editio
1990 3614 2246 3685 princeps
2277 3620 2360 3669 est
2398 3615 2454 3669 in
2492 3615 2701 3687 Polygl.
2734 3617 2924 3673 PariS.
2947 3664 2962 3677 .

412 3699 605 3756 melior
622 3701 678 3754 in
697 3701 909 3773 Polygl.
935 3700 1171 3756 Londin.
1204 3704 1517 3775 Utriusque
1539 3707 1683 3759 Test.
1711 3702 2046 3758 recentiores
2063 3701 2331 3757 editiones
2355 3701 2679 3773 prodierunt
2706 3704 2968 3761 Londini

414 3794 567 3845 1816.
601 3794 757 3844 1823.
792 3794 945 3845 1828.
980 3798 1085 3845 etc.

488 3997 547 4053 4.
576 4025 653 4035 —
678 3994 767 4052 Ex
788 3993 1078 4054 versione
1106 3993 1397 4055 Peschito
1425 3994 1744 4054 derivatae
1770 3999 1916 4053 sunt
1941 3994 2191 4071 aliquae
2215 3994 2537 4054 versiones
2563 3994 2909 4056 orientales
2929 4045 2950 4069 ,

410 4108 569 4167 quac
596 4090 913 4151 interdum
936 4090 1256 4153 immerito
1288 4108 1401 4169 pro
1428 4090 1804 4151 auctoritate
1827 4091 2196 4169 allegantur.

476 4222 601 4275 Huc
629 4221 907 4290 pertinent
950 4221 1214 4277 arabica
1253 4220 1431 4277 versio
1458 4220 1521 4276 ll.
1555 4218 1755 4287 ludio„
1799 4219 1984 4289 Ruth,
2025 4222 2270 4293 Regum,
2301 4222 2565 4293 Paralip.,
2606 4227 2639 4276 2
2677 4220 2848 4277 Esdr.
2895 4233 2964 4279 et

412 4307 528 4377 lob,
560 4322 699 4378 quae
728 4324 869 4365 saec.
908 4313 992 4364 13.
1036 4309 1121 4364 vel
1166 4313 1252 4365 14.
1286 4308 1428 4364 facta
1454 4307 1731 4363 invenitur
1752 4308 1812 4362 in
1837 4307 2048 4380 Polygl.
2077 4308 2252 4364 Paris.
2284 4317 2340 4364 et
2373 4308 2632 4374 Londin.,
2665 4310 2749 4364 uti
2777 4311 2960 4367 etiam

409 4396 669 4450 arabica
693 4395 958 4463 Psalterii,
981 4395 1242 4469 Evangel.
1278 4403 1333 4451 et
1364 4396 1756 4466 Epistolarum,
1792 4410 1900 4466 qua
1925 4403 2156 4451 utuntur
2187 4396 2518 4467 Maronitae‚
2553 4404 2719 4468 atque
2743 4395 2960 4454 altera

409 4484 833 4553 Evangeliorum
863 4492 921 4538 et
944 4483 1334 4554 Epistolarum,
1368 4498 1534 4555 quam
1579 4482 1751 4539 edidit
1797 4484 2085 4557 Erpcnius
2113 4482 2308 4556 (Lugd.
2341 4486 2532 4539 Batav.
2582 4484 2784 4556 1616.).
2817 4487 2960 4541 Huc

408 4584 627 4641 quoque
652 4570 885 4640 pertinet
905 4575 1137 4642 persica
1171 4570 1600 4643 Evangeliorum
1637 4572 1812 4626 versio
1839 4571 1898 4626 in
1922 4570 2131 4643 Polygl.
2175 4570 2411 4627 Londin.
2443 4571 2611 4641 edita,
2643 4586 2786 4642 quae
2815 4588 2958 4628 sae-

406 4656 534 4713 culo
562 4662 615 4712 8.
647 4664 729 4711 est
750 4659 1040 4713 recentior.
