3050 5184
1232 850 1594 929 SEOTIO
1645 848 1972 929 PRIOR.

1192 1103 1463 1187 Systema
1492 1103 2023 1169 hermeneuticum.

1408 1396 1703 1464 CAPUT
1753 1395 1806 1461 Ι.

988 1602 1083 1652 DE
1124 1602 1183 1653 S.
1228 1599 1803 1653 SCRIPTURARUM
1845 1598 2224 1650 SENSIBUS.

578 1820 612 1902 ξ
653 1824 713 1883 1.
743 1854 832 1866 —-
862 1820 955 1883 De
990 1838 1215 1883 sensus
1242 1815 1710 1907 scriptur-inici
1736 1813 2133 1905 definitione
2155 1824 2237 1913 ‘et
2271 1813 2628 1903 speciebus,

426 2028 485 2085 1.
512 2060 591 2069 —
616 2026 851 2086 Sensus
876 2026 937 2085 S.
968 2026 1437 2103 Scripturarum
1460 2026 1842 2105 intelligitur
1865 2042 2054 2087 omne
2079 2024 2260 2095 illud,
2289 2024 2458 2100 quod
2491 2042 2712 2085 earum
2741 2042 2880 2085 ver·

346 2122 427 2182 ba
456 2140 531 2182 ex
562 2122 913 2181 intentione
943 2122 1209 2199 Spiritus
1234 2122 1297 2183 S.
1328 2124 1670 2183 immediate
1688 2122 1788 2182 vel
1813 2122 2075 2181 mediate
2111 2120 2468 2199 significant
2505 2124 2568 2180 et
2601 2122 2880 2183 manife-

348 2223 531 2279 stant.
565 2220 735 2278 Duae
776 2218 967 2295 igitur
1004 2222 1149 2279 sunt
1186 2235 1411 2279 sensus
1450 2217 1890 2297 scripturistici
1930 2218 2208 2295 species;
2237 2217 2362 2277 alia
2389 2217 2563 2277 enim
2601 2216 2880 2295 Spiritus

348 2316 410 2375 S.
440 2314 805 2374 immediate
841 2332 949 2392 per
984 2314 1165 2375 verba
1200 2316 1585 2385 manifestat,
1621 2316 1746 2376 alia
1772 2332 1884 2393 per
1909 2330 2192 2394 personas
2234 2312 2333 2373 vel
2349 2332 2463 2385 res,
2496 2330 2658 2391 quae
2701 2314 2880 2393 ipsae

350 2411 558 2470 verbis
598 2410 966 2470 immediate
996 2411 1433 2471 manifestatae
1459 2430 1495 2471 a
1520 2412 1758 2491 Spiritu
1784 2411 1844 2473 S.
1873 2410 2252 2472 adhibentur
2279 2409 2357 2471 ad
2386 2411 2540 2471 alias
2576 2411 2879 2471 veritates

352 2507 540 2567 simul
578 2506 921 2579 docendas3
962 2506 1136 2585 prior
1176 2506 1425 2568 literalis
1463 2507 1876 2589 (historicus),
1905 2506 2061 2567 alter
2083 2510 2319 2587 typicus
2347 2505 2744 2587 (spiritualis)
2769 2526 2880 2567 vo-

352 2608 550 2663 eatur.

418 2726 625 2783 Sensus
655 2722 920 2779 vocabulo
946 2725 1191 2793 proxime
1218 2724 1335 2797 ipsa
1371 2723 1644 2781 sentiendi
1682 2724 1916 2781 facultas
1955 2740 2021 2781 ac
2043 2723 2172 2781 dein
2200 2726 2367 2781 etiam
2409 2739 2646 2797 organa,
2677 2726 2880 2797 quibus

350 2812 600 2879 sentitur,
632 2810 1018 2883 designantun
1048 2810 1147 2867 sed
1178 2833 1203 2863 α
1232 2812 1578 2869 consuetudo
1604 2812 1869 2880 obtinuit,
1889 2820 1964 2871 ,ut
1983 2814 2151 2869 etiam
2177 2820 2364 2869 mente
2391 2822 2654 2884 concepta
2681 2829 2882 2871 sensus

352 2914 673 2955 vocaremus
710 2920 735 2949 n
776 2898 1088 2971 (ρωποι),
1128 2909 1186 2955 et
1222 2901 1349 2972 quia
1390 2917 1481 2968 ea,
1522 2916 1666 2972 quae
1703 2909 1888 2957 mente
1915 2901 2293 2972 concepimus,
2331 2900 2501 2973 siguis
2537 2901 2780 2957 externis
2821 2912 2882 2958 et

352 2987 588 3043 maxime
618 2986 795 3042 verbis
822 2986 1175 3043 manifestare
1196 2988 1465 3055 solemus,
1497 2988 1584 3044 his
1613 3004 1832 3061 quoque
1855 3004 2078 3045 sensum
2105 2988 2485 3057 attribuimus3
2516 3004 2626 3060 quo
2649 2991 2880 3045 nomine

352 3076 516 3145 igitur
544 3090 635 3129 eas
658 3074 803 3145 ipsas
826 3075 1189 3146 cogitationes
1214 3075 1441 3147 intelligi
1471 3076 1753 3145 volumus,
1781 3091 1917 3149 quas
1943 3076 2112 3149 signis
2138 3075 2256 3132 istis
2282 3075 2635 3133 manifestare
2663 3084 2722 3133 et
2747 3093 2880 3133 cum

352 3162 475 3218 aliis
515 3162 921 3217 communicare
956 3160 1314 3219 intendimus.
1360 3164 1509 3235 Signi
1551 3172 1738 3220 autem
1779 3180 1977 3219 sensus
2007 3162 2176 3235 probe
2217 3162 2635 3235 distinguendus
2675 3173 2762 3221 est
2805 3166 2880 3221 ab

352 3247 595 3305 eiusdem
621 3246 1076 3319 siqnificatione.
1116 3248 1447 3321 significatio
1476 3252 1624 3307 enim
1651 3262 1733 3307 est
1759 3252 1912 3307 notio
1953 3252 2076 3318 illa,
2107 3266 2248 3322 quae
2286 3251 2554 3307 vocabulo
2583 3252 2668 3307 vel
2709 3254 2876 3325 signo

354 3339 419 3391 in
444 3352 503 3391 se
526 3340 785 3407 spectato
814 3351 879 3391 ex
909 3352 1012 3391 usu
1038 3345 1094 3392 et
1118 3337 1456 3393 institutione
1480 3338 1686 3405 subest,
1714 3340 1792 3395 ita
1815 3347 1879 3394 ut
1897 3337 2216 3411 significatio
2241 3339 2562 3411 plerumque
2585 3340 2880 3411 multiplex

351 3424 447 3489 sit,
463 3422 725 3494 quoniam
743 3422 935 3479 iisdem
948 3423 1114 3497 signis
1132 3426 1220 3480 vel
1240 3425 1515 3482 vocabulis
1537 3428 1713 3483 multa
1733 3426 1966 3497 exprimi
1987 3427 2183 3483 solent.
2207 3428 2442 3483 Sensum
2465 3442 2594 3482 vero
2614 3429 2876 3485 vocabuli

352 3520 447 3567 aut
473 3510 615 3583 signi
642 3508 877 3567 dicimus
906 3510 1107 3567 mentis
1132 3521 1489 3585 conceptum,
1518 3528 1684 3585 quem
1712 3514 1812 3570 liic
1837 3518 1894 3570 et
1919 3530 2070 3570 nunc
2097 3514 2156 3569 in
2191 3513 2275 3571 his
2301 3513 2576 3571 adiunctis
2603 3530 2700 3587 per
2732 3516 2877 3573 illud

352 3598 699 3655 manifestare
727 3598 1007 3669 volumus,
1033 3599 1129 3671 qui
1158 3601 1344 3671 proin,
1386 3600 1489 3657 nisi
1530 3601 1888 3674 ambiguitate
1913 3601 1996 3657 uti
2037 3601 2294 3671 velimuS,
2323 3618 2542 3674 semper
2567 3603 2764 3659 unicus
2791 3614 2877 3661 est

353 3685 779 3757 relationemque
824 3684 894 3742 ad
932 3685 1209 3759 loquentis
1249 3687 1337 3744 vel
1380 3689 1672 3745 scribentis
1712 3688 2070 3747 intentionem
2111 3705 2328 3761 semper
2363 3690 2628 3762 implicat.
2671 3692 2880 3749 Sensus

350 3774 517 3845 igitur
542 3774 947 3844 scripturarum
974 3774 1029 3829 in
1064 3790 1261 3847 genere
1289 3777 1545 3832 veritates
1581 3778 1708 3833 illae
1736 3787 1894 3847 sunt,
1926 3792 2064 3849 quas
2089 3777 2324 3847 Spiritus
2347 3780 2429 3847 S.,
2462 3778 2754 3849 primarius
2777 3782 2876 3837 Li-

352 3860 577 3917 brorum
610 3876 891 3917 sacrorum
920 3871 1132 3930 auctor,
1168 3878 1265 3934 per
1292 3865 1585 3935 scriptores
1621 3880 1809 3921 sacros
1841 3864 2194 3922 manifestare
2225 3866 2417 3921 voluit.
2450 3887 2475 3917 α
2505 3865 2879 3924 Manifestatio

352 3958 537 4005 autem
562 3947 792 4005 alicuius
815 3950 1079 4017 veritatis,
1105 3950 1283 4022 inquit
1309 3952 1369 4007 S.
1408 3952 1658 4007 Thomas
1682 3952 1903 4021 (Quodl.
1935 3954 2061 4009 vn.
2091 3967 2184 4024 qu.
2214 3958 2268 4009 6.
2301 3968 2351 4009 a.
2389 3960 2517 4023 14.),
2551 3963 2729 4025 potest
2752 3956 2880 4013 fieri

350 4036 521 4092 rebus
553 4045 610 4091 et
642 4036 865 4105 verbis,
895 4036 953 4091 in
981 4046 1248 4109 quantum
1281 4038 1485 4095 seilicet
1510 4040 1676 4097 verba
1705 4040 2012 4113 significant
2050 4056 2167 4107 res,
2199 4048 2255 4095 et
2281 4057 2389 4095 una
2425 4056 2520 4097 res
2550 4050 2731 4112 potest
2756 4060 2878 4100 ense

353 4124 525 4195 figura
556 4124 799 4179 alterius
830 4127 1043 4181 Auctor
1076 4134 1261 4181 autem
1287 4142 1475 4183 rerum
1504 4129 1656 4183 Deus
1685 4144 1798 4185 non
1825 4129 2006 4185 solum
2041 4136 2220 4200 potest
2252 4128 2417 4185 verba
2455 4130 2879 4188 accommodare

352 4210 423 4267 ad
445 4210 647 4283 aliquid
672 4211 1111 4284 significandum,
1140 4212 1237 4269 sed
1266 4214 1433 4269 etiam
1460 4224 1640 4286 potest
1661 4232 1750 4272 res
1771 4216 2062 4288 disponere
2084 4216 2141 4271 in
2164 4215 2397 4289 figuram
2426 4217 2678 4287 alterius3
2711 4228 2770 4275 et
2792 4236 2877 4277 se·

350 4297 595 4354 cundum
622 4298 726 4353 hoc
758 4299 813 4354 in
846 4302 905 4356 S.
938 4301 1220 4371 Scriptura
1248 4300 1631 4360 manifestatur
1660 4304 1856 4361 veritas
1883 4303 2193 4376 dupliciter,
2225 4320 2336 4359 uno
2363 4304 2530 4361 modo
2563 4306 2872 4363 secundum

352 4384 499 4457 quod
526 4400 617 4441 res
642 4386 1017 4458 significantur
1045 4404 1142 4459 per
1170 4388 1335 4445 verba
1364 4398 1420 4445 et
1445 4389 1503 4445 in
1533 4392 1640 4448 hoe
1667 4392 1912 4451 consistit
1939 4409 2137 4449 sensus
2161 4392 2424 4449 literalis
2453 4391 2558 4461 (cfr
2580 4393 2609 4467 5
2635 4397 2734 4468 2.),
2767 4396 2875 4452 alio

352 4471 516 4528 modo
548 4472 853 4529 secundum
880 4474 1031 4546 quod
1065 4490 1153 4531 res
1188 4484 1316 4532 sunt
1342 4476 1550 4551 figurae
1589 4481 1818 4537 aliarum
1854 4497 2071 4551 rerum,
2095 4488 2153 4537 et
2175 4481 2234 4537 in
2265 4479 2369 4537 hoc
2395 4482 2646 4539 consistit
2679 4498 2876 4543 sensus

349 4560 695 4631 spiritualis
723 4582 749 4613 υ
782 4563 819 4617 i.
850 4578 902 4618 e.
930 4564 1145 4635 typicus
1174 4563 1276 4636 (cfr
1304 4564 1333 4638 5
1358 4570 1455 4639 3.).

1569 4660 1658 4706 126
