3050 5184
423 223 500 282 68
567 239 722 282 ms‘r.
757 238 1042 282 TEXTUmt
1072 238 1571 283 PmfflGEMORUM.
1605 257 1685 266 --
1712 239 1839 283 CAP.
1878 241 1921 284 1.
1954 239 2029 283 DE
2060 238 2259 283 'rann
2289 235 2585 282 HEBRAico
2610 233 2741 277 VET.
2768 231 2911 276 TEST-

423 370 508 425 vel
537 369 770 426 Iudaeos
795 370 1085 428 cuiuslibet
1111 371 1477 442 perversitatis
1505 387 1572 427 ac
1594 371 1836 426 malitiae
1882 379 2097 426 tantum
2146 369 2385 442 potuisse
2428 365 2617 424 credat
2656 365 2713 420 in
2744 361 2918 419 codici-

421 455 524 512 bus
549 465 664 512 tam
701 459 890 514 multis
926 466 982 514 et
1015 467 1134 514 tam
1159 458 1323 531 longe
1349 459 1571 530 lateque
1596 458 1798 514 dissitis
1834 479 1883 514 n.
1920 461 2161 514 Demum
2207 457 2395 513 Iudaei
2434 463 2533 512 aut
2570 461 2697 510 ante
2721 453 2776 508 S.
2812 451 2919 505 Hie-

421 546 634 617 ronymi
662 555 898 602 aetatem
926 554 1023 601 aut
1049 555 1174 618 post
1209 562 1335 603 eam
1361 545 1531 602 libros
1568 561 1697 602 suos
1727 547 2127 617 corrupissent3
2160 545 2311 618 atqui
2338 560 2450 599 non
2478 550 2607 599 ante
2640 556 2789 609 eam,
2813 539 2921 610 quia

421 646 577 688 secus
602 634 838 705 Vulgata
874 642 1066 690 nostra
1102 649 1168 690 ex
1200 643 1462 705 corrupto
1493 642 1653 690 textu
1678 633 1942 690 adornata
1974 643 2117 690 esset
2150 629 2415 702 dicenda,
2443 644 2624 702 neque
2649 636 2769 699 post
2796 641 2921 693 eam,
3013 645 3014 700 f

423 721 549 790 quia
598 720 970 777 substantialis
1015 720 1328 777 differentia
1359 728 1570 778 textum
1615 721 2068 778 massorethicum
2114 721 2258 776 inter
2285 729 2340 775 et
2382 719 2694 775 versionem
2724 715 2778 771 S.
2812 713 2925 769 Hie·

421 809 636 880 ronymi
683 824 800 864 non
843 808 1296 881 deprehenditur.
1326 811 1584 865 Ceterum
1628 825 1758 864 cum
1804 811 1857 866 S.
1892 809 2199 882 Augustino
2225 807 2283 875 (l.
2316 810 2389 875 c.)
2418 806 2585 862 etiam
2608 804 2925 874 interrogare
3013 811 3014 870 j

422 895 570 964 licet,
615 911 750 952 num
783 916 808 948 α
839 894 1100 952 credibile
1127 897 1226 964 sit,
1269 894 1502 952 ludaeos
1540 895 1821 953 codicibus
1861 897 1974 952 suis
2014 896 2226 968 eripere
2273 894 2508 950 voluisse
2534 893 2833 960 veritatem,
2874 897 2925 942 ut

419 982 580 1038 nobis
606 983 880 1054 eriperent
906 985 1287 1040 auctoritatem
1317 1005 1365 1039 ν.
3013 1031 3014 1046 ,

490 1071 644 1139 Quae
686 1087 859 1143 pauca
905 1072 1150 1128 innuisse
1193 1071 1424 1142 sufficit,
1465 1080 1530 1128 ut
1570 1071 1763 1128 Iudaei
1790 1087 1820 1127 a
1845 1069 2255 1143 depravationis
2293 1070 2599 1125 malitiosae
2640 1065 2926 1138 suspicione

421 1157 747 1228 liberentur3
775 1159 968 1216 eadem
997 1169 1182 1216 autem
1210 1161 1468 1232 pleraque
1491 1161 1653 1216 simul
1680 1159 2079 1228 demonstrant,
2107 1156 2565 1215 massorethicum
2586 1164 2799 1240 textum
2819 1152 2929 1208 sub-
3013 1151 3014 1228 ζ

421 1247 744 1302 stantialiter
787 1262 906 1302 esse
946 1247 1220 1321 integrum
1263 1263 1328 1303 ac
1355 1249 1516 1319 proin
1561 1247 1938 1303 authenticum
1953 1289 1969 1316 ‚
1997 1261 2169 1319 quum
2192 1245 2349 1301 iuxta
2394 1243 2727 1317 prudentem
2771 1240 2928 1296 existi·

423 1333 718 1389 mationem
744 1333 894 1390 idem
933 1336 1004 1390 sit
1039 1350 1167 1392 cum
1195 1350 1478 1391 sacrorum
1507 1335 1838 1406 scriptorum
1864 1333 2239 1408 autographis.
2262 1334 2419 1403 Quae
2459 1330 2723 1386 identitas
2756 1338 2927 1384 tamen
3013 1333 3014 1404 l

421 1420 623 1477 menda
660 1437 1018 1494 quaecunque
1044 1439 1158 1480 non
1185 1422 1454 1490 excludit3
1475 1423 1585 1478 illis
1603 1423 1749 1478 enim
1786 1422 2040 1479 vitiatum
2068 1437 2187 1478 esse
2213 1429 2423 1478 textum
2460 1416 2924 1476 massorethicum.

422 1507 659 1579 probant
687 1510 872 1566 omnia
909 1525 1008 1578 ea,
1035 1527 1176 1582 quae
1202 1509 1273 1566 de
1311 1512 1426 1566 eius
1451 1509 1577 1566 satis
1604 1510 1892 1566 retulimus
1912 1511 2228 1581 multaeque
2260 1507 2443 1564 variae
2477 1507 2762 1574 lectiones,
2795 1505 2929 1560 inter
3013 1513 3014 1516 ’

422 1611 558 1667 quas
586 1612 726 1668 quae
751 1599 819 1652 sit
857 1597 1218 1669 praeferenda
1245 1597 1377 1654 solis
1403 1596 1681 1654 codicibus
1704 1597 1973 1654 hebraicis
2002 1613 2117 1653 non
2151 1603 2333 1669 potest
2366 1594 2599 1651 definiri.
2627 1597 2703 1648 At
2730 1591 2927 1648 minora
3013 1585 3014 1596 ’

420 1683 686 1741 eiusmodi
713 1684 914 1741 menda
935 1687 995 1740 in
1023 1685 1277 1743 omnibus
1300 1687 1524 1743 omnino
1563 1685 1899 1741 versionibus
1926 1700 2146 1757 quoque
2171 1682 2522 1739 inveniuntur
2549 1690 2719 1753 atque
2746 1683 2805 1736 in
2828 1680 2929 1749 ipsa
3013 1709 3014 1712 =

419 1771 670 1844 Vulgata.
706 1775 880 1828 Porro
923 1772 1158 1830 ludaeos
1202 1789 1315 1830 uno
1355 1772 1598 1829 alterove
1644 1773 1702 1828 in
1738 1773 1861 1829 loco
1896 1773 2148 1840 (maxime
2186 1775 2284 1826 Ps.
2321 1775 2384 1826 21
2431 1769 2567 1841 [22]‚
2608 1775 2674 1825 1⁷
2713 1777 2771 1825 et
2806 1767 2931 1822 l'orte
3013 1765 3014 1770 ’

418 1861 513 1914 Ps.
557 1865 658 1915 109
705 1860 890 1930 [110],
929 1862 978 1930 6)
1023 1876 1091 1916 ex
1140 1861 1304 1916 variis
1330 1859 1687 1930 lectionibuS‚
1715 1876 1853 1933 quas
1896 1861 2241 1928 invenerunt,
2280 1856 2434 1914 illam
2481 1857 2733 1929 elegisse,
2782 1867 2930 1927 quam
3013 1861 3014 1908 ἰ

419 1945 741 2002 Christianis
794 1947 979 2004 minus
1033 1946 1217 2004 favere
1266 1947 1512 2004 sciebant
1529 1991 1543 2016 ‚
1584 1964 1699 2004 non
1735 1955 1949 2004 certum
1986 1946 2230 2019 quidem,
2275 1945 2372 2001 sed
2426 1943 2712 2016 probabile
2750 1951 2858 2010 est;
2885 1948 2931 1996 at

417 2032 542 2088 ideo
579 2033 919 2090 authentiam
957 2043 1140 2091 textus
1175 2035 1555 2092 massorethici
1590 2051 1704 2091 non
1739 2034 1977 2104 destrui,
2017 2033 2482 2090 demonstratione
2516 2048 2631 2088 non
2664 2031 2888 2104 indiget.

496 2204 554 2262 3.
586 2237 666 2247 —-
695 2204 923 2264 Contra
960 2203 1344 2282 propositam
1383 2205 1761 2264 sententiam
1808 2204 2149 2265 auctoritas
2194 2201 2643 2263 nonnullorum
2690 2201 2931 2260 Petrum
3013 2205 3014 2236 ³

418 2298 862 2377 iuniorumque
890 2301 1307 2376 interpretum
1337 2299 1656 2360 immerito
1686 2300 2053 2378 appellatur.
2080 2300 2231 2360 Nam
2262 2299 2548 2378 plerique
2574 2298 2792 2358 Patres
2821 2311 2933 2354 non
3013 2291 3014 2374 ss

419 2395 498 2456 de
526 2394 790 2455 hebraici
817 2399 1045 2466 textu3,
1069 2412 1258 2474 quem
1292 2396 1757 2473 ignoraverunt,
1782 2397 2181 2474 corruptione
2212 2399 2699 2472 conqueruntur,
2726 2392 2837 2454 sed
2864 2391 2933 2450 de
3013 2409 3014 2478 ᾗ

419 2491 598 2551 novis
646 2496 710 2552 et
769 2491 1079 2570 perversis
1135 2492 1531 2554 versionibus
1581 2491 1851 2571 graecis,
1899 2491 2126 2570 quibus
2181 2491 2393 2552 Iudaei
2448 2495 2815 2569 argumenta
2868 2505 2935 2547 ex
3013 2479 3014 2562 f

417 2585 818 2649 alexandrina
854 2588 1140 2648 versione
1179 2587 1468 2650 desumta
1503 2588 1761 2650 eludere
1800 2589 2003 2649 conati
2034 2593 2199 2650 sunt.
2241 2588 2428 2649 Pauci
2466 2591 2674 2648 autem
2703 2587 2929 2652 Patres,

417 2683 530 2761 qui
560 2684 638 2746 de
666 2684 961 2746 hebraico
988 2689 1162 2747 textu
1191 2691 1483 2765 corrupto
1509 2687 1876 2764 loquuntur,
1901 2686 1991 2746 uti
2023 2686 2211 2746 etiam
2240 2684 2517 2746 iuniores
2542 2683 2929 2761 interpretes,

417 2781 722 2859 exemplis
741 2825 754 2852 ,
790 2797 953 2858 quae
981 2783 1359 2856 attulerunt,
1390 2785 1696 2843 assertum
1725 2799 1906 2843 suum
1938 2799 2062 2842 non
2092 2781 2533 2860 probaverunt.

484 2895 818 2966 Plerumque
851 2897 1045 2952 Patres
1082 2892 1152 2950 de
1187 2895 1344 2951 novis
1379 2896 1640 2968 Aquilae,
1683 2895 2017 2968 Symmachi,
2056 2893 2453 2950 Theodotionis
2487 2893 2832 2950 versionibus
2864 2891 2934 2946 lo-

417 2990 678 3053 quuntur,
710 2981 908 3053 quibus
942 2982 1212 3039 nonnulla
1243 2983 1496 3040 vaticinia
1532 2983 1921 3052 obscurentur3
1952 2984 2030 3038 ita
2060 2985 2118 3039 S.
2151 2981 2602 3053 Chrysostomus
2632 2981 2710 3049 (in
2738 2978 2929 3036 Matth.

415 3068 568 3125 hom.
599 3069 734 3140 5‚2),
762 3069 820 3124 S.
851 3072 1110 3126 Iustinus
1135 3075 1216 3126 M.
1251 3071 1318 3138 (c.
1365 3069 1571 3144 Tryph.
1621 3077 1705 3125 71.
1757 3071 1865 3141 83),
1915 3070 1972 3126 S.
2016 3075 2293 3125 Irenaeus
2341 3073 2411 3138 (c.
2463 3068 2614 3124 haer.
2658 3069 2763 3124 111.
2795 3071 2929 3134 21,53

416 3156 617 3228 aliique
643 3164 1074 3229 conqueruntur,
1105 3157 1254 3230 quod
1281 3157 1520 3214 iuniores
1557 3158 1637 3214 illi
1664 3158 1994 3230 interpretes
2018 3158 2077 3213 in
2103 3161 2177 3213 Is.
2210 3163 2333 3224 7,14
2369 3172 2485 3214 non
2510 3157 2892 3214 transtulerint
2916 3174 2927 3206 :

421 3263 446 3294 α
477 3259 605 3299 ecce
631 3244 794 3314 virqo
826 3243 876 3311 (ἡ
915 3245 1165 3315 παρθένος)
1192 3247 1369 3317 pariet
1397 3265 1446 3314 n,
1480 3244 1579 3302 sed
1612 3265 1637 3295 «
1664 3245 2075 3302 adolescentula
2108 3265 2132 3298 ι
2166 3243 2214 3313 (ἡ
2248 3247 2449 3311 νεᾶνις).
2483 3243 2773 3300 Interdum
2802 3259 2929 3315 quo-

418 3347 545 3403 que,
575 3330 619 3386 si
659 3331 915 3387 vaticinia
954 3332 1014 3386 in
1041 3333 1196 3388 Novo
1224 3336 1369 3389 Test.
1400 3334 1569 3390 allata
1612 3332 1671 3387 iu
1709 3333 1821 3389 suis
1860 3333 2068 3404 graecis
2122 3340 2217 3387 aut
2262 3333 2445 3388 latinis
2490 3330 2774 3388 codicibus
2827 3345 2930 3386 non

415 3416 792 3488 inveniebant.
839 3420 1054 3491 aliquos
1097 3419 1270 3476 libros
1310 3420 1645 3476 ludaeorum
1690 3421 2025 3492 negligentia
2071 3429 2167 3476 aut
2210 3420 2417 3476 malitia
2464 3435 2581 3476 esse
2622 3417 2932 3490 deperditos

415 3507 674 3578 suspicati
717 3517 873 3576 sunt;
920 3508 996 3564 ita
1041 3509 1100 3564 S.
1145 3508 1583 3579 Chryses-tomus
1634 3508 1708 3580 (in
1746 3507 1947 3564 Matth.
1979 3508 2129 3564 hom.
2179 3512 2321 3579 9,4),
2372 3506 2501 3581 quia
2544 3523 2659 3562 non
2706 3505 2925 3569 invenit,

415 3595 638 3650 ubinam
664 3593 914 3650 Christus
957 3595 1059 3653 sub
1087 3597 1310 3652 nomine
1357 3596 1621 3652 Nazaraei
1646 3596 1719 3652 sit
1763 3595 2093 3667 praedictuS,
2121 3601 2215 3652 Ps.
2263 3595 2641 3652 Athanasius
2684 3593 2927 3668 (Synops.

415 3682 470 3738 S.
501 3683 558 3738 S.
588 3683 698 3754 78),
732 3683 859 3754 quia
887 3681 1058 3739 libros
1083 3684 1142 3738 in
1168 3685 1370 3739 Vetere
1396 3685 1544 3739 Test.
1577 3684 1840 3756 allegatos
1866 3699 1979 3738 non
2004 3684 2239 3754 amplius
2265 3682 2471 3739 invenit
2494 3691 2603 3738 etc.
2631 3680 2934 3754 Aliquotiae

413 3785 524 3825 nen
571 3769 640 3824 de
687 3771 976 3840 Scripturis
1019 3771 1293 3842 corruptis
1322 3771 1421 3826 sed
1461 3771 1531 3826 de
1578 3773 1725 3844 Lege
1769 3770 2089 3842 pharisaicis
2116 3771 2417 3843 praeceptis
2454 3774 2713 3841 corrupta
2742 3777 2929 3842 agunt,

415 3859 494 3912 uti
521 3858 579 3914 S.
610 3863 882 3914 Irenaeus
907 3859 974 3930 (c.
1007 3857 1161 3914 haer.
1189 3860 1286 3914 lv.
1321 3864 1426 3926 12).

483 3946 686 4002 Mirum
721 3955 933 4016 autem,
960 3946 1109 4018 quod
1138 3947 1197 4002 S.
1227 3949 1643 4018 Hieronymus,
1675 3947 1769 4018 qui
1805 3947 1967 4002 toties
1994 3966 2020 3998 α
2052 3943 2369 4004 hebraicam
2408 3946 2694 4002 veritatem
2728 3964 2751 3996 n
2788 3945 2931 4000 cele-

413 4034 616 4101 bravit,
662 4034 874 4105 aliquos
915 4043 1098 4089 textus
1144 4050 1177 4090 a
1223 4033 1440 4090 Iudaeis
1486 4043 1776 4105 corruptos
1822 4031 2047 4102 dixerit,
2094 4031 2192 4090 sed
2236 4033 2532 4090 immerito.
2576 4034 2719 4089 Nam
2760 4037 2927 4088 Deut.

411 4126 537 4189 27,2
561 4137 594 4177 a
622 4121 678 4177 S.
707 4121 879 4178 Paulo
909 4125 928 4189 (
955 4121 1091 4178 Gal.
1126 4126 1272 4190 3‚10)
1301 4123 1490 4195 utique
1515 4121 1817 4179 secundum
1841 4136 2095 4194 graecam
2122 4122 2431 4178 versionem
2457 4122 2741 4194 allegatur,
2779 4127 2841 4175 at
2868 4135 2931 4174 eo

409 4209 468 4263 in
505 4207 630 4264 loco
670 4208 844 4264 versio
881 4208 976 4264 illa
1013 4225 1141 4265 cum
1167 4218 1321 4266 textu
1350 4209 1507 4267 hebr.
1540 4219 1598 4266 et
1624 4219 1812 4266 nostra
1840 4208 2001 4282 Vulg.
2035 4208 2219 4282 quoad
2254 4224 2477 4266 sensum
2511 4217 2765 4264 accurate
2798 4223 2931 4263 con-

409 4305 596 4364 sonat;
621 4311 800 4367 neque
839 4297 1039 4352 rectius
1075 4307 1298 4354 accusat
1333 4298 1588 4367 ludaeos,
1622 4297 1772 4370 quod
1806 4296 1868 4352 in
1898 4300 2067 4352 Dent.
2099 4302 2259 4365 21‚23
2298 4301 2352 4364 (‹<
2388 4295 2711 4354 maledictus
2741 4311 2785 4351 a
2816 4299 2935 4351 Deo

409 4391 516 4451 est,
551 4383 643 4454 qui
670 4381 872 4455 pendet
897 4383 956 4438 in
982 4384 1133 4457 ligno
1165 4389 1214 4452 ν)
1245 4385 1508 4443 vocabula
1543 4406 1567 4438 α
1594 4403 1636 4441 a
1654 4389 1775 4442 Deo
1804 4405 1832 4436 ν
1860 4399 1929 4440 ex
1955 4381 2083 4440 odio
2110 4383 2310 4440 Christi
2338 4383 2674 4452 addiderint;
2699 4384 2757 4440 S.
2784 4384 2932 4438 Pau-

407 4469 494 4526 lus
525 4469 666 4540 (Gal.
699 4471 842 4543 3,13)
888 4487 954 4527 ea
999 4471 1220 4544 quidem
1265 4488 1377 4528 non
1420 4471 1615 4540 habet,
1656 4471 1755 4530 sed
1795 4487 1911 4528 non
1948 4479 2166 4526 tantum
2210 4473 2270 4528 in
2308 4481 2462 4527 textu
2506 4472 2687 4540 hebr.,
2733 4469 2834 4526 sed
2877 4469 2932 4525 in

405 4557 662 4615 omnibus
692 4559 1029 4616 versionibus
1059 4575 1279 4633 quoque
1307 4568 1553 4632 exstant3
1580 4575 1774 4618 revera
1794 4575 1827 4617 a
1854 4567 2115 4618 contextu
2142 4560 2561 4617 Deuteronomii
2588 4559 2933 4631 postulantur
