3050 5184
379 232 457 291 96
521 246 679 289 HIST.
714 246 1062 291 VERSIONUM
1091 247 1150 290 U.
1184 248 1243 291 T.
1277 265 1355 273 —
1380 246 1513 290 CAP.
1549 246 1647 290 111.
1681 248 1756 290 ΒΕ
1783 245 2032 291 GRAECIS
2059 246 2198 291 vss'r.
2233 246 2399 291 TEST.
2429 246 2840 290 vssnsmmuus,

382 394 612 449 vemque
646 379 874 435 Sanctos
902 399 927 429 ι»
960 378 999 433 i.
1032 395 1082 434 e.
1114 378 1419 434 monachos
1456 378 1726 449 quosdam
1761 378 2067 450 aegyptios,
2098 378 2193 449 qui
2221 392 2364 433 saec.
2394 384 2448 433 5.
2479 377 2536 432 in
2568 376 2931 433 Abessiniam

379 465 731 522 advenientes
758 466 1060 522 monastica
1086 466 1197 522 vita
1224 474 1530 539 propagata
1559 466 1842 523 ecclesiam
1871 465 2240 536 aethiopicam
2262 466 2685 521 confirmarunt.

458 635 516 693 8.
544 668 623 677 —
652 636 998 711 Utrumque
1048 636 1515 695 Testamentum
1561 652 1636 694 ex
1669 650 1895 711 graeco
1935 638 2110 694 textu
2139 634 2510 694 translatum
2551 636 2649 693 est
2691 649 2940 710 magna

380 746 525 790 cum
549 730 910 808 diligentia;
944 734 1008 790 at
1035 730 1357 808 primitiva
1381 730 1589 791 versio
1613 748 1651 790 a
1671 730 2024 792 iunioribus
2049 730 2510 791 correctoribus
2533 729 2800 807 saepius
2829 746 2940 789 re-

380 830 640 887 tractata
668 827 767 887 vel
796 828 1005 905 potius
1036 828 1125 887 ita
1163 830 1459 904 corrupta
1487 830 1603 897 est,
1633 830 1701 888 ut
1725 826 2067 887 hodiernus
2106 829 2316 887 textus
2355 825 2754 904 aethiopicus
2797 843 2941 886 non

382 938 637 1001 magnae
664 923 744 983 sit
771 923 1179 984 auctoritatis,

448 1038 586 1111 Tota
614 1035 1050 1108 aethiopicamm
1068 1036 1478 1108 scripturarum
1493 1036 1712 1091 indoles
1735 1051 1987 1109 graecam
2007 1037 2277 1109 originem
2303 1036 2514 1110 prodit3
2545 1050 2746 1091 sensus
2773 1036 2942 1091 enim

379 1138 611 1195 graecus
634 1123 835 1195 ubique
854 1125 1196 1197 exprimitur,
1218 1140 1449 1197 graecus
1476 1124 1613 1179 ordo
1643 1140 1984 1197 graecaeque
2010 1124 2394 1197 inscriptiones
2411 1124 2762 1181 psalmorum
2793 1138 2942 1179 con-

378 1220 625 1267 servatae
652 1221 809 1279 suat,
840 1228 1003 1269 voces
1029 1228 1259 1285 graecae
1287 1211 1622 1268 difficiliores
1648 1212 1938 1283 aliquoties
1962 1221 2207 1269 retentae
2233 1222 2388 1282 sunt,
2422 1210 2616 1269 eadem
2647 1209 2940 1267 vocabula

381 1297 655 1369 hebraica,
698 1316 839 1372 quae
877 1300 1234 1357 alexandrina
1270 1300 1446 1357 versio
1484 1298 1736 1367 exhibet,
1766 1300 1822 1354 in
1861 1299 2170 1371 aethiopica
2207 1317 2428 1373 quoque
2465 1300 2728 1372 leguntur
2751 1302 2938 1365 (Gen.

378 1392 570 1455 22‚13;
600 1394 635 1443 4
662 1392 795 1461 Req.
829 1395 952 1458 12,7
970 1412 984 1457 3
1016 1390 1200 1444 ludio.
1234 1387 1413 1460 5‚16);
1444 1389 1501 1443 in
1539 1390 1697 1443 Novo
1733 1388 1882 1443 Test.
1928 1389 2097 1459 aliqui
2132 1404 2349 1445 errores
2386 1388 2667 1461 leguntur,
2713 1388 2820 1457 qui
2866 1404 2942 1443 ex

374 1475 522 1531 male
548 1476 691 1531 lecto
716 1484 872 1532 textu
893 1492 1090 1548 graeco
1112 1484 1242 1531 sunt
1257 1474 1545 1532 derivandi
1564 1475 1799 1547 (Mattlo.
1821 1480 1948 1544 4,13
1969 1474 2324 1532 confunditur
2344 1474 2395 1527 ἐν
2415 1475 2560 1547 ὁρίοις
2579 1484 2636 1530 et
2659 1472 2710 1527 ἐν
2730 1474 2938 1545 ὄρεσιν,

382 1568 402 1617 1
451 1566 583 1619 Cor.
626 1570 753 1633 12,8
785 1564 866 1626 οὕς
900 1573 956 1619 et
990 1558 1076 1625 οὓς
1108 1563 1259 1635 etc.).
1309 1564 1502 1634 Neque
1529 1578 1722 1618 omnes
1749 1562 1924 1619 libros
1951 1562 2132 1619 eidem
2156 1564 2445 1635 interpreti
2472 1562 2678 1629 deberi,
2713 1561 2944 1619 docent

376 1648 625 1708 diversae
670 1651 993 1707 eorumdem
1033 1650 1427 1707 vocabulorum
1473 1650 1980 1721 interpretationeS‚
2031 1659 2196 1723 atque
2252 1652 2553 1707 nonnullae
2601 1665 2766 1706 voces
2815 1652 2943 1707 alio

375 1738 541 1793 modo
568 1740 628 1794 in
655 1741 747 1807 V.,
775 1740 882 1795 alio
908 1738 965 1793 in
1002 1740 1071 1795 N.
1102 1741 1167 1794 T.
1198 1738 1524 1794 redduntur.
1561 1740 1628 1793 In
1663 1754 1865 1810 genere
1905 1747 2118 1795 textum
2160 1754 2417 1812 graecum
2447 1745 2704 1794 accurate
2733 1745 2942 1795 trans-

374 1826 623 1881 tulerunt
659 1828 985 1897 interpretes
1022 1825 1171 1881 haud
1206 1842 1335 1882 raro
1371 1825 1548 1897 ipsam
1577 1824 1973 1881 vocabulorum
2012 1826 2266 1883 ordinem
2302 1827 2621 1882 retinentes
2653 1824 2766 1881 Sed
2809 1829 2944 1897 pri-

376 1914 599 1968 mitivus
625 1921 808 1969 textus
834 1912 907 1969 ad
948 1930 1052 1969 nos
1081 1930 1197 1969 non
1234 1912 1507 1984 pervenit3
1539 1913 1599 1967 in
1635 1911 1915 1968 codicibus
1951 1914 2125 1983 enim,
2159 1914 2254 1985 qui
2297 1928 2487 1969 omnes
2522 1922 2640 1968 tam
2667 1923 2950 1971 recentes

375 2009 533 2069 sunt,
584 2010 648 2056 ut
694 2001 1009 2071 paucisSImi
1054 2002 1275 2057 saeculo
1335 2006 1419 2055 15.
1469 1998 1770 2056 credantur
1825 2000 2156 2070 anterioreS,
2197 2003 2407 2057 multae
2454 2009 2508 2057 et
2559 2002 2946 2075 gravissimae

373 2088 726 2143 inveniuntur
753 2088 1123 2155 differentiam
1156 2102 1325 2160 quare
1354 2086 1497 2143 duae
1529 2087 1614 2143 vel
1653 2096 1766 2143 tres
1801 2096 1985 2143 textus
2023 2087 2312 2160 aethiopici
2341 2088 2688 2145 recensiones
2722 2088 2948 2145 admit—

375 2174 572 2232 tendae
610 2191 728 2231 esse
765 2174 1039 2243 videntur,
1073 2174 1143 2231 ad
1177 2191 1317 2246 quas
1357 2172 1712 2230 adornandas
1752 2174 1892 2231 sorte
1932 2178 2097 2231 etiam
2135 2174 2352 2232 codices
2389 2176 2590 2247 coptici
2623 2184 2680 2232 et
2721 2178 2947 2249 syriaci

374 2272 503 2319 sunt
520 2263 766 2319 adhibiti.
784 2266 977 2335 Itaque
989 2264 1196 2319 utilitas
1214 2263 1404 2319 critica
1418 2263 1684 2319 versionis
1707 2279 1910 2335 magna
1929 2280 2042 2319 non
2059 2272 2162 2321 est.

444 2351 773 2409 Psalterium
796 2360 852 2406 et
874 2351 1159 2407 Canticum
1179 2352 1335 2407 Cant.
1368 2350 1479 2406 iam
1506 2351 1652 2422 typis
1680 2350 1953 2421 descripta
1987 2359 2115 2407 sunt
2146 2352 2356 2407 Romae
2385 2358 2541 2407 1513.
2574 2360 2630 2406 et
2653 2352 2950 2411 Coloniae

378 2445 533 2494 1518.
561 2454 593 2495 a
616 2442 785 2494 Ioan.
808 2439 1027 2494 Potlcen
1054 2438 1391 2507 Coloniensi3
1424 2454 1477 2493 a.
1511 2444 1669 2495 1548.
1694 2446 1876 2494 totum
1903 2440 2045 2495 Nov.
2077 2440 2228 2494 Test.
2260 2442 2473 2495 Romae
2501 2438 2732 2509 prodiit,
2761 2449 2950 2511 pauci

374 2528 498 2582 Vct.
521 2528 585 2582 T.
608 2526 735 2582 libri
762 2524 1015 2598 Lugduni
1044 2528 1164 2581 Bat.
1192 2532 1349 2581 1660.
1381 2529 1586 2582 Parum
1615 2534 1870 2582 accurate
1904 2527 2097 2583 t'Nov.
2119 2528 2266 2583 Test.
2299 2525 2369 2583 ad
2398 2526 2655 2583 codicum
2681 2526 2880 2586 fidem
2917 2553 2944 2580 n

374 2614 545 2671 edidit
576 2616 678 2669 Tlae.
710 2619 775 2670 P.
808 2613 967 2671 Platc
998 2613 1255 2685 (Londini
1288 2618 1696 2681 1826.-1830.);
1727 2613 1976 2669 criticam
2005 2614 2174 2670 totius
2215 2616 2340 2670 Vet.
2371 2616 2437 2670 T.
2487 2613 2800 2671 editionem
2841 2618 2946 2673 in-

374 2702 595 2759 choavit
621 2702 931 2759 Dittmann
954 2701 1371 2774 (octateuchus
1404 2702 1624 2775 Lipsiae
1657 2708 1810 2757 1853.
1843 2704 2093 2771 Quatuor
2119 2702 2182 2758 ll.
2216 2703 2432 2775 Regum
2461 2706 2662 2769 18⁷1.).

1428 2936 1534 2989 IV.
1563 2938 1860 2991 Gothico..

450 3118 509 3174 9.
543 3150 621 3159 -
661 3117 873 3177 Gothis
916 3114 1130 3175 medio
1173 3132 1331 3175 saec.
1374 3118 1433 3175 4.
1476 3115 1788 3191 integram
1833 3115 2296 3193 scripturarum
2332 3116 2694 3177 versionem
2736 3117 2945 3181 dedit

374 3228 595 3271 eorum
629 3213 961 3289 episcopus
988 3210 1238 3271 arianus
1275 3210 1580 3287 Ulphilas,
1609 3228 1900 3289 graecum
1929 3215 2168 3272 textum
2195 3230 2269 3273 eo
2301 3216 2585 3292 tempore
2612 3214 2678 3272 in
2711 3216 2938 3276 eccle—

373 3307 462 3367 sia
490 3307 1164 3384 constantinopolitana
1193 3306 1512 3385 vulgatum
1535 3311 1818 3368 accurate
1849 3312 1914 3367 et
1932 3306 2207 3368 fideliter
2235 3314 2504 3370 secutus.
2535 3309 2740 3370 Hodie
2771 3330 2938 3373 ver-

374 3404 570 3464 sionis
616 3403 905 3481 gothicae
954 3420 1151 3480 pauca
1198 3408 1261 3462 et
1304 3404 1554 3465 minuta
1580 3404 1853 3473 Veteris,
1883 3404 2081 3464 multa
2127 3409 2190 3465 et
2230 3421 2458 3483 magna
2499 3406 2656 3466 Novi
2700 3408 2940 3471 Testa-

370 3502 567 3561 menti
598 3502 943 3579 fragmenta
966 3505 1321 3577 supersunt.

440 3611 755 3669 Gothorum
783 3627 911 3683 pars
936 3612 1047 3667 iam
1077 3628 1219 3667 saec.
1250 3618 1299 3666 3.
1342 3611 1509 3668 fidem
1541 3612 1780 3685 accepit3
1812 3613 1872 3668 in
1898 3614 2064 3669 Conc.
2101 3613 2344 3669 Nicaeno
2375 3616 2420 3669 1.
2453 3615 2600 3670 enim
2629 3630 2761 3671 cum
2796 3619 2940 3675 aliis

370 3698 681 3757 orthodoxo
711 3697 839 3754 fidei
870 3698 1121 3772 symbolo
1150 3698 1471 3770 subscripsit
1497 3720 1521 3752 α
1553 3700 1893 3771 Theophilus
1919 3699 2234 3757 Gothorum
2258 3700 2546 3773 episcopus
2569 3722 2622 3758 n.
2653 3706 2731 3759 At
2759 3702 2938 3762 brevi

370 3798 494 3859 post
540 3786 613 3843 ad
656 3788 1013 3842 arianismum
1054 3784 1403 3856 defecerunt,
1431 3803 1605 3859 quum
1647 3788 1716 3844 ab
1737 3787 1964 3844 -Hunnis
2006 3803 2038 3842 e
2065 3787 2286 3843 sedibus
2322 3790 2434 3844 suis
2481 3788 2626 3859 pulsi
2671 3798 2730 3845 et
2765 3791 2940 3849 inter

368 3874 651 3947 byzantini
677 3876 833 3946 regni
857 3874 998 3930 fines
1024 3876 1231 3946 recepti
1258 3874 1450 3930 ariano
1474 3874 1794 3945 imperatori
1822 3875 2042 3930 Valenti
2070 3890 2132 3931 se
2156 3884 2341 3947 gratos
2371 3885 2649 3945 praestare
2677 3877 2934 3937 vellent.

370 3965 445 4019 Eo
470 3970 721 4034 tempore
744 3977 977 4017 munere
1001 3961 1295 4033 episcopali
1316 3961 1463 4033 apud
1488 3978 1582 4017 eos
1613 3962 1943 4035 fungebatur
1963 3962 2224 4034 Ulphilas
2245 3963 2308 4035 (S.
2331 3963 2564 4020 Gulfilas
2581 3981 2628 4019 ε.
2649 3964 2934 4040 Urfilas)‚

369 4051 438 4107 de
462 4051 618 4106 cuius
644 4051 751 4105 vita
775 4049 911 4105 varii
934 4050 1227 4119 scriptores
1256 4050 1406 4105 varia
1431 4048 1656 4120 quidem
1683 4049 1932 4118 tradunt,
1965 4064 2130 4120 quem
2151 4058 2340 4106 tamen
2367 4051 2653 4108 arianismi
2675 4067 2936 4123 promo-

368 4148 547 4195 torem
564 4147 620 4195 et
638 4153 813 4193 novae
833 4138 1099 4192 versionis
1120 4136 1371 4208 gothicae
1390 4145 1675 4192 auctorem
1694 4152 1886 4192 omnes
1904 4136 2111 4193 dicunt.
2131 4139 2324 4193 versio
2344 4139 2462 4195 eius
2482 4140 2649 4195 etiam
2668 4155 2701 4196 a
2721 4142 2938 4199 catho-

368 4227 483 4283 licis
509 4226 709 4283 Gothis
736 4234 819 4281 est
846 4234 1063 4295 recepta
1084 4233 1250 4296 atque
1270 4224 1339 4280 ab
1358 4224 1570 4296 integra
1591 4232 1754 4297 gente
1771 4223 2040 4293 adhibita,
2065 4225 2330 4296 quamdiu
2349 4226 2408 4281 in
2429 4226 2658 4283 diversis
2680 4228 2802 4283 suis
2821 4246 2930 4287 se—

368 4312 528 4369 dibus
554 4314 770 4382 ssoruit3
802 4312 901 4368 sed
928 4327 1056 4367 cum
1084 4311 1395 4369 Gothorum
1422 4320 1590 4378 gente
1614 4312 1782 4367 etiam
1811 4310 2082 4382 disparuit
2110 4321 2166 4369 et
2195 4313 2460 4370 versionis
2477 4314 2628 4369 illius
2657 4322 2714 4370 et
2738 4316 2942 4387 ipsius

368 4400 588 4474 linguae
614 4400 864 4473 gothicae
888 4400 1176 4469 memoria,
1200 4399 1339 4457 adeo
1368 4408 1431 4454 ut
1450 4414 1592 4455 saec.
1625 4406 1732 4471 17.‚
1761 4415 1934 4472 quum
1957 4399 2130 4456 codex
2157 4409 2467 4473 argenteus,
2493 4402 2588 4473 qui
2611 4404 2932 4475 praecipua

368 4488 791 4560 Evangeliorum
821 4488 1171 4561 gothicorum
1200 4486 1506 4559 fragmenta
1555 4488 1827 4557 continet,
1859 4488 2035 4558 prima
2083 4488 2200 4545 vice
2228 4488 2504 4554 ederetur,
2534 4488 2934 4560 disceptatum

368 4575 457 4641 sit,
490 4591 727 4648 quanam
762 4578 949 4650 lingua
987 4577 1097 4633 sint
1132 4574 1470 4646 conscripta3
1508 4590 1650 4647 quae
1680 4576 2052 4631 controversia
2076 4578 2233 4633 novis
2267 4576 2501 4648 repertis
2537 4575 2940 4653 documentiS,
