3050 5184
349 285 430 344 42
511 299 789 344 HISTORIA
830 299 1080 344 cANoms
1108 299 1444 351 UTRIUSQUE
1477 261 1876 344 TESTAtinNTI.
1912 314 1990 324 -·
2019 295 2155 340 CAP·
2188 294 2283 338 111.
2318 291 2455 336 CAN.
2488 289 2630 334 N0v1
2664 289 2849 359 Tnsjr.

350 429 602 487 adhibuit
629 437 662 486 2
691 430 837 486 Petri
879 431 1195 502 epistolam,
1239 430 1583 503 eandemque
1623 431 1785 502 plane
1820 429 2041 501 ignorat
2076 429 2134 484 S.
2180 425 2539 497 Cyprianus.
2572 420 2673 476 Ad
2716 420 2909 477 Iacobi

350 519 638 588 epistolam
678 518 846 574 dubia
871 526 1088 574 tantum
1113 517 1386 590 reperitur
1411 518 1609 575 allusio
1650 522 1828 586 (Tert.
1860 532 1909 573 c.
1948 514 2072 572 Iud.
2103 519 2165 583 23
2197 513 2280 569 cfr
2308 516 2419 567 Iac.
2447 513 2587 580 2,23)
2628 517 2693 564 et
2712 509 2775 564 S.
2809 509 2913 579 Cy-

355 607 578 675 prianus
615 607 818 662 iterum
864 622 988 664 eam
1027 606 1265 679 ignorat.
1297 606 1557 662 Citationi
1600 621 1668 661 ex
1714 621 1801 677 ep.
1846 604 1919 661 ad
1964 602 2137 660 Hebr.
2189 601 2371 670 (6,4·8)
2402 597 2795 654 Tertullianus
2828 594 2912 662 (de

354 691 544 749 Pudic.
576 699 666 762 2ο)
687 694 988 765 praemittit
1013 703 1221 762 notam,
1251 709 1374 751 eam
1397 694 1717 766 epistolam,
1750 707 1893 765 quae
1914 689 2201 746 Barnabae
2232 687 2517 754 debeatur,
2552 705 2575 736 ι
2607 687 2911 757 receptio-

351 797 478 836 rem
513 781 684 854 apud
713 783 992 838 ecclesias
1028 797 1146 838 esse
1184 782 1279 839 illo
1309 781 1627 856 apocrypho
1655 782 1881 837 Pastore
1915 799 1974 847 »ς
2006 781 2064 836 S.
2089 777 2422 850 Cyprianus,
2454 789 2633 845 quum
2662 772 2909 828 Paulum

352 867 422 924 ad
459 876 672 942 septem
701 871 957 926 ecclesias
1002 871 1280 942 scripsisse
1323 879 1535 926 asserat
1564 869 1651 940 (de
1694 868 1927 924 Exhort.
1974 870 2139 922 mart.
2186 871 2247 922 11
2290 863 2415 932 etc.)
2434 904 2449 931 ,
2484 861 2801 933 epistolam
2842 857 2913 913 ad

350 957 522 1013 Hebr.
553 967 650 1013 aut
680 959 842 1029 plane
874 958 1092 1030 ignorat
1129 967 1224 1013 aut
1260 959 1460 1014 saltem
1485 958 1663 1013 Paulo
1699 956 1909 1012 auctori
1940 952 2235 1010 abiudicat.
2276 949 2553 1022 Epistolae
2581 954 2643 1004 2.
2680 955 2717 1004 3
2748 948 2905 1003 Ioan.

351 1058 383 1098 a
403 1055 604 1100 neutro
635 1044 858 1116 quidem
891 1046 1159 1117 scriptore
1186 1047 1444 1114 citantur,
1473 1045 1571 1101 sed
1606 1043 1980 1100 Tertullianus
2006 1043 2203 1097 saltem
2232 1041 2417 1112 plures
2445 1037 2717 1108 epistolas
2740 1037 2911 1090 Ioan-

346 1126 434 1182 nis
457 1127 745 1198 agnovisse
775 1127 993 1185 videtur
1017 1128 1108 1193 (de
1135 1128 1332 1185 Pudic.
1366 1133 1451 1184 19.
1489 1149 1514 1179 e
1549 1130 1787 1183 Ioannes
1812 1126 1869 1181 in
1895 1129 2095 1197 prima
2120 1125 2353 1196 epistola
2385 1145 2410 1176 n
2444 1125 2596 1189 etc.).

419 1216 476 1271 S.
507 1215 724 1271 Irenaei
762 1219 839 1272 M.
875 1216 946 1272 ad
984 1222 1039 1272 2.
1069 1217 1220 1272 Petri
1248 1225 1303 1272 et
1341 1216 1512 1272 Iudae
1552 1213 1813 1287 epistolas
1838 1229 1909 1269 ne
1943 1213 2140 1269 allusio
2179 1210 2403 1285 quidem
2430 1210 2759 1282 reperitur3
2792 1215 2909 1262 tres

349 1305 556 1368 autem,
587 1300 686 1355 sed
713 1302 845 1357 satis
871 1301 1019 1358 leves
1039 1346 1054 1372 ,
1085 1301 1159 1359 ad
1187 1305 1300 1359 Iac.
1330 1309 1458 1372 233
1493 1312 1552 1359 et
1577 1310 1702 1370 1,18
1729 1299 1798 1374 (c.
1824 1303 1979 1360 haer.
2009 1305 2107 1359 lv.
2142 1309 2227 1358 13.
2259 1309 2351 1367 16;
2383 1303 2449 1357 V.
2480 1306 2552 1369 1),
2584 1301 2737 1356 item
2762 1299 2907 1356 duar-

347 1383 498 1441 leves
524 1386 597 1442 ad
621 1389 794 1444 Hebr.
831 1396 920 1458 1,3
941 1400 998 1447 et
1028 1397 1146 1458 10‚1
1185 1392 1253 1462 (c.
1290 1391 1445 1448 haer.
1491 1393 1567 1448 11.
1602 1398 1699 1460 3⁰3
1732 1393 1827 1448 IV.
1860 1393 1970 1462 11),
2000 1390 2099 1447 sed
2126 1399 2265 1448 teste
2300 1390 2534 1446 Eusebio
2567 1390 2665 1458 (Η.
2715 1389 2788 1444 Ε.
2836 1389 2902 1439 V.

349 1477 432 1542 36)
471 1475 528 1529 in
555 1477 820 1548 opusculo
862 1477 1029 1534 hodie
1055 1478 1344 1549 deperdito
1372 1482 1428 1537 S.
1462 1481 1723 1536 irenaeus
1764 1479 1980 1552 aliquas
2007 1479 2305 1535 sententias
2334 1493 2402 1534 ex
2437 1493 2503 1534 ea
2526 1477 2900 1548 allegaverat.

345 1561 527 1619 Etiam
563 1570 595 1618 3
629 1566 784 1621 Ioan.
832 1565 902 1622 ab
943 1582 1010 1622 eo
1039 1583 1154 1622 non
1181 1567 1470 1640 allegatur,
1503 1567 1601 1624 sed
1642 1567 1787 1623 duae
1824 1567 2033 1638 priores
2068 1574 2315 1635 tantum3
2346 1563 2663 1621 notandum
2710 1573 2901 1620 autem

347 1658 456 1717 est,
497 1652 691 1707 tertiae
735 1652 1056 1726 allegandae
1096 1655 1182 1710 vix
1220 1655 1270 1710 ei
1313 1654 1478 1710 fuisse
1515 1657 1883 1713 occasionem.
1912 1655 2131 1728 Reliqui
2164 1653 2287 1710 libri
2333 1669 2525 1710 omnes
2570 1651 2903 1708 nominibus

347 1737 499 1808 nand
525 1755 652 1794 raro
682 1738 938 1796 additis‘a
964 1744 1020 1799 S.
1044 1743 1288 1798 Doctore
1317 1744 1465 1798 velut
1495 1741 1711 1799 divinae
1729 1743 2042 1816 scripturae
2068 1741 2421 1810 adhibentur,
2444 1740 2545 1797 sed
2572 1740 2900 1812 scripturae
3007 1747 3008 1786 ἒ

345 1826 568 1881 nomine
591 1828 758 1882 etiam
786 1828 856 1884 ab
885 1845 950 1884 eo
979 1830 1210 1885 affertur
1236 1832 1478 1887 Hermae
1505 1834 1703 1886 Pastor
1727 1832 1792 1898 (c.
1826 1830 1979 1886 haer.
2013 1832 2107 1886 IV.
2134 1833 2244 1900 20).

425 1974 689 2036 Saeculo
715 1981 775 2037 2.
821 1979 1014 2056 igitur
1050 1985 1313 2040 exeunte
1354 1997 1417 2040 m
1461 1982 1833 2052 occlusum,
1874 1980 1925 2040 si
1957 1980 2240 2041 omnium
2279 1979 2699 2040 ecclesiarum
2730 1980 2897 2038 cata·

343 2069 473 2150 logi
491 2073 974 2152 coniunguntur,
999 2093 1218 2136 omnes
1247 2077 1406 2137 Novi
1438 2079 1605 2137 Test.
1635 2077 1814 2149 libri,
1844 2081 2107 2156 excepta
2135 2079 2172 2137 2
2199 2077 2403 2154 Petri,
2438 2080 2619 2136 erant
2648 2071 2893 2150 recepti

347 2171 410 2228 et
439 2185 552 2246 pro
583 2171 814 2231 divinis
843 2172 1069 2250 agniti,
1093 2171 1205 2234 sed
1237 2189 1382 2232 cum
1411 2174 1503 2233 eis
1538 2174 1662 2234 duo
1695 2191 1819 2234 non
1848 2174 2169 2252 inspirati,
2198 2174 2309 2251 qui
2341 2177 2558 2250 postea
2588 2189 2623 2232 e
2652 2185 2893 2232 canone

347 2269 492 2335 sunt
517 2267 726 2327 eiecti.

417 2381 688 2449 Quacum·
712 2383 1074 2455 Evanqelia‚
1107 2385 1316 2448 Actus,
1347 2382 1632 2439 tredecim
1654 2385 1971 2453 Paulinae,
2010 2391 2033 2440 1
2066 2386 2245 2450 Petri,
2279 2391 2303 2439 1
2342 2383 2624 2447 Ioannis,
2660 2387 2890 2454 Apoca-

348 2466 530 2539 lypsis
583 2467 640 2522 in
690 2469 946 2525 omnibus
991 2469 1232 2527 ecclesiis
1278 2469 1713 2527 occidentalibus
1766 2479 1917 2528 certa
1970 2471 2174 2528 habent
2221 2471 2566 2538 testimonia,
2628 2467 2887 2542 epistola

344 2555 540 2610 Iacobt‘
575 2565 788 2612 certum
823 2557 1202 2613 testimonium
1234 2559 1294 2614 in
1331 2573 1593 2626 romana,
1635 2557 1866 2615 dubium
1902 2560 1959 2614 in
2001 2558 2240 2615 africana
2280 2567 2337 2614 et
2384 2559 2690 2631 gallicana,
2739 2561 2793 2613 2.
2834 2561 2886 2610 et

347 2647 399 2697 3.
431 2645 674 2699 Ioannis
710 2645 842 2700 satis
874 2655 1024 2702 certa
1062 2646 1120 2701 in
1153 2646 1410 2702 omnibus
1444 2646 1716 2711 ecclcsiiS,
1748 2646 1940 2702 Iudae
1974 2655 2125 2703 certa
2153 2647 2209 2702 in
2253 2661 2481 2702 romana
2516 2654 2571 2702 et
2600 2645 2880 2702 africana.

345 2745 431 2802 ep.
462 2732 550 2788 ad
577 2731 757 2787 Hebr.
795 2733 855 2788 in
881 2732 1159 2804 aliquibus
1185 2735 1429 2790 ecclesiis
1456 2738 1735 2802 receptam
1766 2733 1953 2802 fuisse,
1988 2742 2222 2791 testatur
2245 2734 2479 2790 Tertull.
2510 2741 2565 2789 et
2594 2733 2775 2789 dubia
2802 2740 2883 2786 te-

343 2818 598 2875 stimonia
629 2819 796 2875 habet
832 2821 888 2876 in
929 2821 1220 2894 gallicana.
1252 2851 1322 2862 -
1358 2825 1612 2877 Romana
1638 2821 1866 2878 ecclesia
1904 2821 1975 2876 ad
2018 2822 2294 2892 publicam
2341 2820 2638 2877 lectionem
2664 2818 2883 2878 admisit

343 2908 750 2980 Apocalypsin
774 2913 950 2976 Petri,
983 2910 1039 2965 S.
1073 2912 1332 2964 Irenaeus
1360 2908 1508 2964 velut
1536 2909 1874 2980 scripturam
1897 2909 2149 2965 adhibuit
2176 2915 2484 2966 Pastorem
2516 2913 2797 2964 Hermae.

422 3057 479 3116 6.
507 3059 681 3116 —In
721 3057 992 3118 Omana
1038 3063 1302 3118 exeunte
1345 3076 1502 3119 saec.
1534 3062 1593 3118 2.
1633 3059 1895 3118 ecclesia
1928 3075 2177 3119 srnucA
2216 3059 2375 3120 forte
2426 3059 2551 3120 iam
2590 3055 2877 3138 possedit

344 3152 650 3230 integram
682 3154 836 3213 Novi
866 3156 1036 3214 Test.
1065 3154 1523 3215 collectionem.

413 3267 629 3321 Etenim
648 3282 790 3323 saec.
820 3275 872 3322 2.
901 3265 1168 3322 adornata
1197 3277 1281 3322 est
1317 3268 1494 3323 versio
1534 3269 1740 3340 syriaca
1780 3269 1920 3324 Novi
1948 3269 2097 3324 Test.
2132 3269 2457 3346 (Pescltt'tol,
2501 3285 2646 3340 quae
2684 3279 2873 3324 omnes

344 3352 515 3410 libros
559 3351 778 3409 videtur
816 3352 1312 3426 comprehendisse.
1351 3355 1436 3410 Ab
1475 3355 1743 3411 hodierna
1784 3355 2006 3429 quidem
2044 3355 2300 3412 Peschito
2343 3358 2597 3412 exsulant
2630 3363 2664 3412 2
2704 3352 2867 3411 Petri,

341 3445 395 3496 2.
429 3447 461 3497 3
485 3443 740 3509 IoanniS,
772 3440 974 3509 Iudae,
1004 3443 1396 3514 Apocalypsis;
1422 3459 1553 3498 nam
1580 3443 1670 3498 illa
1704 3433 1945 3516 quinque
1967 3445 2199 3499 istorum
2223 3443 2489 3500 librorum
2513 3446 2712 3512 versio,
2735 3455 2871 3514 quae

342 3527 506 3584 hodie
533 3545 565 3584 a
593 3530 742 3602 Syris
769 3528 1093 3585 orthodoxis
1119 3531 1339 3602 legitur,
1369 3531 1625 3586 omnibus
1654 3529 1951 3587 fatentibus
1970 3532 2199 3587 iunioris
2225 3541 2311 3588 est
2333 3532 2576 3605 originis,
2602 3537 2680 3589 At
2703 3531 2867 3587 altera

341 3632 407 3672 ex
437 3626 592 3684 parte
619 3619 677 3673 S.
708 3617 1004 3688 Ephraem,
1037 3633 1203 3689 quem
1231 3633 1458 3690 graecae
1487 3617 1705 3690 linguae
1733 3619 1991 3692 ignarum
2016 3618 2181 3674 fuisse
2208 3628 2445 3690 constat,
2479 3620 2726 3692 quinque
2751 3617 2869 3673 illos

341 3703 508 3760 libros
531 3705 698 3760 etiam
737 3720 846 3760 una
874 3721 1002 3761 cum
1043 3705 1164 3761 aliis
1192 3704 1509 3777 frequenter
1536 3707 1595 3761 in
1622 3706 1735 3762 suis
1763 3706 2022 3778 operibus
2054 3705 2327 3776 adhibuit,
2357 3708 2483 3765 illos
2512 3723 2645 3780 ergo
2673 3706 2742 3779 ‚in
2772 3717 2865 3760 suo

339 3791 531 3848 codice
558 3793 709 3865 legit,
741 3808 805 3848 ac
833 3793 989 3864 proin
1030 3793 1313 3865 probabile
1350 3802 1461 3862 est,
1503 3809 1598 3849 eos
1636 3795 1697 3848 in
1739 3795 1967 3866 antiqua
2010 3795 2263 3850 versione
2307 3795 2575 3864 adfuisse,
2610 3794 2711 3852 sed
2748 3798 2865 3864 post

341 3881 634 3952 Ephraemi
664 3889 901 3937 aetatem
924 3897 956 3936 a
985 3881 1327 3937 Nestorianis
1354 3897 1385 3936 e
1411 3897 1623 3937 canone
1653 3897 1772 3937 esse
1801 3883 2022 3938 eiectos.

419 4031 564 4092 Sine
595 4031 726 4092 ullo
759 4035 970 4091 autem
1004 4030 1196 4091 dubio
1231 4048 1394 4090 saec.
1431 4033 1488 4090 3.
1525 4031 1781 4090 ineunte
1818 4030 2131 4110 integram
2174 4033 2613 4093 collectionem
2652 4045 2855 4112 posse-

341 4127 568 4189 derunt
605 4129 1049 4188 Ataxaunmm.
1084 4125 1356 4188 Clemens
1386 4127 1560 4186 Alex.
1595 4123 1855 4205 quidem
1898 4127 2058 4189 forte
2098 4131 2287 4190 etiam
2328 4131 2646 4191 nonnullis
2687 4122 2856 4189 libris

337 4241 465 4284 non
511 4224 829 4302 inspiratis
872 4224 1308 4285 auctoritatem
1353 4225 1713 4283 canonicam
1754 4225 2070 4297 attribuit,
2107 4226 2218 4287 sed
2246 4225 2526 4302 Oriqenes
2553 4239 2768 4288 omnes
2799 4222 2852 4278 et

340 4321 506 4382 solas
530 4321 818 4382 hodierni
850 4321 1047 4381 nostri
1075 4320 1330 4381 canonis
1361 4320 1717 4398 Scripturas
1745 4321 2019 4398 agnovit.

414 4435 758 4492 Clementem
795 4437 965 4490 Alex.
1005 4434 1254 4490 omnium
1289 4435 1721 4504 scripturarum,
1758 4453 1783 4484 α
1827 4450 1897 4490 ne
1938 4434 2047 4490 illis
2093 4435 2315 4508 quidem
2354 4437 2760 4509 praetermissis,
2790 4427 2852 4484 de

339 4513 540 4596 quihus
566 4521 860 4594 ambigitur
901 4543 926 4572 n
969 4521 1116 4592 (μηδὲ
1153 4520 1238 4582 τὰς
1276 4519 1657 4592 ἀντιλεγομένας
1700 4521 1973 4593 παρελθών)
2006 4525 2457 4595 compendiosam
2498 4525 2851 4582 narrationem

337 4610 634 4667 instituisse
675 4608 846 4666 refert
877 4608 1142 4665 Eusebius
1169 4610 1267 4678 (H.
1301 4611 1364 4664 E.
1404 4611 1502 4664 VI.
1550 4609 1632 4680 14)
1653 4651 1668 4678 ,
1700 4609 1925 4681 eiusque
1960 4631 1984 4662 α
2015 4609 2465 4670 adumbrationes
2494 4635 2521 4666 ι
2556 4615 2611 4670 in
2640 4623 2667 4670 1
2695 4603 2844 4668 Petri,
