3050 5184
425 311 541 371 458
624 326 698 367 DE
740 326 883 369 Novl
918 326 1083 368 TEST.
1117 324 1311 369 Limus
1340 323 1688 367 msronmss.
1723 340 1802 351 -
1830 324 1960 367 CAP.
1996 327 2038 368 1.
2073 328 2150 371 DE
2177 327 2528 373 BVANGEuoe
2562 326 2878 371 sYnorncls.

424 457 755 529 Evangelia
782 458 1121 529 apocrypha
1150 455 1444 521 quaedam,
1476 470 1620 513 uuae
1647 464 1880 511 exeunte
1901 462 1955 513 2.
1987 473 2128 513 saec.
2161 459 2426 515 latissime
2445 466 2732 528 propagata
2755 457 2902 509 Evan-

427 545 629 617 gelium
657 546 928 602 Matthaei
964 545 1249 617 cognitum
1284 550 1632 614 supponunt,
1661 544 1742 598 uti
1769 544 2246 617 Protevangelium
2287 547 2471 604 Iacobi
2504 555 2559 603 et
2593 544 2902 615 Evangelium

426 632 730 689 secundum
758 632 1063 689 Hebraeos.

508 787 565 844 5.
596 819 677 828 —
705 785 949 855 Quibus
972 782 1191 844 multis
1214 782 1753 860 validissimisque
1777 784 2128 861 primorum
2153 785 2410 847 Patrum
2441 785 2518 847 de
2541 785 2727 847 huius
2746 786 2907 843 Evan-

426 882 578 957 gelii
612 881 941 941 authentia
969 880 1351 941 testimoniis
1384 880 1680 956 antiquae
1709 897 1960 958 quoque
1995 882 2429 961 inscriptionis
2466 882 2910 955 versionumque

429 977 557 1037 iam
592 977 802 1037 medio
836 994 994 1037 saec.
1032 980 1092 1036 2.
1133 976 1576 1036 adornatarum
1606 977 1940 1037 auctoritas
1977 978 2112 1039 iure
2143 980 2379 1040 merito
2423 978 2702 1050 additum
2737 992 2907 1051 neque

430 1074 660 1134 desunt
708 1074 989 1133 internae
1034 1073 1326 1143 rationes,
1365 1073 1596 1150 quibus
1633 1073 1932 1133 historica
1967 1080 2337 1151 argumenta
2371 1076 2820 1136 confirmantur.
2853 1072 2914 1129 At

430 1171 743 1247 optimum
789 1170 1145 1230 authentiae
1184 1174 1621 1247 argumentum
1661 1170 1842 1229 nobis
1891 1171 2194 1247 praebent
2236 1170 2912 1250 ipsae-adversariorum

429 1266 845 1341 obiectioneS,
895 1267 1130 1345 quippe
1172 1282 1334 1343 quae
1378 1266 1608 1344 partim
1651 1266 1809 1326 nihil
1855 1268 1976 1326 nisi
2028 1268 2422 1346 praeiudicia
2475 1265 2912 1331 rationalistica,

430 1363 661 1440 partim
684 1367 897 1424 autem
923 1367 1055 1431 tam
1084 1362 1251 1423 levia
1279 1363 1435 1433 sint,
1474 1366 1547 1423 ut
1573 1362 1678 1422 vix
1704 1362 2106 1441 intelligatur,
2141 1365 2464 1443 quomodo
2492 1362 2816 1425 adversarii
2837 1376 2914 1420 eas

432 1458 707 1537 proferre
740 1462 1033 1521 audeant.

498 1566 583 1619 De
608 1564 969 1637 inscriptione
1006 1563 1109 1620 cfr.
1150 1568 1181 1632 §
1220 1568 1307 1630 1,4
1351 1579 1406 1635 p.
1456 1543 1596 1631 4583·
1645 1563 1715 1619 de
1761 1565 2080 1621 versionum
2121 1566 2323 1621 latinae
2367 1575 2422 1622 et
2461 1567 2704 1641 syriacae
2748 1561 2914 1634 origine

428 1652 580 1707 Diss.
614 1654 688 1707 11.
718 1655 749 1721 §
781 1658 845 1708 12
869 1667 925 1723 p.
952 1657 1015 1707 91
1048 1666 1135 1723 sq.
1168 1660 1224 1707 et
1252 1655 1282 1719 §
1310 1657 1392 1707 14.
1426 1668 1479 1722 p.
1516 1658 1615 1707 102
1647 1668 1730 1723 sq.
1757 1682 1830 1691 —
1861 1651 1950 1707 Ad
1981 1652 2225 1709 internas
2261 1654 2506 1711 rationes
2547 1652 2699 1725 quod
2730 1652 2912 1708 attinet.

430 1739 659 1795 modum
674 1782 687 1807 ,
720 1755 829 1811 quo
854 1748 1110 1795 nostrum
1131 1739 1493 1811 Evangelium
1518 1739 1590 1795 de
1615 1739 1896 1795 Matthaeo
1920 1740 2189 1813 loquitur,
2213 1742 2398 1814 aptius
2419 1742 2710 1813 explicari,
2741 1741 2782 1795 si
2807 1742 2917 1809 Apo·

430 1828 605 1882 stolus
630 1828 749 1898 ipse
775 1835 859 1882 est
882 1828 999 1882 eius
1022 1834 1234 1895 auctor,
1257 1826 1367 1883 iam
1388 1828 1630 1881 innuunt
1647 1829 1842 1883 Patres
1859 1826 1961 1892 (cfr
1981 1844 2035 1901 p.
2059 1835 2217 1898 454),
2239 1829 2523 1902 quomodo
2545 1829 2730 1885 eidem
2748 1826 2916 1884 auctori

428 1916 616 1986 lingua
648 1915 943 1985 primitiva,
970 1913 1282 1983 destinatio,
1314 1914 1437 1969 finis
1462 1914 1646 1985 operis
1669 1915 1992 1983 conveniat,
2025 1932 2091 1972 ex
2131 1916 2378 1973 dicendis
2406 1917 2718 1989 apparebit.
2747 1912 2920 1985 Quibus

428 2002 648 2059 interim
686 2003 902 2058 omissis
930 2001 1266 2059 obiectiones
1296 2001 1742 2059 adversariorum
1781 2004 2104 2075 praecipuas
2137 2006 2324 2076 paucis
2359 2006 2786 2077 explicabimus,
2813 2016 2921 2073 quas

430 2107 499 2147 ex
529 2089 747 2147 duobus
788 2090 1177 2147 recentissimis
1210 2090 1467 2162 operibus
1502 2090 1844 2147 desumimus
1879 2096 1974 2158 (H.
2017 2096 2090 2149 A.
2127 2096 2228 2147 W.
2269 2097 2472 2165 Meyer
2507 2096 2733 2166 Exeget.
2767 2088 2920 2147 Hand-

428 2178 575 2235 buch
602 2178 768 2234 1.-Ed.
792 2185 845 2234 7.
869 2194 984 2235 cur.
1008 2182 1077 2235 B.
1104 2181 1325 2235 Weiss.
1344 2178 1650 2251 Gottingcn
1675 2186 1829 2235 1883.
1859 2196 1916 2251 p.
1943 2187 1974 2235 3
1999 2196 2122 2252 sqq.
2150 2189 2207 2236 ct
2231 2186 2306 2236 H.
2341 2187 2383 2236 Ι.
2417 2181 2784 2240 Housmam
2807 2174 2918 2233 Einl.
3005 2234 3007 2249 Σ

428 2268 487 2322 in
510 2266 611 2322 das
633 2268 701 2323 N.
730 2268 794 2321 T.
825 2267 1091 2341 Freiburg
1121 2273 1277 2323 1885.
1309 2282 1365 2338 p.
1395 2273 1497 2322 346
1524 2283 1608 2338 sq.
1639 2273 1741 2321 365
1769 2273 1898 2339 sq.).
3005 2272 3007 2279 '

497 2356 579 2410 Ex
603 2354 975 2411 obiectionum
996 2370 1229 2411 numero
1248 2362 1432 2411 autem
1452 2354 1796 2410 excludimus
1823 2356 2152 2426 praeiudicia
2171 2356 2589 2427 rationalistica,
2621 2356 2814 2430 quibus
2833 2350 2922 2409 nixi

430 2443 604 2498 multa
632 2442 899 2499 miracula
926 2453 1021 2500 aut
1042 2442 1373 2499 miraculosa
1402 2442 1491 2507 (de
1518 2442 1679 2497 stella
1710 2457 2029 2512 magorum,
2060 2443 2457 2501 tentationibus
2484 2445 2742 2511 Domini,
2772 2456 2922 2499 resur·

432 2533 671 2586 rectione
698 2530 999 2587 multorum
1026 2539 1343 2587 sanctorum
1372 2545 1500 2585 cum
1526 2530 1746 2586 Christo
1772 2534 1902 2597 etc.)
1931 2530 2000 2586 ab
2029 2532 2298 2602 Apostolo
2325 2532 2542 2588 narrari
2577 2532 2816 2605 potuisse
2847 2544 2922 2585 ne·

430 2626 563 2690 gant
588 2616 907 2673 adversarii.
938 2622 1011 2674 At
1038 2616 1367 2689 praeprimis
1387 2626 1646 2684 monent,
1672 2633 1762 2673 res
1789 2617 1942 2685 illas,
1973 2617 2173 2691 quibus
2198 2618 2513 2676 Matthaeus
2539 2621 2702 2677 testis
2723 2617 2924 2675 ocularis

427 2704 631 2775 adfuit,
674 2720 871 2777 parum
912 2704 1169 2773 dilucide,
1214 2706 1386 2761 immo
1416 2703 1708 2777 languide,
1751 2706 1993 2775 narrari,
2041 2706 2228 2762 locum
2273 2716 2608 2780 tempusque
2654 2716 2710 2763 et
2749 2707 2922 2775 reliqua

428 2808 613 2851 rerum
638 2802 915 2865 gestarum
944 2793 1220 2861 adiuncta,
1255 2793 1339 2848 uti
1367 2793 1536 2848 etiam
1559 2794 1876 2849 occasiones
1905 2794 2194 2851 historicas
2229 2808 2550 2851 sermonum
2589 2796 2826 2862 Domini,
2853 2798 2924 2847 aut

427 2897 566 2954 vago
611 2880 781 2937 modo
806 2878 1065 2949 iudicari,
1088 2889 1185 2935 aut
1206 2881 1371 2952 plane
1394 2880 1602 2949 omitti,
1632 2881 1802 2937 verba
1817 2920 1835 2948 ‚
1867 2896 2008 2953 quae
2031 2897 2064 2937 a
2093 2884 2331 2939 Domino
2359 2880 2596 2940 diversis
2619 2880 2927 2953 temporibus

426 2977 484 3025 et
528 2967 755 3024 diversis
797 2969 855 3024 in
890 2967 1275 3024 occasionibus
1321 2967 1467 3023 dicta
1508 2968 1646 3036 sint,
1677 2968 1738 3023 in
1783 2968 1964 3040 primo
2004 2972 2302 3043 Evangelio
2339 2969 2662 3028 immediate
2702 2966 2928 3037 coniungi

426 3066 531 3112 etc.
569 3057 689 3123 Qua
735 3056 793 3111 in
829 3055 1132 3111 obiectione
1174 3053 1473 3112 adversarii
1510 3071 1740 3112 erronee
1777 3066 2127 3129 supponunt,
2161 3066 2446 3114 auctorem
2477 3059 2652 3129 primi
2679 3052 2926 3127 Evangelii

426 3144 609 3215 partes
646 3143 894 3199 historici
927 3159 1089 3214 agere
1126 3142 1395 3214 nobisque
1425 3144 1813 3216 biographiam
1839 3144 2066 3200 Domini
2089 3143 2310 3201 tradere
2339 3145 2610 3209 voluisse2
2639 3146 2754 3203 eius
2773 3152 2926 3199 autem
3004 3210 3005 3213 Ἴ

426 3232 595 3287 tinem
616 3230 989 3303 dogmaticum
1022 3240 1079 3285 et
1105 3231 1509 3303 apologeticum
1545 3230 1745 3300 fuisse,
1777 3230 1888 3287 iam
1921 3230 2162 3289 diximus
2199 3241 2254 3288 et
2282 3232 2426 3288 infra
2461 3232 2832 3290 ostendemus.
2867 3230 2926 3282 Ex
3004 3228 3005 3305 ζ

424 3318 534 3375 hoc
570 3326 757 3375 autem
792 3319 909 3374 eius
945 3318 1055 3374 fine
1096 3319 1265 3374 etiam
1298 3319 1429 3375 satis
1460 3318 1790 3389 explicatur,
1828 3334 1928 3375 cur
1967 3327 2162 3375 auctor
2203 3318 2670 3392 chronologicum
2707 3316 2926 3376 ordinem
3004 3306 3005 3317 ¹

424 3421 539 3462 non
564 3406 830 3473 tenuerit,
859 3405 957 3461 sed
984 3405 1237 3461 ordinem
1266 3422 1453 3461 rerum
1482 3406 1831 3477 praetulerit3
1861 3406 2012 3479 quod
2039 3406 2087 3461 si
2115 3422 2245 3463 vero
2281 3404 2584 3463 adversarii
2613 3407 2926 3480 aptissimum

424 3492 705 3563 ordinem,
746 3508 910 3563 quem
942 3492 998 3547 in
1030 3502 1221 3549 nostro
1258 3494 1558 3566 Evangelio
1595 3494 1826 3549 inveniri
1861 3492 2122 3563 fatentur,
2163 3494 2311 3551 velut
2343 3505 2738 3568 argumentum
2765 3501 2926 3551 contra

424 3581 785 3654 apostolicam
812 3580 939 3636 libri
976 3581 1247 3653 originem
1277 3590 1476 3653 urgent
1504 3582 1783 3649 (Holczm.
1814 3582 1854 3639 1.
1885 3583 1982 3651 c.),
2023 3580 2281 3638 videntur
2313 3598 2649 3655 supponere,
2681 3593 2778 3640 aut
2801 3588 2926 3652 Apo·

422 3670 595 3726 stolos
630 3676 745 3725 tam
772 3668 939 3725 rudes
965 3668 1157 3737 fuisse,
1189 3677 1251 3725 ut
1278 3679 1603 3741 argumenta
1645 3684 1744 3725 sua
1782 3678 1908 3742 apte
1942 3668 2238 3741 disponere
2261 3685 2374 3725 non
2409 3673 2730 3741 potuerint,
2754 3678 2845 3727 aut
2865 3666 2926 3722 eis·

420 3757 605 3815 nescio
632 3756 703 3813 ob
726 3772 897 3829 quam
922 3757 1193 3813 rationem
1220 3756 1279 3812 in
1302 3756 1411 3813 illis
1438 3756 1799 3827 disponendis
1826 3764 1942 3813 arte
1969 3756 2050 3813 uti
2075 3774 2191 3813 non
2218 3757 2452 3814 licuisse.

492 3848 664 3901 Porro
690 3854 941 3911 monent,
964 3845 1021 3900 in
1045 3844 1287 3916 primum
1310 3844 1670 3918 Evangelium
1692 3853 1911 3915 recepta
1941 3860 2087 3909 esse,
2112 3860 2252 3917 quae
2285 3844 2356 3901 ad
2387 3845 2764 3920 evangelicam
2795 3856 2926 3917 prae·

420 3932 751 3990 dicationem
786 3949 900 3988 non
934 3934 1241 4003 pertineant
1270 3930 1636 4005 mythumque
1665 3931 1979 4000 redoleant,
2012 3932 2096 3988 uti
2124 3933 2414 3989 historiam
2431 3933 2702 3992 infantiae
2729 3933 2926 3991 Christi.

421 4024 574 4091 Quae
603 4020 837 4077 obiectio
862 4037 891 4076 a
918 4022 1121 4076 Fausto
1151 4018 1390 4076 Manich.
1425 4020 1540 4077 iam
1570 4021 1780 4091 prolata
1810 4028 1865 4076 et
1892 4036 1923 4075 a
1961 4022 2017 4076 S.
2049 4022 2360 4093 Augustino
2387 4020 2634 4077 refutata
2665 4026 2735 4089 (c.
2765 4022 2924 4076 Faust.

422 4110 497 4164 11.
532 4116 557 4165 1
590 4108 755 4181 sqq.),
788 4125 914 4164 vere
944 4108 1173 4165 ridicula
1204 4115 1315 4175 est3
1346 4106 1647 4179 numquid,
1681 4106 1808 4180 quia
1839 4110 2060 4164 Marcus
2091 4108 2451 4181 Evangelium
2479 4124 2648 4165 suum
2673 4126 2706 4165 a
2733 4104 2926 4181 praedi·
3002 4156 3003 4175 ,

419 4198 634 4251 catione
680 4196 900 4253 loannis
928 4198 989 4250 B.
1032 4195 1343 4265 inchoavit,
1374 4196 1589 4265 omnia,
1618 4211 1761 4267 quae
1802 4195 2266 4269 praedicationem
2307 4196 2461 4253 illam
2508 4200 2924 4268 praecesserunt.
3002 4218 3003 4275 3

416 4282 621 4339 bonam
662 4282 1134 4341 annuntiationem
1179 4298 1297 4339 esse
1338 4284 1703 4355 negabimus?
1733 4314 1806 4326 --
1833 4286 1940 4339 Tot
1983 4290 2282 4355 tantaeque
2318 4284 2547 4341 demum
2583 4282 2926 4340 differentiae.
3002 4276 3003 4299 ³

416 4371 585 4427 immo
613 4370 1076 4428 contradictiones
1104 4371 1344 4443 primum
1380 4371 1523 4427 inter
1559 4380 1616 4428 et
1649 4380 1912 4445 quartum
1949 4372 2309 4445 Evangelium
2345 4372 2540 4429 adesse
2575 4370 2851 4435 dicuntur,
2877 4374 2924 4419 ut

415 4467 712 4532 utrumque
741 4462 866 4516 testi
894 4460 1100 4515 oculari
1143 4458 1381 4515 adscribi
1412 4475 1523 4514 non
1551 4461 1742 4532 possit.
1775 4460 1860 4514 De
1896 4460 2002 4515 hac
2039 4459 2344 4515 obiectione
2372 4458 2514 4517 infra
2545 4464 2596 4528 (§
2627 4464 2682 4523 8)
2711 4458 2924 4515 dissere-

414 4562 566 4614 mus;
586 4548 791 4603 interea
814 4556 1002 4603 autem
1032 4546 1379 4615 adnotamuS,
1411 4563 1506 4618 per
1535 4546 1842 4603 octodecim
1871 4547 2086 4603 saecula
2121 4549 2268 4602 viros
2296 4546 2696 4603 eruditissimos
2735 4555 2788 4601 et
2821 4556 2925 4613 per-

414 4634 808 4703 spicacissimos
848 4633 1312 4691 contradictiones
1352 4636 1408 4689 in
1450 4635 1763 4707 Evangeliis
1793 4651 1908 4690 non
1953 4634 2224 4690 invenisse
2251 4634 2488 4706 ideoque
2515 4632 2915 4689 difficultatum.
