3050 5184
976 302 1050 345 nn
1092 303 1305 345 seusus
1346 301 1750 346 nerim-noun.
2506 284 2618 343 127

202 435 253 493 2.
276 468 349 479 —-
375 438 459 495 Ex
485 436 671 498 dictis
699 437 901 496 elucet
919 483 933 507 ,
964 434 1177 495 minus
1215 439 1383 495 recte
1414 452 1451 494 a
1478 433 1798 494 nonnullis
1823 436 2074 511 praeter
2102 433 2259 494 duos
2280 450 2498 494 sensus
2531 432 2621 490 in-

143 528 339 611 dicatos
376 532 563 593 etiam
602 532 1111 592 accommodatum
1147 535 1209 592 et
1246 536 1696 609 consequentem
1731 530 2066 607 distingui;
2099 547 2300 607 neque
2340 529 2418 590 ad
2461 528 2622 589 anti-

139 642 369 700 quorum
404 629 781 707 scriptorum
822 628 1088 688 modum
1134 626 1433 705 loquendi
1481 627 1636 687 satis
1681 626 2047 699 attendunt,
2094 627 2200 705 qui
2240 644 2276 685 a
2311 624 2622 703 theologis

140 720 483 785 scholasticis
508 730 775 803 quatuor
799 728 967 785 anta
990 716 1279 785 Patribus
1305 726 1433 784 tres
1459 722 1896 803 scripturistici
1921 739 2140 783 sensus
2165 723 2406 801 species
2431 721 2622 811 statui

139 818 502 882 arbitrantur.

190 941 787 1001 Aoeommodationibus
814 950 873 997 et
892 942 1271 1009 consectariis,
1300 957 1538 1013 quorum
1564 941 1824 1012 frequens
1845 949 1934 997 est
1960 954 2092 995 usus
2117 942 2174 996 in
2201 943 2428 997 Patrum
2451 939 2622 995 inter-

138 1036 423 1099 pretumque
450 1028 737 1101 operibus,
763 1028 835 1085 ab
862 1030 1101 1101 antiquis
1130 1044 1349 1101 quoque
1370 1044 1578 1084 nomen
1602 1044 1801 1084 sensus
1823 1027 2099 1084 interdurn
2128 1027 2462 1096 attribuitur,
2489 1034 2624 1083 atta-

138 1126 237 1167 men
264 1114 633 1173 definitionem
668 1131 861 1173 sensus
888 1116 960 1172 ad
1000 1116 1095 1173 illa
1135 1132 1249 1173 non
1278 1116 1552 1188 quadrare
1579 1117 1793 1172 clarum
1821 1125 1924 1172 est.
1955 1115 2441 1172 fle-commodatio
2479 1114 2624 1171 enim

136 1198 352 1269 babetur,
402 1202 627 1275 quando
670 1203 982 1275 scripturae
1032 1202 1201 1260 verba
1252 1202 1324 1260 ad
1372 1218 1491 1260 rem
1539 1202 1875 1259 adhibentur
1921 1203 2008 1259 vel
2056 1202 2390 1274 adaptantur
2433 1203 2625 1257 diver-

136 1302 239 1342 sam
270 1289 337 1345 ab
371 1290 465 1346 illa
500 1306 589 1358 re,
627 1306 795 1362 quam
830 1305 989 1347 sacer
1024 1291 1261 1362 scriptor
1294 1290 1570 1362 expressit
1603 1290 1711 1357 (cfr
1743 1290 1918 1366 infra
1945 1290 1974 1363 5
1999 1292 2086 1361 4);
2117 1292 2228 1347 iam
2257 1304 2389 1345 vero
2427 1306 2627 1345 sensus

136 1374 419 1433 relationem
469 1376 542 1434 ad
585 1378 867 1450 scriptoris
909 1378 1269 1435 intentionem
1310 1378 1572 1450 implicat.
1619 1379 2014 1435 consectaria
2044 1386 2227 1433 autem
2243 1420 2257 1447 ,
2301 1378 2348 1433 si
2389 1376 2626 1448 legitime

136 1476 185 1515 ex
202 1464 355 1519 sacris
385 1464 565 1521 verbis
590 1464 955 1533 deducuntur,
993 1465 1186 1536 procul
1224 1464 1391 1521 dubio
1426 1482 1459 1521 a
1486 1466 1694 1537 Spiritu
1721 1468 1778 1522 S.
1817 1475 1947 1521 sunt
1987 1486 2014 1517 α
2051 1465 2296 1537 praevisa
2323 1472 2380 1521 et
2407 1464 2622 1536 provisa

136 1556 180 1602 ut
198 1561 541 1608 occurrerent
580 1572 633 1619 η,
666 1553 935 1610 relatione
970 1552 1135 1625 igitur
1163 1552 1231 1609 ad
1272 1554 1511 1624 primarii
1553 1555 1794 1611 auctoris
1832 1554 2194 1609 intentionem
2241 1568 2356 1607 non
2399 1560 2618 1619 carent,

136 1636 208 1691 scd
228 1655 321 1695 nec
340 1638 553 1697 directe
596 1656 699 1697 nec
730 1639 999 1697 indirecte
1025 1639 1204 1697 verbis
1228 1641 1360 1711 ipsis
1388 1641 1810 1697 manifestantur
1841 1639 1940 1710 (cfr
1965 1639 2185 1713 infr-ag
2213 1640 2348 1711 2‚4).

185 1726 340 1783 Porro
376 1727 693 1783 scholastici
728 1727 1013 1785 notissimo
1050 1744 1151 1785 suo
1189 1744 1351 1785 versu
1382 1728 1686 1785 memoriali
1727 1749 1741 1784 :
1784 1749 1810 1779 α
1843 1728 2050 1785 Litera
2077 1736 2230 1801 gesta
2262 1726 2454 1791 docet;
2494 1726 2626 1798 quid

138 1812 313 1883 credaS,
342 1816 675 1888 alleqoria,·
702 1816 975 1884 Moratis,
1004 1815 1135 1887 quid
1162 1831 1321 1889 agas;
1354 1831 1463 1888 quo
1490 1815 1705 1886 tendas,
1735 1818 2042 1888 anaqoqia
2071 1836 2124 1885 n,
2153 1816 2456 1872 noluerunt
2487 1812 2626 1887 qua-

138 1906 233 1954 tuor
250 1900 487 1959 diversas
510 1918 704 1960 sensus
726 1904 935 1974 species
957 1904 1262 1975 (literalem,
1284 1904 1662 1977 allegoricum,
1685 1904 1974 1971 moralem,
1999 1902 2378 1976 anagogicum)
2398 1902 2624 1968 docere,

37 1986 39 1989 ’
137 1986 225 2054 sed,
249 1990 323 2045 uti
350 1990 572 2063 egregie
595 1990 706 2045 iam
732 1992 980 2062 exposuit
1000 1994 1059 2049 S.
1092 1991 1346 2049 Thomas
1373 1990 1597 2062 (Quodl.
1629 1992 1754 2049 vn.
1786 2007 1882 2065 qu.
1909 1998 1964 2049 6.
1995 2008 2049 2049 a.
2083 1996 2177 2061 153
2203 1993 2428 2049 Summa
2458 1992 2504 2047 I.
2531 2005 2623 2063 qu.

136 2081 171 2128 l.
188 2091 233 2131 a.
252 2081 353 2147 10),
376 2078 523 2134 duos
547 2077 838 2135 dumtaxat
858 2076 1199 2134 admiserunt
1227 2092 1419 2132 sensus
1442 2120 1457 2145 ,
1480 2076 1752 2133 literalem
1774 2089 1830 2133 et
1849 2078 2192 2149 spiritualem
2216 2080 2523 2152 (typicum),
2547 2078 2631 2133 al-

133 2170 274 2221 terum
292 2183 419 2223 vero
439 2166 622 2223 tribus
641 2165 945 2239 praecipuis
961 2164 1078 2220 eius
1096 2164 1435 2236 argumentis
1449 2165 1874 2236 descripserunt,
1896 2175 2168 2237 quatenus
2187 2166 2453 2221 nimirum
2469 2181 2632 2221 sensu

134 2249 359 2316 spirituali
394 2250 697 2309 traduntur
732 2252 991 2324 dogmata
1028 2251 1327 2322 credenda,
1358 2262 1455 2309 aut
1490 2261 1780 2325 praecepta
1808 2254 1950 2310 vitae
1977 2253 2308 2325 praesentia,
2339 2260 2436 2308 aut
2461 2268 2623 2325 prae-

135 2335 217 2391 mia
244 2339 377 2396 vitae
414 2340 660 2397 futurae.
702 2340 874 2396 Simili
914 2338 1082 2395 modo
1118 2343 1177 2397 S.
1216 2342 1590 2415 Anqustinus
1627 2340 1718 2411 (de
1747 2340 1928 2397 Utilit.
1969 2339 2118 2397 cred.
2162 2346 2216 2409 3)
2245 2340 2414 2397 libros
2441 2355 2625 2397 sacros

136 2426 563 2500 quadrifariam
599 2427 965 2501 exponendos
996 2428 1133 2483 dixit
1171 2448 1197 2480 α
1236 2430 1541 2485 secundum
1570 2428 1884 2499 historiam,
1915 2428 2220 2487 seeundum
2255 2428 2621 2501 aetiologiam,

136 2514 393 2571 secundum
440 2516 784 2587 analogiam,
834 2514 1139 2571 secuudum
1182 2516 1505 2589 anagogiam
1561 2536 1610 2586 ι,
1669 2525 1728 2573 at
1769 2524 1919 2573 recte
1975 2517 2188 2573 monuit
2247 2519 2308 2575 S.
2374 2516 2625 2573 Thomas

138 2598 333 2660 (Summ.
375 2605 422 2661 I.
464 2619 567 2676 qu.
600 2609 653 2659 1.
693 2618 748 2659 a.
785 2608 850 2659 10
884 2602 953 2659 ad
980 2607 1067 2670 2),
1098 2603 1199 2659 tria
1238 2605 1420 2675 priora
1456 2603 1530 2659 ad
1567 2620 1742 2661 unum
1781 2620 2004 2661 sensum
2027 2604 2300 2661 literalem
2321 2604 2476 2661 iuxta
2517 2608 2626 2660 Au-

136 2687 300 2754 gustini
336 2691 675 2747 sententiam
710 2690 1002 2762 pertinere.
1042 2690 1151 2746 Alii
1187 2690 1411 2747 demum
1444 2694 1638 2747 Patres
1674 2694 1984 2764 originem
2031 2690 2118 2761 (de
2165 2690 2349 2749 Princ.
2395 2694 2492 2749 IV.
2539 2698 2624 2757 11)

136 2777 273 2832 secuti
288 2778 561 2851 triplicem
580 2794 802 2833 sensum
821 2778 1077 2833 videntur
1096 2778 1379 2850 agnovisse
1402 2779 1768 2851 (historicum,
1787 2780 2212 2852 tropologicum,
2233 2780 2622 2852 spiritualem);

142 2870 183 2915 at
206 2862 325 2921 haec
352 2867 579 2934 divisio,
612 2866 737 2923 licet
774 2866 845 2922 ab
882 2866 1115 2939 Origene
1151 2882 1347 2923 revera
1372 2866 1445 2923 ad
1472 2868 1882 2939 scripturarum
1909 2882 2101 2923 sensus
2128 2866 2422 2935 reseratur,
2451 2885 2484 2923 a
2505 2868 2626 2923 reli-

138 2952 232 3018 quis
264 2952 329 3009 ad
364 2956 563 3010 utilem
604 2954 785 3025 potius
811 2954 1217 3025 scripturarum
1260 2955 1656 3025 expositionem
1697 2954 1954 3024 trahitur,
1989 2953 2064 3011 ita
2109 2964 2172 3011 ut
2211 2956 2396 3031 specie
2439 2954 2628 3027 potius

138 3052 272 3105 quam
296 3056 355 3097 re
380 3041 740 3119 dissentiant3
772 3040 1161 3112 explicationes
1188 3042 1353 3110 enim,
1402 3058 1538 3114 quas
1579 3043 1946 3115 tropologicas
1988 3042 2286 3114 appellant,
2335 3050 2432 3097 aut
2473 3057 2624 3099 mere

138 3122 336 3185 litet-ales
352 3138 481 3185 sunt
503 3129 591 3184 vel
610 3128 839 3201 typicae,
865 3135 961 3184 aut
984 3128 1115 3201 quia
1136 3145 1203 3184 ex
1226 3129 1582 3186 consectariis
1596 3130 1962 3187 desumuntur
1981 3130 2069 3186 vel
2090 3128 2627 3187 accommodationes

138 3214 367 3280 quaedam
394 3225 559 3283 sunt,
590 3215 664 3271 ad
690 3232 911 3273 sensum
954 3218 1175 3287 proprie
1200 3216 1411 3274 dictum
1451 3233 1564 3273 non
1592 3218 1896 3289 pertinent3
1941 3225 2186 3273 ceterum
2226 3216 2624 3274 attendendum

138 3309 219 3365 est,
256 3320 509 3376 magnam
538 3319 658 3360 esse
686 3304 973 3363 nominum
1001 3304 1355 3374 varietatem,
1388 3304 1586 3377 quibus
1611 3307 1804 3363 Patres
1831 3305 1968 3362 duas
2007 3305 2142 3361 istas
2182 3320 2373 3361 sensus
2417 3306 2630 3378 species

139 3385 401 3461 designant.

902 3599 1031 3681 §2
1072 3634 1160 3645 -
1198 3599 1293 3662 De
1332 3617 1521 3662 sensu
1557 3594 1850 3663 literali.-

208 3823 253 3881 l.
281 3858 355 3870 —-
380 3850 408 3881 «
437 3828 564 3887 Per
585 3816 897 3907 literalem
922 3842 1179 3887 sensum
1204 3830 1413 3904 potest
1440 3825 1677 3903 aliquid
1705 3824 2044 3904 significari
2072 3826 2430 3906 dupliciter,
2464 3827 2630 3887 scili-

150 3920 549 3984 retraendum
570 3926 997 4001 proprietatem
1026 3924 1367 3996 locutionis,
1400 3924 1566 3985 sicut
1593 3939 1786 3999 quum
1811 3922 2044 3983 dicitur
2071 3940 2086 3983 :
2119 3921 2290 3983 homo
2313 3923 2501 3995 m‘det,
2529 3922 2626 3981 vel

150 4018 429 4079 seeundum
478 4020 981 4095 similitudinem,
1025 4020 1193 4079 sicut
1248 4035 1449 4096 quum
1494 4017 1723 4078 dicitur
1772 4034 1788 4077 :
1836 4024 2080 4095 pratum
2129 4018 2304 4079 ridet.
2353 4020 2628 4094 Utroque

152 4110 305 4172 modo
336 4116 535 4177 utitur
571 4114 921 4195 Scriptura,
954 4118 1129 4177 sicut.
1150 4132 1341 4193 quum
1387 4114 1616 4176 dicitur
1651 4118 1956 4191 quantum
2000 4114 2078 4174 ad
2116 4116 2392 4193 primum
2413 4158 2426 4184 ,
2460 4113 2630 4192 quod

156 4200 283 4266 [οδω
307 4212 591 4290 ascendit,
622 4217 687 4273 et
710 4230 905 4291 quum
934 4212 1183 4284 dicitur,
1218 4211 1385 4289 quod
1423 4212 1588 4271 sedec
1611 4228 1650 4270 a
1674 4209 1894 4271 dextris
1920 4212 2070 4284 Dei,
2102 4215 2409 4288 quantum
2436 4210 2514 4271 ad
2541 4228 2634 4270 se-

156 4304 421 4383 cundum
454 4312 518 4369 et
542 4308 691 4370 ideo
714 4310 834 4370 sub
864 4326 1053 4369 sensu
1082 4308 1313 4368 literali
1343 4307 1688 4369 includitur
1709 4308 2102 4386 parabolicus
2131 4308 2230 4367 vel
2254 4306 2634 4385 metaphori—

156 4410 241 4457 cus
264 4424 313 4461 ».
344 4404 428 4483 (S.
468 4406 671 4467 Thom.
704 4406 772 4467 in
796 4405 927 4467 Gal.
950 4408 1009 4465 4.
1039 4404 1185 4465 lect.
1210 4403 1363 4491 VII..)
2551 4398 2559 4407 '

212 4520 390 4579 Sensus
432 4526 663 4583 literalis
706 4525 1051 4597 scripturae,
1100 4540 1266 4597 quem
1313 4524 1496 4580 Latini
1552 4541 1714 4597 saepe
1759 4534 1958 4583 vocant
2003 4526 2383 4595 historicum,
2439 4524 2636 4582 Graeci

162 4606 263 4659 κατὰ
284 4611 337 4665 τὸ
362 4616 593 4686 γράμμα,
619 4613 745 4669 κατὰ
775 4610 865 4681 τὴν
890 4612 1065 4685 ῥῆσιν,
1095 4612 1219 4667 κατὰ
1244 4611 1331 4679 τὴν
1362 4613 1608 4686 ἱστορίαν,
1640 4622 1722 4670 est
1747 4614 1838 4670 illa
1873 4614 2096 4683 veritas,
2131 4630 2298 4687 quam
2325 4613 2444 4670 eius
2473 4612 2634 4670 verba
