3050 5184
543 348 736 394 mnon
777 349 922 395 novi
965 350 1128 395 res-r.
1175 352 1336 397 Aron
1375 351 1599 396 urnas
1636 350 2041 397 Arosroucos.
2480 334 2558 393 39

115 490 326 535 enumerat
358 488 427 537 68
461 481 758 538 allusiones
800 482 858 537 in
902 497 988 554 ep.
1034 484 1092 540 S.
1135 483 1490 549 Barnabae,
1536 487 1637 539 158
1684 482 1741 537 in
1778 483 1835 537 S.
1890 481 2070 537 Clem.
2118 488 2143 536 1
2188 482 2342 547 Con,
2384 485 2454 534 79
2502 480 2560 535 in

60 600 62 603 >
113 570 265 637 icor„
293 574 386 625 143
417 571 476 625 in
515 577 568 625 1.
598 576 632 625 2
659 571 836 643 virg„
874 576 946 627 5³
977 570 1035 626 in
1066 570 1124 627 S.
1159 574 1285 643 Iyn.
1321 575 1403 626 M.
1437 569 1706 641 epistolis,
1739 574 1809 625 68
1842 569 1896 625 in
1926 584 2013 641 ep.
2050 570 2107 625 S.
2141 568 2365 638 Polyc„
2396 573 2466 623 29
2501 567 2559 624 in

112 672 166 727 ep.
185 656 250 711 ad
263 658 526 730 moynel.
559 658 680 728 Quo
707 674 912 731 magno
940 658 995 714 in
1031 672 1264 716 numero
1295 658 1444 715 haud
1480 674 1681 730 paucas
1709 656 2005 725 contineri,
2037 673 2177 729 quae
2206 671 2403 728 parum
2430 666 2559 711 sunt

111 754 254 812 cenae,
274 745 540 817 aliasque,
577 762 716 819 quae
745 755 843 802 aut
872 746 1128 803 fortuitae
1157 747 1569 819 expressionum
1598 744 1941 803 similitudini
1969 754 2066 801 aut
2096 743 2391 801 traditione
2419 744 2557 799 orali

113 832 244 886 rectius
261 833 644 903 attribuuntur,
675 832 912 890 libenter
933 834 1312 904 concedimus3
1339 844 1397 890 at
1423 833 1629 889 multae
1659 841 1974 901 remanent,
2010 848 2149 904 quae
2175 832 2365 887 Patres
2388 846 2557 903 opera

111 920 322 987 apastolioe
347 922 670 995 cognovisse
696 922 990 995 magnique
1030 923 1218 979 Iecisse
1245 922 1648 978 demonstrant.
1680 925 1859 977 Immo
1895 920 2139 977 divinam
2172 919 2555 975 auctoritatem

111 1006 296 1063 eoslibris
319 1010 638 1081 apostolicis
655 1011 985 1079 attribuisse,
1015 1012 1136 1067 iure
1163 1010 1543 1067 concludimus
1572 1026 1638 1065 ex
1666 1010 1775 1066 illis
1804 1008 2181 1077 allusionibuS,
2206 1008 2335 1080 quia
2361 1006 2555 1063 eadem

113 1094 262 1155 ratione,
289 1112 392 1168 qua
408 1098 628 1153 Veteris
649 1099 800 1153 Test.
829 1096 1020 1166 libros,
1047 1114 1144 1155 eos
1171 1096 1442 1170 frequenti
1464 1098 1701 1153 lectione
1724 1098 1799 1153 ita
1826 1112 1953 1153 suos
1982 1094 2246 1164 fecerant,
2276 1102 2339 1149 ut
2361 1109 2553 1151 eorum

116 1184 460 1249 expressionibus
495 1186 762 1241 continuo
790 1193 1094 1269 uterentur.
1135 1184 1359 1241 Accedit
1391 1193 1577 1241 autem
1607 1186 1756 1257 quod
1784 1184 1994 1241 multae
2022 1184 2317 1240 allusiones
2338 1190 2553 1239 tantam

121 1282 186 1321 m
202 1272 489 1341 apostolicis
517 1272 761 1329 textibus
789 1272 996 1332 habent
1029 1272 1475 1340 similitudinem,
1499 1282 1566 1329 ut
1592 1282 1753 1330 verae
1776 1272 2132 1345 allegationes
2160 1271 2269 1327 dici
2296 1270 2549 1339 debeant,

129 1356 448 1417 mansuetae
485 1360 768 1433 allegandi
813 1359 1108 1432 formulae,
1141 1360 1339 1435 quibus
1380 1362 1710 1433 scriptorum
1739 1360 1994 1417 divinitas
2022 1359 2317 1427 indicatur,
2348 1357 2548 1414 desint.

131 1441 458 1520 flspmedpue
480 1456 736 1519 spectant
754 1462 922 1522 quam
946 1449 1168 1521 plurimi
1187 1457 1372 1505 textus
1400 1448 1456 1504 in
1483 1449 1777 1505 Doctrina
1806 1448 2109 1505 duodecim
2129 1447 2552 1521 Apostolorum

124 1531 321 1607 aivang.
348 1538 405 1591 S.
437 1536 706 1593 Matthaei
731 1536 914 1605 allati;
943 1546 1230 1593 auctorem
1260 1537 1406 1594 enim
1427 1553 1494 1593 ex
1523 1536 1727 1609 scripto
1749 1535 2047 1609 Evangelio
2076 1550 2171 1592 eos
2200 1532 2549 1600 desumsisse,

121 1618 249 1675 “flens
279 1632 373 1679 ost.
416 1626 570 1679 Nam
610 1644 636 1675 α
662 1632 839 1692 orate,
875 1623 1082 1697 inquit,
1123 1626 1276 1681 sicut
1308 1628 1588 1681 Dominus
1623 1626 1682 1681 in
1717 1624 2035 1697 Evanqelio
2078 1638 2182 1679 suo
2208 1622 2501 1695 praecepit
2530 1640 2551 1675 .-

117 1702 385 1765 Pzternoster
410 1732 435 1763 n
465 1720 576 1768 etc.
606 1710 820 1783 (Doctr.
851 1706 1123 1784 8)‚'·atque
1159 1712 1360 1769 iterum
1391 1732 1405 1769 :
1440 1733 1464 1765 α
1493 1712 1666 1769 nolite
1692 1728 1924 1785 arguere
1955 1712 2189 1767 invicem
2225 1709 2281 1764 in
2313 1709 2426 1777 ira,
2453 1706 2549 1765 sed

113 1788 140 1843 ¹²2
161 1808 278 1862 paee,
311 1800 464 1855 sicut
492 1798 736 1855 habetis
760 1802 822 1855 in
856 1801 1165 1872 Evangelio
1198 1820 1222 1853 »
1258 1803 1467 1872 (Doctr.
1512 1806 1620 1870 15),
1674 1820 1699 1852 α
1738 1815 1931 1857 omnes
1968 1800 2212 1856 actiones
2238 1805 2448 1853 vestras
2476 1797 2550 1851 ita

111 1876 218 1939 trite.
242 1888 374 1942 sicut
399 1886 646 1945 habetis
672 1889 740 1942 in
764 1888 1081 1965 Evangelio
1099 1889 1340 1945 Domini
1365 1891 1547 1945 vestri
1572 1908 1597 1941 n
1628 1888 1685 1965 (l.
1714 1892 1809 1956 c.).

60 2054 63 2157 Ι
149 2077 190 2133 Ξ.
215 2112 282 2125 -
313 2081 570 2143 Praeter
611 2086 880 2160 quatuor
917 2082 1038 2162 (vel
1085 2082 1388 2162 quinque)
1436 2084 1733 2164 epistolas
1772 2082 1881 2161 (ad
1910 2081 2194 2160 philem„
2227 2080 2287 2161 [2
2323 2078 2542 2158 Petr.],

60 2168 63 2197 ³
104 2172 392 2251 2310022„
421 2177 639 2258 Iudae)
677 2195 897 2239 omnes
937 2179 1192 2240 canonis
1232 2180 1522 2241 hodierni
1561 2178 1761 2239 libros
1798 2196 1835 2239 a
1861 2179 2149 2240 Patribus
2187 2176 2549 2256 apostolicis

105 2267 288 2346 aliisque
311 2275 488 2336 istius
517 2275 744 2337 aetatis
774 2275 1188 2354 scriptoribus
1211 2276 1529 2337 adhibitos
1560 2294 1697 2337 esse
1717 2324 1732 2350 ,
1766 2292 1843 2337 ex
1870 2275 2171 2355 operibus
2198 2290 2421 2335 eorum
2450 2290 2551 2332 su-

107 2369 382 2436 perstitibus
417 2372 588 2433 clare
624 2373 850 2433 elucet.
889 2374 1094 2433 Minus
1134 2378 1339 2434 certae
1379 2378 1525 2436 sunt
1561 2372 1899 2435 allusiones
1934 2373 2012 2434 ad
2042 2374 2079 2431 2
2106 2374 2277 2433 Petri
2318 2370 2549 2448 episto-

60 2536 62 2547 .
107 2456 202 2531 hm,
225 2466 408 2529 nullae
431 2469 841 2547 reperiuntur
859 2469 939 2530 ad
962 2473 1228 2547 quatuor
1245 2470 1396 2530 alias
1417 2470 1715 2549 epistolas
1731 2518 1745 2544 ,
1770 2471 1836 2530 id
1859 2470 2027 2549 quod
2048 2487 2174 2529 non
2194 2467 2543 2539 mirabitur,

60 2556 62 2559 ’
109 2556 170 2628 'lui
200 2578 378 2624 earum
420 2570 870 2643 argumentum
912 2566 1402 2627 consideraverit
1444 2584 1834 2645 parvumque
1882 2582 2213 2627 numerum
2243 2580 2543 2642 operum,

107 2664 205 2724 quae
227 2658 414 2721 Patres
433 2661 773 2741 apostolici
804 2662 1214 2741 reliquerunt.

145 2774 359 2840 Quoniam
392 2784 450 2837 in
480 2783 906 2839 Introductione
933 2784 1154 2853 speciali
1185 2784 1349 2851 (Diss.
1386 2786 1514 2841 VII.
1538 2787 1695 2843 VIII.
1734 2775 1859 2852 ix.)
1884 2783 1955 2841 ad
1982 2784 2251 2841 librorum
2286 2782 2545 2853 apostoli-

105 2874 230 2919 enmm
255 2870 586 2927 authentiam
615 2871 1101 2928 demonstrandam
1136 2872 1455 2928 testimonia
1485 2872 1791 2945 primorum
1829 2872 2053 2929 Patrum
2081 2870 2389 2927 accuratius
2411 2868 2547 2925 affe-

107 2950 217 3007 renda
239 2967 373 3027 sunt,
399 2958 508 3015 hoc
535 2960 664 3015 loco
701 2957 990 3016 adnotasse
1025 2958 1258 3029 sufficit,
1287 2960 1646 3034 Evangelium
1670 2959 1939 3017 Matthaei
1965 2959 2237 3015 omnibus
2265 2958 2547 3031 cognitum

107 3032 237 3107 faisse,
273 3044 361 3100 Ev.
405 3047 589 3103 Marci
629 3048 826 3102 saltem
866 3048 924 3103 S.
977 3050 1233 3119 Papiae,
1285 3050 1382 3103 Ev.
1427 3050 1613 3105 Lucae
1658 3048 1854 3105 saltem
1898 3048 1997 3104 SS.
2047 3046 2334 3104 Clementi
2378 3050 2445 3101 R.
2492 3052 2547 3100 et

107 3124 350 3203 Polycarpo
374 3142 430 3189 et
455 3134 738 3191 haeretico
763 3135 1056 3200 Basilidi,
1089 3136 1187 3191 Ev.
1219 3136 1444 3192 Ioannis
1469 3136 1530 3193 S.
1561 3138 1824 3209 lauatio,
1858 3136 2072 3193 auctori
2096 3152 2185 3208 ep.
2221 3134 2309 3191 ad
2332 3134 2541 3207 Dioqu.

107 3218 138 3259 tt
150 3210 366 3275 haeretico
386 3222 693 3289 Basilidi,·
717 3226 890 3278 Actus
904 3226 1097 3293 Apost.
1125 3222 1223 3279 SS.
1255 3223 1543 3280 Clementi
1565 3223 1652 3295 (de
1672 3225 1869 3296 Virg.),
1896 3227 2154 3297 [quatim
2180 3222 2544 3294 polycarpo,-

107 3296 140 3347 S-
161 3300 273 3359 Pauli
289 3310 536 3379 epistolas
573 3311 645 3365 ad
678 3309 936 3366 ecclesias
972 3311 1243 3367 omnibus
1277 3309 1444 3385 fere‚··
1475 3310 1720 3367 eiusdem
1757 3313 2017 3384 epistolas
2052 3311 2123 3368 ad
2159 3311 2301 3368 Tim.
2340 3318 2398 3365 et
2432 3308 2541 3365 Tit.

109 3385 167 3439 55.
187 3392 453 3466 Clementi,
475 3398 733 3470 lqnatio,
763 3396 1120 3471 Polycarpo,·
1150 3415 1239 3470 ep.
1271 3400 1328 3455 S.
1361 3398 1546 3457 lacobi
1573 3384 1771 3455 saltem
1793 3400 1852 3457 S.
1875 3400 2193 3467 Clementi,·
2220 3416 2309 3470 ep.
2343 3407 2370 3454 1
2398 3399 2545 3463 Petri

109 3472 238 3559 *stem
266 3484 350 3539 SS.
386 3486 622 3558 Papiae
659 3482 1089 3559 et'Polycar-po
1126 3494 1290 3557 atque
1333 3488 1500 3543 etiam
1542 3488 1838 3553 Basilidi5
1884 3504 1970 3559 ep.
2020 3495 2045 3543 1
2087 3486 2309 3543 loannis
2349 3485 2545 3541 saltem

111 3558 146 3612 s.
165 3565 344 3639 Papiae
365 3582 418 3627 et
437 3576 496 3629 S.
533 3571 889 3647 Polycarp05
914 3573 1284 3645 Apocalypsin
1324 3574 1536 3630 iisdem
1564 3576 1826 3643 duobus,·
1852 3582 1885 3631 2
1916 3576 2066 3632 Petri
2094 3574 2248 3647 forte
2276 3574 2375 3630 SS.
2416 3573 2545 3629 Cle-

113 3656 230 3705 menti
245 3660 639 3733 &Polycarpa
671 3692 743 3703 —-
769 3663 889 3717 Iam
923 3677 1054 3717 vero
1086 3661 1398 3718 consideres
1426 3662 1620 3732 velim,
1656 3678 1823 3735 opera
1865 3664 2091 3719 Patrum
2118 3662 2407 3733 apostolicc
2426 3677 2544 3716 rum

113 3730 326 3799 ‘'dflodum
343 3762 510 3818 pauca
527 3762 648 3805 esse
665 3763 900 3805 numero
917 3758 974 3805 et
992 3763 1159 3820 parva
1178 3765 1352 3822 eaque
1365 3765 1666 3821 paucarum
1686 3758 1902 3807 tantum
1919 3750 2273 3807 ecclesiarum
2292 3751 2397 3821 (ma
2404 3749 2545 3805 xime

117 3832 318 3915 ‘maz
355 3834 743 3904 antiochenae,
785 3837 1140 3909 smyrnensis)
1177 3837 1494 3894 testimonia
1534 3838 1781 3907 tradere,
1830 3853 2000 3910 quare
2038 3838 2215 3893 multo
2256 3837 2429 3909 magis
2464 3844 2547 3893 est

119 3914 365 3989 tuirandum,
393 3922 542 3995 quod
565 3924 622 3979 in
645 3923 835 3995 paucis
858 3924 966 3980 illis
992 3924 1365 3981 monumentis
1393 3926 1559 3999 longe
1586 3926 1763 3983 maior
1790 3926 2062 3983 librorum
2092 3926 2231 3982 Novi
2258 3928 2407 3981 Test.
2440 3940 2543 3979 nu-

121 4006 238 4055 merus
262 4003 556 4083 frequenter
582 4012 655 4067 sit
681 4009 984 4081 adhibitus,
1017 4028 1183 4084 quam
1213 4011 1364 4084 quod
1391 4022 1629 4085 quatuor
1663 4014 2025 4085 parvularum
2059 4013 2413 4085 epistolarum
2448 4026 2543 4066 ve-

121 4081 216 4153 sign
233 4088 279 4145 in
297 4091 354 4151 iis
372 4113 480 4155 non
507 4098 1011 4219 deprehendant-ur.

226 4325 449 4383 Qut-sno
480 4340 524 4387 2.
555 4364 620 4375 -
651 4339 820 4389 Onnum
849 4338 983 4387 Novi
1010 4340 1148 4389 Test.
1179 4354 1211 4389 a
1241 4342 1401 4389 medio
1431 4355 1557 4391 saec.
1588 4344 1634 4391 2.
1663 4356 1817 4402 nsque
1846 4344 1911 4391 ad
1942 4344 2151 4390 medium
2177 4354 2302 4389 saec.
2333 4342 2377 4388 8.

167 4538 214 4643 3
233 4576 292 4591 -
309 4552 490 4619 Medio
509 4559 762 4621 saeculo
785 4561 845 4619 2.
863 4559 974 4621 SS.
997 4558 1258 4621 Iustinus
1275 4563 1356 4621 M.
1375 4604 1396 4635 ‚
1421 4562 1857 4643 Athenagoras,
1897 4561 2252 4641 Theophilus
2273 4562 2540 4622 Antioc-li.

128 4626 284 4713 amque
305 4659 528 4725 praeter
556 4654 812 4717 easdem
832 4659 1101 4734 quatuor
1125 4656 1422 4735 epistolas
1451 4658 1769 4737 (Philam,
1796 4662 1854 4719 2.
1888 4661 1925 4719 3
1958 4660 2149 4735 loan.,
2173 4658 2385 4739 Iudae)
2418 4677 2547 4720 om-
