3050 5184
444 284 564 343 628
1525 304 1907 348 Arri-:umens

444 431 709 500 temporis
733 441 828 487 aut
855 434 1107 490 locorum
1126 451 1360 492 arcanae
1382 445 1438 492 et
1453 435 1770 508 incognitae
1791 434 2114 492 referendae
2138 436 2388 506 fuerunt,
2423 447 2479 491 ut
2505 435 2704 490 sactum
2729 449 2756 487 a
2777 433 2923 502 Moyse

444 516 503 572 in
530 517 731 574 Genesi
760 541 813 588 »ς
860 522 1103 578 secundo
1131 522 1299 579 modo
1335 523 1405 579 ad
1437 540 1630 580 omnes
1677 524 1815 579 alios
1847 525 2172 594 scriptoreS,
2207 539 2446 594 quorum
2483 523 2656 580 libros
2683 522 2734 576 in
2761 533 2922 574 canone

448 605 744 676 habemus;
792 628 816 658 α
847 610 1012 665 tertio
1055 619 1243 666 autem
1289 601 1491 678 modo,
1523 613 1734 684 inquit,
1770 613 1882 667 etsi
1923 628 2038 668 non
2081 613 2356 668 existimo
2381 614 2670 685 Spiritum
2706 610 2760 664 S.
2797 623 2920 660 usum

447 709 567 748 esse
586 697 646 749 in
674 698 753 750 iis
776 713 917 769 quos
946 697 1225 755 habemus
1252 701 1308 755 S.
1342 701 1698 773 Scripturae
1724 701 1913 768 libris,
1947 699 2197 756 absolute
2225 708 2412 756 tamen
2443 698 2579 756 nihil
2613 704 2750 754 vetat
2779 696 2848 750 uti
2869 694 2917 744 ul

448 781 611 837 etiam
640 783 938 856 aliquando
968 803 1129 842 usum
1168 803 1289 844 esse
1316 789 1610 858 Spiritum,
1657 787 1798 844 forte
1835 788 1896 844 in
1931 787 2086 844 libris
2125 787 2404 844 nonnuliis
2445 803 2510 844 ac
2554 785 2790 857 scriptis,
2829 797 2920 853 quos

446 885 611 941 supra
636 870 875 928 diximus
896 875 1235 946 scripturam
1254 878 1311 932 S.
1341 875 1507 932 fuisse
1533 885 1588 932 et
1614 885 1802 947 postea
1831 885 2020 932 tamen
2045 876 2320 932 interiissc
2349 897 2373 926 υ
2404 881 2499 944 (se.
2527 877 2589 930 in
2613 874 2760 930 libris
2776 871 2921 942 deper-

447 955 577 1012 ditis
595 1001 609 1026 ,
642 958 712 1015 de
740 961 941 1032 quibus
970 961 1054 1018 cfr
1082 979 1135 1034 p.
1168 969 1236 1020 54
1264 965 1394 1034 sq.).

517 1047 697 1114 Quam
732 1049 899 1120 longe
924 1050 1059 1106 haec
1088 1051 1360 1108 Bonsrerii
1390 1052 1672 1122 doctrina,
1706 1055 1954 1125 quamvis
1989 1068 2058 1108 ne
2089 1052 2202 1124 ipsa
2243 1049 2492 1124 quidem,
2529 1054 2609 1107 uti
2647 1067 2712 1106 ex
2737 1045 2925 1104 diszends

448 1133 703 1200 elucebit,
730 1134 789 1190 in
817 1138 1073 1194 omnibus
1098 1139 1401 1196 definitioni
1424 1141 1598 1196 Vatic.
1633 1157 1939 1196 consonare
1965 1139 2236 1208 videatur,
2261 1140 2330 1195 ab
2361 1137 2808 1212 explicationibus
2827 1135 2924 1187 dua-

449 1221 551 1278 bus
578 1223 781 1278 notatis
811 1225 995 1294 distet,
1021 1228 1108 1282 va
1138 1245 1278 1300 opus
1300 1238 1382 1284 est
1410 1228 1614 1285 dicere.
1643 1233 1822 1285 Prior
1853 1229 2076 1301 quidem
2107 1228 2175 1283 ad
2196 1229 2424 1284 tertium
2451 1227 2730 1284 Bonl'rerii
2754 1222 2924 1280 modum

450 1326 621 1382 prope
643 1312 886 1381 accedit,
912 1312 1008 1371 sed
1029 1316 1500 1373 animadvertatur
1527 1326 1775 1390 oportet,
1808 1333 1936 1373 eum
1965 1333 2166 1372 nomeu
2195 1319 2618 1388 inspirationis
2641 1315 2924 1384 subsequen-

451 1402 543 1468 tis,
578 1415 719 1470 quae
758 1413 840 1457 est
867 1403 1229 1460 contradictio
1258 1405 1315 1460 iu
1344 1404 1590 1473 adiecto,
1633 1422 1736 1461 nec
1772 1405 1990 1462 cudisse
2033 1421 2213 1476 neque
2259 1404 2610 1470 adhibuisse,
2642 1417 2810 1475 neque
2838 1415 2924 1454 eum

447 1486 517 1542 de
554 1489 832 1545 Ecclesiae
873 1490 971 1548 sed
1018 1491 1088 1547 de
1128 1494 1228 1548 Dei
1278 1493 1677 1565 approbatione
1726 1509 1846 1549 esse
1888 1494 2164 1560 locutum,
2204 1509 2384 1565 neque
2427 1492 2690 1558 demum,
2737 1489 2788 1545 id
2823 1484 2924 1558 quod

448 1576 674 1631 maximi
698 1579 965 1634 momenti
994 1586 1105 1649 est,
1138 1596 1265 1636 eum
1294 1581 1459 1638 alicui
1488 1598 1556 1637 ex
1585 1582 1792 1637 nostris
1819 1582 2100 1638 canonicis
2123 1581 2278 1638 libris
2307 1580 2582 1636 eiusmodi
2609 1579 2852 1652 originem
2870 1583 2926 1628 at·

414 1662 418 1666 ’
447 1663 729 1734 tribuisse,
763 1664 862 1722 sed
888 1677 1108 1723 nostros
1144 1667 1313 1724 libros
1339 1669 1416 1725 ita
1448 1678 1671 1726 exortos
1700 1685 1822 1726 esse
1861 1669 2066 1725 diserte
2094 1685 2344 1742 negasse.
2377 1670 2569 1738 Quare
2598 1668 2761 1724 etiam
2786 1663 2928 1720 tertius

449 1753 566 1808 eius
597 1751 824 1822 modus,
853 1755 981 1810 licet
1010 1755 1160 1811 haud
1188 1765 1337 1812 recte
1365 1765 1663 1826 statuatur,
1695 1757 2014 1814 definitione
2043 1757 2288 1812 vaticana
2321 1773 2434 1811 non
2468 1758 2650 1829 magis
2677 1754 2925 1811 attingitur.

448 1855 614 1912 quam
642 1841 805 1896 tertia
838 1843 1011 1899 Lessii
1037 1844 1209 1900 thesis
1246 1845 1397 1900 haud
1426 1846 1666 1902 multum
1695 1845 1977 1901 dissimilis
1991 1847 2052 1900 ¹².
2094 1847 2238 1900 Eum
2264 1853 2450 1900 autem
2477 1861 2600 1900 non
2641 1853 2786 1898 recte
2809 1839 2926 1894 statui

452 1937 625 2001 patet,
659 1947 833 2002 quum
856 1931 1005 1988 aliud
1030 1933 1101 1988 sit
1128 1935 1515 2007 approbatio,
1547 1933 1697 1990 aliud
1725 1935 2072 2007 inspiratio,·
2101 1948 2282 2004 neque
2309 1933 2458 1989 enim
2493 1931 2748 2004 profecto
2775 1928 2928 2000 episco-

450 2036 575 2092 puS,
607 2021 703 2092 qui
730 2019 953 2092 aliquod
996 2037 1133 2093 opus
1161 2023 1330 2079 etiam
1358 2037 1576 2078 summa
1621 2037 1750 2078 cum
1791 2023 1956 2078 laude
1985 2020 2282 2094 approbat,
2315 2021 2440 2077 ideo
2487 2022 2617 2076 eius
2653 2027 2831 2076 auctor
2851 2023 2928 2070 est.

450 2124 628 2181 neque
674 2107 827 2178 ideo,
876 2110 1000 2182 quia
1050 2110 1245 2182 aliquis
1290 2111 1501 2166 dietum
1539 2111 1816 2168 Ciceronis
1860 2126 1988 2167 cum
2039 2110 2436 2181 approbatione
2481 2111 2544 2164 in
2591 2122 2754 2165 suum
2779 2105 2930 2161 librum

446 2199 772 2265 transumit,
805 2197 920 2253 eius
945 2198 1057 2254 iam
1080 2207 1163 2254 est
1190 2207 1401 2268 auctor,
1432 2199 1576 2255 sicut
1594 2200 1795 2255 Paulus
1827 2199 2003 2254 sactus
2021 2215 2136 2254 non
2163 2207 2250 2254 est
2275 2206 2469 2253 auctor
2500 2197 2799 2254 verborum
2821 2191 2929 2248 Ami

449 2294 507 2342 et
528 2285 889 2358 Epimenidis,
914 2301 1085 2356 quum
1108 2301 1172 2342 ea
1202 2302 1332 2343 vera
1348 2303 1468 2344 esse
1491 2287 1866 2344 testaretur¹⁸.
1895 2287 2105 2355 Quodsi
2124 2289 2276 2342 Deus
2298 2287 2502 2342 tibrum
2528 2287 2654 2341 sine
2675 2299 2770 2341 sua
2791 2293 2929 2352 supra-

510 2456 607 2519 (12)
626 2457 771 2506 *luter
796 2455 963 2504 theses
985 2453 1049 2504 de
1074 2454 1417 2518 inspiratione,
1446 2469 1575 2520 quas
1602 2469 1634 2507 a
1663 2459 1715 2506 ι.
1733 2455 1908 2507 Lessio
1933 2458 1982 2506 S.
2009 2459 2050 2505 1.
2079 2469 2124 2506 a.
2157 2461 2274 2506 1585
2301 2455 2591 2518 propositas
2618 2453 2828 2515 theologi
2849 2447 2930 2512 qni-

446 2535 563 2586 dam
590 2533 928 2584 Invenienses
954 2547 1169 2584 censura
1200 2534 1378 2598 dignas
1410 2535 1720 2593 iudicarunt.
1752 2541 1806 2586 3⁸
1829 2536 1954 2586 haec
1981 2533 2080 2586 fuit
2105 2552 2118 2586 :
2145 2551 2170 2582 α
2201 2533 2326 2584 liber
2353 2533 2544 2597 aliquis
2577 2535 2796 2584 hnmana
2823 2527 2930 2578 indu-

447 2616 571 2668 stria
608 2614 713 2664 sine
750 2613 1041 2664 assistentia
1078 2613 1296 2677 Spiritus
1334 2617 1387 2666 S.
1430 2615 1677 2678 scriptus,
1709 2614 1753 2664 si
1790 2615 2010 2678 Spiritus
2040 2617 2090 2666 S.
2122 2619 2300 2677 postea
2339 2617 2580 2674 testetur,
2617 2613 2688 2662 ibi
2721 2611 2834 2662 nihil
2857 2619 2932 2656 ess*

446 2695 644 2752 falsum,
674 2691 894 2743 efficitur
920 2693 1180 2760 Scriptura
1205 2696 1251 2744 S.
1283 2710 1327 2742 n.
1352 2697 1511 2744 Prout
1539 2693 1690 2752 iacet,
1719 2694 1876 2744 thesis
1899 2694 2022 2744 haec
2039 2708 2158 2744 cum
2177 2693 2428 2744 Bonfrerii
2451 2693 2720 2743 sententia
2737 2687 2930 2752 congruit

446 2781 501 2827 at
522 2773 973 2839 explicationibus,
1004 2786 1135 2837 quas
1162 2774 1364 2824 Lessius
1396 2773 1503 2837 ipse
1526 2772 1752 2832 addidit,
1780 2773 2139 2834 consideratis,
2168 2774 2245 2822 uti
2271 2772 2463 2836 egregie
2491 2773 2691 2822 relator
2717 2773 2776 2820 de
2799 2778 2832 2818 1.
2854 2779 2930 2816 mn·

448 2857 553 2907 stit.
584 2855 649 2906 de
677 2853 777 2904 fide
806 2853 861 2902 in
894 2853 1047 2903 Cone.
1082 2852 1244 2902 Vatic.
1282 2855 1427 2916 (li'vmu
1456 2853 1595 2904 Vinc.
1635 2855 1829 2903 Gasser
1864 2867 1940 2916 ep.
1974 2853 2188 2916 Brixin.)
2225 2852 2441 2910 monuit,
2476 2851 2644 2902 thesis
2677 2853 2802 2902 hunc
2825 2847 2930 2898 habet

445 2949 645 2988 sensum
674 2953 685 2984 ε
725 2951 749 2980 «
774 2933 817 2982 si
841 2932 1046 2997 aliquod
1074 2946 1199 2996 opus
1220 2933 1363 2994 pium
1391 2936 1442 2982 et
1472 2931 1696 2982 salutare
1723 2933 1946 2982 humana
1973 2932 2226 2982 industria
2263 2945 2331 2982 ex
2360 2931 2550 2982 divino
2579 2933 2830 2984 instinctu
2851 2941 2932 2976 eon-

446 3017 688 3079 scriptum
713 3011 916 3076 publico
946 3011 1238 3061 testimonio
1271 3011 1489 3074 Spiritus
1520 3013 1570 3061 S.
1595 3011 1958 3076 approbaretur
1985 3015 2240 3076 tamquam
2270 3011 2323 3060 in
2351 3010 2596 3062 omnibus
2627 3013 2734 3062 suis
2759 3007 2932 3074 partibus

444 3092 781 3146 verissimum.
806 3090 1019 3141 haberet
1047 3091 1402 3140 auctoritatem
1427 3103 1589 3154 aeque
1615 3089 1936 3140 infallibilem
1959 3095 2116 3154 atque
2145 3091 2410 3153 Scriptura
2439 3093 2492 3142 S.
2523 3109 2551 3138 r»
2581 3093 2742 3154 (coll.
2765 3094 2930 3140 Lar-ens.

446 3173 638 3225 concil.
670 3185 773 3222 rec.
800 3173 1053 3231 v11.·1403
1076 3169 1154 3220 cfr
1182 3170 1333 3220 etiam
1358 3173 1419 3219 P.
1450 3173 1709 3233 Kleutqeu
1733 3170 1888 3220 nessii
1911 3169 1975 3220 de
2003 3171 2182 3232 inspir.
2212 3169 2380 3221 doctr.
2409 3183 2458 3232 p.
2489 3173 2623 3233 482).
2656 3175 2700 3222 A
2725 3167 2934 3220 nantario

442 3254 641 3302 Lessius
670 3251 824 3314 igitur
852 3251 903 3300 in
932 3263 993 3300 eo
1021 3249 1288 3308 dissentit,
1312 3249 1453 3314 quod
1484 3249 1714 3300 divinam
1743 3250 1999 3300 humanae
2025 3249 2308 3301 voluntatis
2341 3251 2628 3302 motionem
2663 3249 2730 3300 ad
2757 3247 2933 3298 scriben-

442 3330 591 3390 dum,
614 3344 769 3394 quarn
804 3329 1100 3381 Bonfrerius
1126 3330 1180 3379 in
1209 3329 1408 3380 duobus
1444 3329 1694 3392 prioribus
1727 3333 1933 3380 tantum
1963 3330 2129 3381 modis
2157 3330 2264 3380 suis
2291 3329 2546 3394 postulat,
2577 3331 2732 3382 etiam
2753 3332 2803 3380 in
2829 3325 2933 3376 tertia

442 3412 537 3462 hac
562 3410 694 3460 thesi
728 3413 934 3459 statuat.
974 3411 1209 3460 Ceterum
1247 3409 1398 3460 ambo
1432 3409 1619 3459 diserte
1649 3413 1863 3473 negant,
1888 3423 1940 3460 se
1964 3410 2017 3458 in
2046 3409 2144 3460 hoc
2177 3411 2330 3460 tertio
2359 3409 2511 3459 modo
2541 3413 2597 3460 et
2627 3411 2682 3459 in
2709 3410 2800 3460 hac
2826 3405 2934 3456 tertia

441 3487 573 3540 thesi
603 3490 668 3540 de
697 3488 968 3548 librorum,
1000 3503 1133 3552 quos
1159 3488 1430 3548 habemus,
1472 3489 1803 3552 inspiratione
1836 3488 2003 3554 loqui,
2043 3503 2202 3552 quum
2233 3487 2553 3551 hypothetice
2583 3493 2784 3539 tantum
2815 3483 2933 3549 inqui-

441 3573 574 3628 rant,
604 3567 731 3632 quid
749 3567 813 3618 de
837 3567 1083 3617 eiusmodi
1107 3567 1238 3618 libro
1262 3567 1581 3618 sentiendum
1601 3573 1749 3618 esset.
1781 3569 1948 3626 Quare
1970 3568 2122 3617 etiam
2147 3567 2333 3617 relator
2355 3567 2405 3617 in
2425 3567 2583 3618 conc.
2612 3567 2794 3624 vatic..
2817 3577 2932 3630 quum

440 3663 530 3712 pro
556 3647 722 3698 ol'ticio
743 3660 837 3698 suo
858 3660 1058 3696 sensum
1080 3647 1271 3697 decreti
1293 3649 1503 3696 Patrum
1533 3646 1984 3697 deliberationibus
2009 3646 2221 3696 subiecti
2244 3646 2556 3710 explanaret,
2587 3648 2788 3698 tertiam
2817 3642 2933 3695 mesia

438 3728 596 3778 Lessii
626 3727 704 3790 (ac
732 3726 879 3789 proin
906 3725 1057 3775 etiam
1088 3727 1294 3776 tertium
1324 3725 1574 3776 Boufrerii
1601 3726 1831 3790 modum)
1857 3727 1955 3775 boc
1979 3725 2183 3776 decreto
2215 3726 2397 3789 attingi
2424 3728 2678 3792 expressis
2704 3725 2856 3777 verbis
2877 3737 2933 3770 nr·

435 3807 590 3870 gavit,
625 3805 749 3870 quia
775 3805 1075 3856 Vaticanum
1106 3805 1169 3856 de
1192 3805 1493 3856 scholastica
1522 3805 1745 3870 quadam
1769 3805 2120 3869 disputatione
2145 3805 2448 3856 seutentiam
2469 3807 2606 3857 ferre
2635 3805 2788 3856 nollet
2813 3801 2930 3864 (Call.

436 3887 563 3936 Lac.
592 3885 627 3935 1.
658 3885 753 3948 c.);
783 3886 1040 3935 immerito
1072 3897 1191 3948 ergo
1229 3887 1409 3935 δίηται·
1440 3887 1693 3948 (Dogmat.
1731 3899 1782 3950 p.
1817 3887 1892 3949 18)
1923 3885 2112 3949 aliique
2143 3885 2278 3935 hanc
2307 3886 2614 3936 sententiam
2643 3901 2675 3936 a
2703 3885 2853 3936 vatic.
2876 3893 2932 3930 re-

436 3965 697 4028 probatam
724 3978 836 4014 esse
866 3968 1117 4015 asserunt.

442 4059 447 4066 ·
496 4047 598 4105 (13)
628 4044 829 4107 Optime
858 4044 922 4094 de
951 4043 1044 4093 hac
1070 4045 1369 4108 quaestione
1398 4049 1456 4096 Ρ.
1482 4047 1749 4105 Kleutqen
1771 4043 1947 4107 (Lessii
1974 4043 2038 4094 de
2071 4044 2248 4106 inspir.
2269 4045 2435 4094 doctr.
2464 4057 2517 4106 p.
2547 4045 2661 4106 ⁴85)
2686 4062 2699 4093 ε
2733 4063 2756 4090 ιι
2781 4042 2830 4094 Si
2849 4053 2930 4104 pre-

434 4124 541 4187 pric
571 4123 843 4187 loquimur,
882 4137 1047 4186 neque
1084 4124 1220 4174 Arati
1250 4124 1502 4175 sententia
1537 4141 1550 4172 :
1581 4125 1754 4188 ipsius
1789 4127 1842 4174 et
1869 4136 2036 4187 penus
2067 4136 2251 4174 sumus
2279 4123 2420 4187 (Act.
2460 4126 2623 4186 1738)
2663 4137 2820 4188 neque
2849 4117 2934 4180 Epi·

432 4202 651 4253 menidis
680 4221 691 4252 ι
720 4205 996 4254 Cretenses
1019 4217 1223 4264 semper
1246 4203 1533 4254 mendaces
1561 4207 1656 4252 etc.
1690 4205 1815 4267 (Tit.
1854 4208 1980 4267 1‚12)
2007 4203 2220 4253 verbum
2253 4201 2346 4254 Dei
2371 4201 2534 4252 factae
2565 4207 2712 4263 sunt3
2743 4202 2824 4253 sed
2849 4211 2932 4246 rer·

432 4281 555 4332 hum
582 4283 673 4332 Dei
704 4285 785 4332 est
812 4283 1070 4332 attestatio
1097 4281 1269 4342 Pauli,
1299 4284 1391 4334 bas
1428 4281 1707 4333 sententias
1735 4296 1882 4332 veras
1915 4296 2040 4332 esse.
2067 4284 2240 4344 Neque
2279 4283 2416 4332 enim
2449 4281 2602 4333 effata
2627 4283 2806 4339 aliena.
2833 4289 2934 4342 qu&

430 4362 646 4424 scriptor
678 4365 933 4424 tamquam
966 4359 1131 4410 aliena
1163 4362 1269 4412 suis
1302 4363 1507 4420 inserit,
1543 4366 1812 4426 propterea
1837 4362 1978 4424 quod
2011 4361 2098 4412 illa
2129 4361 2404 4426 approbat,
2437 4363 2596 4424 ipsius
2629 4361 2786 4412 effata
2809 4360 2932 4408 liunt:

429 4439 525 4488 nisi
551 4438 683 4489 sorte
710 4438 996 4489 Aristotelis
1023 4439 1159 4490 dicta
1196 4441 1381 4491 effecta
1416 4441 1517 4492 sint
1541 4441 1696 4491 verba
1727 4441 1956 4507 omnium
1983 4455 2160 4491 eorum
2189 4440 2282 4505 qui
2310 4455 2366 4491 ea
2399 4441 2746 4493 laudaverunt.
2776 4435 2930 4491 Nihilo·

430 4517 600 4565 minus
617 4531 746 4581 quae
771 4517 834 4567 ab
856 4519 1062 4569 homine
1087 4521 1415 4583 pronuntiata
1435 4525 1557 4572 sunt
1577 4559 1589 4581 ,
1616 4521 1722 4570 lieri
1749 4524 1964 4584 possunt
1992 4533 2112 4570 vere
2134 4520 2346 4570 verbum
2371 4521 2482 4580 Dei,
2507 4520 2714 4585 quando
2737 4533 2800 4569 sc.
2827 4519 2932 4566 Dru*

432 4605 518 4654 per
546 4597 839 4658 scriptorem
864 4599 1163 4662 inspiratum
1192 4614 1251 4650 ea
1274 4615 1376 4650 non
1407 4603 1465 4650 ut
1492 4600 1660 4650 aliena
1683 4601 1824 4659 citat,
1859 4599 1950 4650 sed
1977 4603 2034 4649 ut
2061 4613 2154 4651 sua
2181 4613 2440 4650 assumere
2463 4601 2713 4664 dignatur.
2733 4600 2782 4651 Si
2803 4611 2844 4646 v.
2863 4609 2920 4656 ss·

436 4672 706 4725 nonnullae
734 4678 1011 4727 sententiae
1041 4678 1325 4730 Salomonis
1354 4680 1451 4730 iam
1486 4695 1516 4730 a
1551 4681 1660 4730 viro
1693 4681 1932 4744 quopiam
1959 4680 2186 4745 sapiente
2216 4680 2380 4732 dictae
2404 4685 2568 4740 erant,
2598 4681 2752 4732 factae
2781 4683 2920 4727 umen
