3050 5184
337 259 456 318 554
536 273 612 316 DE
642 273 778 316 N0v1
799 273 960 316 TEST.
988 272 1183 316 unlus
1213 271 1566 315 DIDACTICIS.
1591 287 1671 297 --
1690 269 1819 313 CAP.
1852 271 1921 312 ΙΙ.
1948 269 2023 311 DE
2052 269 2239 312 EPIST.
2272 267 2543 311 PAULINIS
2570 263 2841 308 SINGULIS.

409 407 694 460 Romanae
719 403 980 460 ecclesiae
1003 403 1384 460 fundationem
1409 402 1747 474 antiquiores
1774 404 1965 458 Patres
1988 399 2205 457 duobus
2230 399 2449 471 quidem
2475 396 2853 468 Apostolorum

339 491 706 563 principibus,
740 494 905 547 Petro
935 499 990 546 et
1017 491 1220 560 Paulo,
1253 490 1589 558 attribuunt3
1622 489 1721 545 sed
1752 489 2013 563 quoniam
2040 489 2154 543 iam
2182 487 2309 554 diu,
2344 495 2643 557 antequam
2672 484 2857 539 Paulus

338 580 396 634 in
423 579 638 634 Urbem
674 577 913 648 advenit,
945 581 1158 634 Romae
1187 579 1416 634 ecclesia
1445 578 1684 646 exstitit,
1714 578 1870 632 cuius
1906 575 2044 632 fides
2079 577 2135 631 in
2167 583 2287 631 toto
2324 573 2457 630 orbe
2488 571 2858 629 celebrabatur

341 671 524 733 (Rom.
554 667 685 738 1‚8),
719 682 913 722 eorum
935 666 1248 723 testimonia
1269 681 1338 722 eo
1362 682 1527 722 sensu
1546 673 1675 720 sunt
1698 662 2073 736 intelligenda,
2107 662 2257 734 quod
2278 665 2474 718 Petrus
2496 659 2856 717 seminaverit,

339 753 544 811 Paulus
581 755 870 826 rigaverit,
911 763 1144 827 uterque
1183 754 1450 826 sanguiue
1485 768 1587 809 suo
1618 753 1739 809 fuso
1771 751 2185 808 foecundaverit
2210 766 2406 822 agrum
2434 763 2732 805 romanum
2756 749 2861 803 Deo

338 842 457 912 ipso
485 842 892 898 incrementum
919 842 1105 899 dante.
1144 842 1360 898 Etenim
1393 859 1420 894 α
1451 838 1681 896 exordio
1708 841 1865 907 regni
1894 839 2105 896 Claudii
2136 839 2190 904 (i.
2228 853 2279 894 c.
2310 853 2361 893 a.
2392 842 2504 904 42.)
2531 839 2733 892 Petrus
2760 838 2861 890 Ro·

340 945 494 986 mam
519 931 670 985 venit
693 939 750 985 et
777 931 1074 985 salutarem
1111 931 1322 986 cunctis
1357 927 1711 986 credentibus
1746 927 1913 984 fidem
1953 926 2105 984 fideli
2142 925 2311 982 verbo
2348 925 2537 982 docuit
2564 922 2861 996 potentissi-

341 1018 556 1088 misque
585 1018 880 1073 virtutibus
915 1016 1290 1087 comprobavit
1331 1037 1356 1070 ›
1400 1017 1589 1084 (Oros.
1634 1019 1704 1072 H.
1747 1018 1810 1072 Ε.
1854 1017 1979 1071 VII.
2021 1017 2071 1084 6)
2118 1035 2143 1066 «ι
2183 1014 2371 1086 ibique
2410 1012 2604 1086 viginti
2640 1011 2863 1084 quinque

343 1105 501 1160 annis
523 1104 846 1160 cathedram
879 1102 1276 1160 sacerdotalem
1305 1105 1483 1162 tenuit
1507 1125 1533 1158 ›
1566 1105 1642 1170 (S.
1676 1106 1836 1159 Hier.
1869 1101 1939 1158 de
1966 1103 2085 1158 Vir.
2116 1102 2199 1158 ill.
2230 1109 2289 1169 13
2321 1101 2405 1158 cir
2428 1103 2571 1156 Eas.
2602 1101 2679 1155 H.
2710 1101 2772 1154 Ε.
2797 1099 2857 1154 ll.

347 1196 455 1260 14),
487 1192 528 1248 i.
551 1208 600 1247 e.
628 1193 790 1248 simili
821 1191 934 1247 fere
963 1191 1151 1262 mode,
1175 1207 1284 1263 quo
1313 1191 1456 1248 circa
1482 1191 1631 1247 idem
1659 1200 1879 1262 tempus
1899 1192 2104 1246 Paulus
2131 1189 2503 1256 Antiochiam,
2538 1191 2737 1244 Petrus
2760 1190 2859 1242 Ro-

341 1293 494 1333 mam
521 1287 772 1334 centrum
797 1279 1223 1350 apostolicarum
1251 1294 1476 1334 suarum
1505 1279 1893 1334 excursionum
1922 1278 2107 1346 elegit.
2139 1277 2286 1347 Quin
2315 1280 2532 1345 PetruS‚
2564 1277 2663 1348 qui
2685 1289 2859 1331 novem

343 1364 522 1430 anniS‚
549 1373 840 1436 postquam
864 1365 975 1420 iam
998 1367 1210 1420 Romae
1233 1363 1418 1420 sedem
1444 1363 1583 1432 fixit,
1611 1363 1715 1420 sibi
1738 1362 2169 1420 circumcisionis
2192 1363 2485 1434 praecipue
2508 1361 2859 1432 apostolatum

343 1451 638 1507 vindicavit
665 1455 813 1520 (Gal.
839 1453 971 1523 2‚9)‚
1000 1455 1212 1508 Romae
1233 1451 1304 1508 ab
1329 1452 1485 1508 initio
1511 1451 1911 1508 contribulibus
1934 1452 2047 1506 suis
2074 1452 2433 1523 Evangelium
2459 1449 2859 1521 praedicaverit.

343 1555 458 1596 non
485 1549 569 1595 est
595 1539 850 1607 dubium3
885 1541 1093 1610 primus
1120 1540 1289 1612 igitur
1317 1540 1578 1596 ecclesiae
1606 1555 1871 1595 romanae
1898 1538 2129 1595 nucleus
2152 1555 2218 1594 ex
2250 1537 2471 1594 Iudaeis
2494 1538 2775 1594 conversis
2793 1545 2859 1591 est

346 1627 631 1683 formatus,
662 1633 736 1682 At
763 1630 978 1683 Romae
1005 1642 1242 1699 magnus
1270 1643 1489 1700 quoque
1515 1626 1925 1700 proselytorum
1952 1626 2299 1682 iudaicorum
2328 1625 2431 1681 fuit
2456 1641 2757 1694 numerus,
2784 1625 2859 1696 qui

345 1714 548 1787 ubique
574 1715 784 1772 maiore
811 1731 938 1771 cum
969 1714 1226 1770 aviditate
1263 1714 1627 1786 Evangelium
1656 1722 2009 1786 receperunt3
2042 1729 2216 1786 quare
2249 1729 2421 1786 quum
2448 1729 2503 1770 a.
2532 1721 2628 1770 51.
2660 1713 2860 1770 decreto

345 1802 554 1858 Claudii
583 1818 693 1858 una
721 1819 850 1858 cum
879 1801 1099 1859 ludaeis
1124 1803 1292 1858 etiam
1330 1802 1656 1871 Christiani,
1696 1803 1791 1873 qui
1818 1818 1883 1857 ex
1926 1801 2343 1858 circumcisione
2384 1810 2575 1867 erant,
2622 1819 2691 1857 ex
2728 1801 2860 1857 Urbe

347 1889 772 1959 expellerentur,
803 1890 900 1946 illa
925 1905 1190 1946 romanae
1227 1890 1488 1946 ecclesiae
1517 1905 1647 1960 pars
1673 1891 1969 1957 remansit,
2002 1905 2145 1962 quae
2180 1905 2248 1944 ex
2289 1889 2584 1962 proselytis
2622 1898 2741 1946 erat
2764 1889 2859 1944 col·

345 1977 485 2033 lecta
502 2019 517 2046 ,
549 1977 748 2050 quibus
779 1977 949 2033 etiam
987 1977 1190 2033 ethnici
1219 1977 1467 2034 conversi
1505 1979 1701 2048 procul
1730 1976 1899 2032 dubio
1926 1992 2046 2032 sese
2074 1975 2459 2032 adiunxerant.
2492 1980 2749 2050 Quorum
2772 1993 2861 2032 nu-

345 2079 532 2121 merus
560 2074 755 2122 auctus
781 2074 892 2131 est,
930 2065 1154 2137 quando
1184 2067 1382 2121 Petrus
1408 2081 1474 2120 ex
1503 2064 1745 2121 Concilio
1771 2065 2169 2136 Apostolorum
2196 2062 2369 2120 redux
2398 2081 2529 2121 cum
2560 2068 2750 2122 Marco
2779 2064 2863 2120 de-

345 2151 654 2208 ficientibus
684 2153 902 2210 Iudaeis
922 2162 1096 2209 totam
1116 2169 1274 2209 suam
1297 2168 1488 2210 curam
1517 2152 1749 2208 ethnicis
1768 2151 2157 2208 convertendis
2184 2152 2507 2222 impendere
2530 2162 2758 2210 coactus
2773 2161 2857 2208 est.

345 2241 431 2296 Ab
458 2256 524 2296 eo
562 2241 728 2312 igitur
765 2249 1014 2311 tempore
1054 2243 1270 2298 Romae
1306 2239 1828 2296 Ethnicochristiani
1866 2240 2093 2296 omnino
2133 2240 2562 2311 praevaluerunt
2596 2241 2702 2312 (cfr
2734 2241 2859 2296 DisS.

345 2329 472 2383 vn.
503 2331 668 2396 §3‚6.
703 2345 756 2398 p.
788 2329 942 2399 472),
975 2337 1142 2400 atque
1173 2338 1326 2384 tanta
1353 2326 1549 2385 exinde
1587 2337 1777 2384 exorta
1817 2336 1901 2383 est
1938 2327 2271 2384 ludaeorum
2313 2336 2441 2399 post
2476 2330 2699 2385 Claudii
2733 2344 2863 2384 mor·

345 2424 459 2471 tem
500 2431 852 2472 reversorum
889 2425 942 2472 et
981 2416 1420 2472 Christianorum
1459 2417 1765 2488 separatio,
1812 2421 1875 2470 ut
1916 2437 1942 2467 «ι
1984 2416 2177 2487 primis
2222 2415 2561 2472 Iudaeorum
2604 2439 2629 2468 n
2676 2433 2727 2472 a.
2761 2422 2863 2477 62..

343 2518 517 2575 quum
552 2503 756 2559 Paulus
791 2507 1030 2560 Romam
1065 2505 1333 2572 venisset,
1379 2503 1434 2558 id
1466 2519 1641 2560 unum
1687 2525 1711 2556 α
1750 2502 1821 2559 de
1849 2502 1955 2559 hac
1992 2511 2139 2559 secta
2178 2503 2666 2574 (Christianorum)
2693 2513 2865 2560 notum

346 2600 517 2658 esset,
547 2591 693 2664 quod
716 2590 917 2663 ubique
939 2591 989 2647 ei
1014 2590 1481 2647 contradiceretur
1511 2613 1537 2643 n
1572 2597 1725 2659 (Act.
1755 2589 1963 2664 28,22).
1990 2593 2203 2648 Revera
2234 2592 2289 2648 S.
2317 2591 2521 2648 Paulus
2542 2591 2607 2648 in
2636 2609 2736 2649 sua
2764 2591 2864 2663 epi-

345 2679 485 2734 stola
510 2679 825 2734 universam
860 2678 1169 2744 ecclesiam,
1200 2695 1264 2733 ac
1293 2678 1338 2734 si
1365 2679 1500 2734 solis
1527 2679 1759 2735 ethnicis
1782 2679 2061 2736 conversis
2093 2687 2335 2748 constet,
2376 2679 2711 2753 plerumque
2743 2679 2861 2736 allo·

345 2767 532 2838 quitur
565 2771 746 2834 (Rom.
785 2773 892 2837 1‚5.
929 2773 982 2822 6.
1022 2774 1116 2832 13;
1151 2773 1278 2834 6,17
1306 2781 1460 2838 sqq.;
1497 2773 1710 2836 11‚‚12;
1744 2773 1866 2837 15,5
1893 2769 2022 2839 sq.)‚
2057 2766 2181 2823 licet
2208 2765 2442 2822 subinde
2466 2768 2541 2823 ad
2576 2769 2864 2842 neophytos

343 2853 588 2910 iudaicos
607 2870 926 2912 sermonem
949 2855 1152 2927 dirigat
1176 2859 1284 2924 (4,1
1313 2871 1470 2926 sqq.;
1498 2861 1531 2909 7
1538 2862 1584 2925 ,1
1620 2859 1767 2926 sqq.)

421 3007 478 3062 2.
511 3038 590 3046 —
619 3004 692 3064 11.
729 3003 980 3065 OccAs1o
1023 3021 1097 3064 nr
1139 3020 1296 3064 murs
1339 3019 1663 3064 Ems'romn
1693 3006 1771 3065 ab
1800 3005 1941 3084 ipso
1968 3005 2266 3082 Apostolo
2301 3006 2464 3066 clare
2498 3007 2859 3068 indicantur.

350 3101 590 3158 Etenim
615 3105 948 3177 postquam
974 3100 1450 3178 quatuordecim
1468 3101 1599 3160 fere
1624 3101 1802 3160 annis
1830 3125 1858 3155 «
1886 3102 1963 3160 ab
1987 3102 2384 3180 [erosolymis
2410 3117 2527 3180 per
2546 3103 2861 3163 circuitum

346 3213 542 3271 usque
572 3196 648 3256 ad
690 3196 1009 3274 Illyricum
1043 3220 1072 3250 2>
1117 3196 1531 3274 Evangelium
1570 3196 2073 3274 praedicaverat,
2115 3201 2395 3257 extremo
2438 3197 2762 3260 Occidenti
2804 3199 2863 3255 il·

345 3290 451 3351 lud
481 3291 702 3350 afferre
735 3293 1227 3370 Hispaniamque
1250 3293 1395 3370 iugo
1422 3291 1651 3353 Christi
1683 3293 1998 3354 subiicere
2026 3295 2145 3354 sibi
2178 3295 2529 3371 proposuit.
2564 3296 2632 3356 In
2658 3296 2861 3355 itinere

345 3391 552 3448 autem
585 3386 907 3464 hispanico
941 3405 1266 3448 romanam
1307 3389 1638 3449 ecclesiam
1676 3387 1889 3449 videre
1929 3391 2333 3467 romanisque
2365 3389 2663 3453 fidelibus
2702 3415 2731 3445 α
2770 3389 2863 3450 ali-

345 3483 499 3561 quid
541 3483 866 3560 impertire
898 3485 1246 3562 spiritualis
1278 3485 1513 3562 gratiae
1549 3507 1579 3540 »
1623 3485 2019 3545 desideravit.
2058 3485 2181 3545 Sed
2222 3487 2458 3546 Romae
2493 3487 2605 3549 diu
2644 3503 2861 3566 perma-

345 3597 494 3640 nere
519 3581 738 3639 nolens
759 3580 878 3640 iter
901 3599 1085 3641 suum
1108 3581 1380 3658 quodam
1404 3578 1593 3641 modo
1624 3581 2125 3659 praeparandum
2154 3582 2351 3654 duxit,
2376 3585 2688 3663 expositis
2716 3599 2863 3643 sum-

345 3677 467 3735 mis
504 3676 988 3753 praedicationis
1029 3695 1174 3737 suae
1219 3677 1563 3755 capitibuS‚
1604 3681 1672 3738 ut
1706 3678 1910 3738 brevis
1950 3695 2062 3738 sua
2100 3679 2265 3738 inter
2310 3695 2419 3738 eos
2467 3677 2859 3740 commoratio

345 3772 614 3832 fructum
641 3772 920 3850 aliquem
948 3772 1292 3851 producere
1324 3777 1557 3850 posset.

415 3885 849 3941 Ambrosiastri
873 3895 928 3942 et
949 3889 1008 3943 S.
1039 3887 1356 3959 Anqustini
1383 3887 1715 3942 sententiam
1744 3889 1919 3944 secuti
1951 3887 2283 3959 interpretes
2310 3889 2646 3960 antiquiores
2672 3898 2727 3945 et
2750 3903 2855 3943 mo-

343 3971 500 4028 derni
527 3989 640 4028 non
671 3973 826 4041 pauci
863 3974 1208 4030 occasionem
1248 3973 1411 4029 huius
1448 3973 1715 4044 epistolae
1751 3974 2075 4031 scribendae
2112 3983 2301 4032 natam
2340 3991 2461 4032 esse
2496 3984 2718 4032 censent
2746 3995 2771 4026 c
2798 3987 2855 4028 ex

345 4061 722 4128 contentione,
754 4076 897 4132 quae
927 4065 1140 4116 Romae
1180 4063 1324 4116 inter
1363 4059 1610 4116 iudaicos
1650 4069 1708 4116 et
1748 4060 2001 4118 ethnicos
2036 4063 2345 4136 neophytos
2385 4064 2610 4120 suborta
2650 4067 2764 4118 erat
2794 4060 2853 4116 de

343 4144 552 4202 meritis
579 4156 635 4202 et
658 4147 1072 4218 iustificatione,
1105 4148 1238 4204 dum
1265 4147 1472 4204 scilicet
1501 4149 1723 4220 utrique
1752 4149 1863 4205 suis
1895 4151 2109 4206 meritis
2138 4151 2425 4224 Evangelii
2454 4151 2685 4224 gratiam
2712 4165 2850 4205 arro-

345 4243 537 4305 garent
575 4255 600 4286 n
637 4235 780 4307 (Am
815 4234 887 4290 ad
915 4239 1079 4291 Rom.
1120 4237 1302 4305 Prol.;
1335 4235 1418 4292 cfr
1455 4238 1512 4292 S.
1556 4241 1704 4308 Auq.
1746 4239 1946 4308 ExpoS.
1995 4237 2144 4294 inch.
2192 4255 2278 4310 ep.
2326 4237 2398 4294 ad
2438 4241 2601 4296 Rom.
2646 4245 2728 4304 1.).
2762 4241 2849 4291 At-

341 4329 528 4376 tamen
564 4324 801 4406 gratuito
831 4339 1056 4394 prorsus
1098 4333 1153 4379 et
1194 4325 1312 4380 sine
1357 4323 1470 4379 ullo
1505 4323 1865 4380 fundamento
1909 4333 2096 4381 tantus
2136 4341 2293 4382 error
2324 4327 2589 4383 ecclesiae
2614 4339 2849 4381 romanae

345 4409 691 4479 attribuitur3
733 4410 926 4467 nullibi
958 4413 1018 4467 in
1054 4419 1170 4466 tota
1202 4411 1433 4481 epistola
1461 4412 1761 4483 Apostolus
1798 4427 2057 4469 romanos
2096 4413 2439 4470 Christianos
2482 4415 2733 4485 polemice
2762 4427 2843 4482 ag-

349 4495 611 4567 greditur,
655 4497 753 4553 sed
781 4514 1163 4570 quaecumque
1203 4500 1470 4570 polemica
1507 4509 1665 4568 sunt,
1692 4516 1757 4556 ea
1785 4508 1977 4556 eontra
2009 4501 2246 4558 ludaeos
2269 4511 2325 4558 et
2351 4503 2599 4559 ethnicos
2624 4499 2846 4556 infideles

346 4581 674 4654 diriguntur.
719 4587 912 4657 Neque
951 4587 1212 4657 epistolae
1248 4587 1436 4643 thema
1471 4596 1583 4656 est,
1624 4596 1687 4642 ut
1726 4593 2063 4660 qratuitum
2098 4589 2383 4645 dumtaxat
2416 4591 2522 4646 Dei
2548 4588 2741 4645 donum
2768 4586 2841 4640 iu-
