3050 5184
367 283 484 342 432
527 299 600 342 DE
631 298 768 342 vss'r.
801 298 1052 342 TESTAM.
1081 299 1259 344 unlus
1294 299 1695 346 PROPHE'HCIS.
1724 301 1945 345 ——cAP.
1984 300 2064 344 VI.
2096 301 2171 344 DE
2202 301 2521 346 t‘not‘nerts
2542 301 2871 346 mucimus,

369 435 432 488 et
461 430 720 506 spiritus
751 432 1186 510 magnitudine
1225 434 1493 493 summis
1516 450 1766 511 parem,
1804 435 1890 493 ita
1919 433 2111 494 etiam
2140 434 2432 494 dictionis
2462 433 2791 511 splendore
2820 439 2877 492 et

367 527 845 602 compositionis
870 528 1179 606 elegantia
1208 528 1306 588 vix
1338 545 1655 607 quoquam
1690 529 2051 589 inferiorem
2084 554 2113 584 »
2148 529 2424 609 (Lowtlae).

437 641 502 692 In
531 640 713 710 lingua
747 642 864 695 eius
893 641 1144 695 nonnulli
1167 639 1418 696 moderni
1447 642 1780 712 agrestiores
1823 640 2093 714 quosdam
2141 642 2404 713 loquendi
2440 642 2640 698 modos
2678 647 2883 712 (pamm

367 727 798 794 recte)invenire
839 727 1048 794 volunt,
1091 744 1282 783 omnes
1317 739 1502 784 autem
1542 729 1667 800 styli
1704 730 2034 802 elegantiam
2068 731 2605 802 concinnitatemque
2642 729 2881 785 laudant.

367 815 422 870 S.
465 815 802 884 Augustinus
833 817 1041 880 sDoctr.
1072 815 1262 871 christ.
1297 818 1391 870 IV.
1430 822 1491 871 15
1525 817 1672 888 sqq.)
1711 816 1821 871 iam
1854 833 1925 872 ex
1962 826 2149 874 nostra
2178 818 2474 890 Prophetia
2515 819 2767 889 exempla
2796 817 2887 872 de-

369 903 615 972 promsit,
646 912 703 957 ut
737 922 760 952 α
786 905 1080 958 canonicos
1109 911 1327 958 nostros
1355 911 1611 958 auctores
1639 920 1753 960 non
1784 905 1963 960 solum
1994 906 2269 976 sapientes
2306 905 2402 961 sed
2435 906 2602 961 etiam
2631 905 2889 976 eloquen-

367 999 450 1044 tes
477 987 642 1045 fuisse
673 1009 698 1040 n
727 989 1151 1046 demonstraret.
1186 991 1348 1046 Ioelis
1373 989 1597 1062 quidem
1627 999 1683 1046 et
1710 992 1887 1046 Isaiae
1910 991 2305 1048 sublimitatem
2333 1008 2445 1048 uon
2474 1001 2678 1064 aequat
2706 997 2887 1046 Amos

367 1075 463 1131 sed
481 1091 576 1132 eos
600 1077 900 1149 imaginum
927 1077 1260 1133 abundantia
1281 1079 1422 1133 forte
1448 1086 1690 1148 superat,
1726 1093 1863 1149 quas
1890 1079 2092 1134 multas
2122 1096 2188 1135 ex
2217 1080 2327 1135 vita
2354 1079 2640 1150 pastoritia
2668 1077 2889 1134 desum-

367 1172 452 1219 tas
473 1179 594 1220 esse
621 1172 957 1221 monuerunt
982 1166 1038 1220 S.
1067 1165 1432 1236 Hieronymus
1459 1167 1549 1232 (In
1575 1169 1700 1220 Am.
1738 1172 1845 1233 1‚2)
1875 1174 1929 1220 et
1966 1169 2022 1222 S.
2064 1167 2302 1238 Cyrillus
2339 1168 2425 1232 (In
2456 1171 2582 1222 Am.
2630 1171 2765 1234 1‚2)‚
2802 1165 2891 1220 sed

368 1266 508 1323 quae
541 1267 733 1307 omnes
762 1260 1087 1324 argumento
1126 1254 1388 1308 orationis
1418 1267 1587 1324 quam
1614 1253 1853 1308 maxime
1888 1263 2292 1310 consentaneae
2328 1270 2443 1309 non
2470 1253 2659 1310 minus
2688 1255 2891 1309 clarum

367 1353 536 1409 quam
562 1339 864 1396 iucundum
893 1338 1132 1396 reddunt
1158 1331 1488 1396 sermonem:
1520 1340 1607 1396 Ad
1636 1340 1943 1396 claritatem
1962 1350 2149 1396 autem
2176 1340 2487 1413 augendam
2516 1340 2739 1397 confert
2766 1356 2891 1396 con-

366 1427 526 1482 cinna
565 1427 941 1484 membrorum
972 1428 1316 1498 compositio,
1349 1443 1491 1500 quae
1526 1443 1699 1498 quum
1739 1428 1795 1483 in
1840 1429 2117 1500 plerisque
2155 1428 2475 1500 phrasibus,
2510 1436 2634 1484 tum
2672 1429 2735 1483 in
2766 1445 2893 1483 con-

367 1514 588 1570 cionum
617 1524 673 1570 ct
691 1517 862 1571 totius
892 1514 1061 1570 libelli
1083 1522 1359 1570 structura
1385 1513 1837 1585 deprehenditur.

445 1669 503 1724 4.
537 1699 615 1708 --
644 1665 1057 1726 Anthemio-um
1088 1682 1224 1724 esse
1254 1665 1486 1725 librum
1516 1669 1705 1726 Amos
1739 1665 1905 1727 inter
1936 1683 2157 1726 omnes
2187 1665 2511 1738 convenit;
2546 1665 2765 1728 divina
2796 1685 2889 1726 au-

368 1767 497 1821 tem
519 1762 654 1820 eius
685 1765 1008 1821 auctoritas
1037 1761 1273 1820 Veteris
1304 1765 1366 1821 et
1394 1763 1557 1821 Novi
1576 1763 1960 1822 Testamenti
1991 1761 2373 1823 testimoniis
2402 1762 2887 1823 demonstratur.

438 1872 769 1929 Authentiae
801 1873 924 1930 libri
953 1887 1063 1928 non
1101 1873 1338 1939 obstare,
1385 1872 1537 1945 quod
1576 1874 1846 1945 propheta
1883 1874 1955 1931 de
1982 1891 2042 1930 se
2079 1876 2314 1946 loquens
2355 1873 2635 1930 interdum
2679 1875 2891 1930 tertiani

371 1977 660 2032 personam
691 1963 790 2028 (1‚t
813 1985 827 2028 3
850 1966 997 2029 7‚12.
1027 1965 1135 2029 13).
1167 1959 1448 2016 interdum
1472 1961 1707 2032 primam
1732 1968 1863 2030 (7‚1.
1894 1969 1949 2016 4.
1981 1969 2044 2030 7;
2077 1969 2190 2032 8,1.
2223 1969 2285 2027 23
2312 1963 2422 2030 9‚1)
2464 1961 2754 2027 adhibeat,
2786 1963 2891 2018 evi-

367 2048 505 2104 dens
532 2058 633 2116 est,
659 2047 934 2119 siquidem
959 2046 1196 2104 eundem
1227 2047 1488 2119 loquendi
1519 2064 1733 2105 morem
1761 2050 1850 2105 alii
1874 2049 2169 2121 scriptores
2191 2049 2330 2104 sacri
2358 2057 2414 2105 et
2446 2047 2665 2118 profani
2684 2058 2888 2106 tenent.

440 2137 629 2192 Amosi
667 2135 981 2191 vaticinium
1021 2141 1190 2202 (8‚1o)
1220 2136 1424 2191 diserte
1451 2137 1560 2190 iam
1592 2137 1970 2204 allegaverunt
2009 2137 2214 2192 Tobias
2254 2139 2383 2206 (2,6)
2421 2146 2589 2208 atque
2617 2145 2818 2193 auctor
2847 2145 2889 2190 1.

372 2223 563 2280 Maeli.
599 2226 801 2293 (1‚41);
833 2225 889 2279 S.
918 2222 1230 2294 Stephanus
1253 2238 1442 2278 coram
1469 2222 1729 2295 synedrio
1758 2223 1937 2280 verbis
1968 2229 2137 2280 Amos
2160 2228 2308 2293 (5‚25
2342 2229 2491 2294 sqq.)
2520 2221 2891 2280 idololatriam

367 2313 718 2384 antiquorum
751 2311 1127 2366 Israelitarum
1161 2311 1311 2379 (Act.
1355 2317 1482 2378 7,42
1515 2316 1623 2382 sq.)
1655 2319 1711 2366 et
1750 2314 1806 2368 S.
1840 2311 2073 2368 Iacobus
2098 2312 2155 2367 in
2184 2312 2486 2382 apostolico
2530 2313 2771 2367 concilio
2808 2311 2893 2365 ad·

368 2401 679 2456 missionem
705 2397 988 2470 gentilium
1016 2399 1073 2453 in
1119 2400 1412 2453 Ecclesiam
1449 2397 1571 2454 aliis
1608 2399 1855 2455 eiusdem
1896 2399 2196 2470 prophetae
2244 2397 2421 2456 verbis
2454 2403 2597 2466 (9,11
2648 2405 2765 2472 sq.)
2802 2398 2891 2454 de-

367 2487 690 2544 monstravit
710 2491 859 2553 (Act.
895 2491 1049 2550 15‚15
1075 2493 1242 2557 sqq.).

1064 2690 1106 2776 Β·
1138 2693 1244 2753 2⁷4.
1276 2725 1362 2736 —
1391 2690 1485 2753 De
1510 2687 1873 2776 Prophetz‘a
1902 2687 2179 2754 Abdiae.

443 2899 500 2956 1.
543 2927 618 2938 -
677 2893 830 2953 Visio
875 2891 1098 2951 Abdiae
1144 2892 1330 2950 unico
1372 2893 1670 2951 vaticinio
1717 2898 1929 2952 contra
1974 2892 2303 2952 Idumaeos
2344 2895 2615 2963 constat,
2665 2893 2889 2968 quibus

364 2993 509 3068 quia
537 2991 773 3069 populo
796 2990 993 3049 electo
1024 2987 1283 3046 infestos
1314 3003 1449 3047 sese
1481 2987 1921 3058 exhibuerant,
1952 2988 2300 3066 completus
2332 2988 2621 3047 interitus
2652 2987 2890 3066 praedi-

365 3089 545 3158 citur,
581 3086 732 3146 dum
757 3084 972 3145 domui
1002 3083 1184 3143 Iacob
1219 3083 1426 3143 futura
1449 3084 1823 3143 restauratio
1854 3087 1916 3143 et
1948 3083 2111 3144 salus
2141 3083 2549 3161 promittitur.

435 3198 712 3255 Idumaeis
740 3197 984 3252 divinum
1006 3195 1297 3250 consilium
1321 3194 1540 3251 futurae
1568 3195 1959 3250 destructionis
1996 3196 2354 3251 annuntiatur
2390 3193 2711 3266 decretique
2740 3211 2889 3250 exse-

362 3286 508 3341 cutio
551 3285 864 3356 depingitur
912 3289 1068 3348 (1—9).
1115 3285 1200 3338 De
1246 3281 1427 3338 fratris
1473 3283 1559 3337 s'ui
1606 3281 1742 3338 Iuda
1785 3283 2098 3338 calamitate
2141 3283 2356 3354 gavisus
2406 3281 2583 3336 Edom
2644 3282 2891 3338 hostibus

362 3388 478 3428 sese
497 3373 772 3440 adiunxit3
804 3368 928 3426 ideo
957 3371 1051 3425 liet
1075 3371 1145 3437 ei,
1173 3369 1325 3441 quod
1364 3369 1484 3425 aliis
1523 3370 1653 3426 fecit
1682 3375 1913 3436 (lo-16).
1948 3372 2140 3441 Itaque
2183 3368 2404 3440 quando
2440 3372 2592 3424 Deus
2631 3369 2891 3426 iudicabit

363 3470 578 3533 gemm,
612 3461 666 3514 in
693 3468 882 3518 monte
903 3459 1034 3514 Sion
1059 3457 1166 3513 erit
1193 3459 1368 3524 salus3
1403 3456 1537 3512 luda
1562 3467 1617 3513 et
1646 3457 1817 3513 Israel
1838 3458 1975 3513 uniti
2004 3457 2291 3513 destruent
2320 3455 2524 3522 Edom,
2554 3464 2723 3527 atque
2748 3457 2889 3512 mili-

361 3559 444 3603 tes
470 3556 526 3602 et
553 3547 762 3602 incolae
788 3546 1090 3601 Ierusalem
1119 3562 1186 3600 ex
1228 3546 1542 3616 captivitate
1580 3545 1811 3600 reduces
1847 3554 2025 3601 terras
2060 3553 2399 3616 expugnatas
2445 3543 2809 3614 possidebunt
2838 3551 2891 3598 et

369 3637 517 3692 «erit
542 3635 645 3690 Dei
675 3649 909 3706 regnum
937 3654 961 3684 υ
989 3633 1221 3704 (17-21).

439 3789 498 3846 2.
530 3819 608 3828 —
633 3783 936 3854 Quoniam
981 3783 1206 3842 abdiae
1237 3783 1478 3843 nudum
1516 3799 1751 3843 nomen
1792 3787 1886 3842 est
1914 3783 2243 3854 traditum,
2276 3787 2444 3842 aetas
2484 3783 2620 3842 eius
2652 3781 2887 3840 incerta

362 3886 475 3941 cst.
505 3879 896 3940 Probabilior
931 3883 1141 3938 tamen
1185 3880 1522 3946 sententia,
1556 3883 1793 3938 attento
1825 3879 2045 3938 ordine
2076 3879 2275 3939 libelli
2313 3879 2481 3938 inter
2507 3877 2882 3937 Duodecim.

361 3978 730 4054 prophetam
765 3976 982 4054 primis
1005 3974 1206 4034 tribus
1238 3974 1563 4051 prophetis
1586 3976 1911 4050 aequalem
1940 3976 2035 4034 vel
2065 3974 2275 4053 paullo
2304 3973 2728 4051 antiquiorem
2754 3989 2885 4032 ess«-

361 4078 552 4142 tenet‚
588 4074 676 4132 ita
704 4078 773 4132 ut
801 4070 920 4132 hoc
955 4071 1320 4131 vaticinium
1366 4075 1507 4130 ante
1542 4071 1827 4154 Amasiae
1866 4071 2103 4130 bellum
2135 4071 2552 4130 edomitic-um
2586 4066 2887 4128 condide—

361 4171 472 4242 rit,
508 4169 617 4228 sed
658 4170 773 4228 suh
814 4168 1100 4227 Amasiae
1140 4167 1270 4226 filio
1315 4166 1458 4226 Ozia
1487 4183 1724 4226 munus
1768 4183 1950 4226 suum
1982 4167 2462 4226 continuaverit.

435 4291 648 4345 Nomen
675 4289 913 4345 Abdiae
939 4281 1157 4372 (rt'tjz-tit
1189 4289 1274 4344 vel
1303 4295 1545 4374 ’.ΠΥ-τῃ,
1578 4303 1780 4344 servus
1802 4288 2071 4356 Domim'5
2092 4286 2249 4343 Alex.
2278 4309 2290 4342 :
2320 4286 2526 4348 Ἀεδῑας
2548 4287 2633 4341 vel
2660 4283 2885 4344 ’066323

365 4403 526 4474 Vulg.
562 4423 575 4457 ε
609 4404 875 4466 Abdita,
906 4373 1155 4470 obdias,
1191 4402 1476 4468 Obedias)
1501 4403 1647 4457 inter
1676 4402 1955 4457 Israelitas
1980 4400 2487 4472 frequentissimum
2512 4401 2559 4473 (ι
2590 4405 2730 4455 Par.
2766 4404 2881 4466 7,3;

365 4495 521 4547 8.38;
554 4497 702 4556 9,16.
731 4496 803 4545 44
829 4495 961 4556 etc.)
987 4489 1096 4546 duo
1139 4489 1469 4545 celebriores
1496 4490 1601 4544 viri
1626 4505 1768 4545 saec.
1816 4495 1869 4544 9.
1910 4498 2217 4561 gesserunt,
2258 4505 2401 4544 unus
2438 4489 2497 4544 in
2539 4501 2708 4560 regno
2752 4484 2881 4540 Iuda

363 4589 614 4646 tempore
645 4577 787 4649 regis
819 4577 1080 4647 Iosapbat
1109 4581 1158 4642 ¹12
1191 4576 1396 4631 Faral.
1433 4583 1555 4644 17‚7
1590 4581 1755 4648 sqq),
1788 4577 1929 4632 alter
1956 4578 2013 4648 in
2050 4591 2221 4649 regno
2264 4575 2433 4633 lsrael
2468 4585 2717 4646 tempore
2746 4571 2889 4643 regis
