3050 5184
499 304 614 362 166
747 318 1026 363 msroau
1069 315 1430 363 Exsesssos.
1478 332 1559 341 -
1600 316 1727 360 car.
1776 318 1858 361 ιν.
1906 319 2233 365 eunomus
2278 322 2780 369 turcarum-Ario.

575 454 634 511 6.
670 482 748 494 -—
775 452 864 511 De
893 450 1214 512 nonnullis
1245 448 1401 511 Novi
1432 449 1814 510 Testamenti
1844 451 2023 513 libris
2054 454 2311 516 demum
2356 457 2595 534 optime
2638 459 2856 518 meriti
2898 464 3013 519 sunl

502 548 681 624 Alpk.
706 549 1019 609 Salmeron
1041 548 1106 609 S.
1130 548 1178 607 Ι.
1206 545 1275 626 (†
1304 544 1533 623 1585.),
1558 544 1906 608 Francis-cus
1938 550 2174 611 Toletus
2202 550 2263 613 S.
2287 552 2333 611 1.
2360 550 2433 631 (†
2463 552 2682 633 1596),
2713 552 3013 615 Gulielmul

505 646 700 705 Estius
729 643 806 821 ζὴ)
831 641 1060 722 1613.),
1083 643 1239 703 Lud.
1263 643 1340 703 de
1366 641 1623 703 Ate-asar
1653 641 1715 702 S.
1741 643 1790 702 1.
1816 642 1886 723 (ἦ-
1917 644 2144 725 1613.),
2170 648 2528 710 Benedictus
2554 649 2891 711 Iustiniani
2910 654 2964 711 S.
2984 652 3013 713 l

499 740 568 821 (†
602 744 776 802 1622.
816 786 831 801 .

566 854 747 925 Alph.
776 854 1092 911 Salmeron
1119 869 1312 910 omnes
1335 854 1479 909 Novi
1505 856 1655 908 Test.
1688 851 1886 923 libros,
1918 856 2211 928 praecipue
2238 867 2431 915 tamen
2456 860 2759 933 Evangelia
2782 877 2897 916 non
2918 846 3013 919 conl

497 944 666 997 tinuis
689 940 918 1013 quidem
944 941 1388 1009 commentariis,
1411 940 1509 996 sed
1529 940 2008 998 dissertationibus
2034 943 2351 1013 illustravit,
2377 944 2575 1019 quibus
2604 948 2895 1017 praemisit
2916 944 3013 1017 pro]

499 1031 821 1112 legemena,
871 1045 1012 1101 quae
1066 1027 1496 1085 introductorias
1544 1030 1892 1099 quaestiones
1943 1046 2117 1103 quum
2168 1033 2453 1105 generales
2504 1042 2627 1089 tum
2672 1035 2935 1107 speciales
2981 1036 3013 1107 in

503 1116 801 1189 Evangelia
835 1124 1100 1173 tractant.
1144 1117 1282 1174 Gul.
1331 1116 1539 1173 Estius
1584 1124 1640 1170 et
1692 1120 1836 1173 Ben.
1890 1119 2225 1175 Iustiniani
2274 1120 2539 1192 epistolas
2584 1123 2920 1193 apostolicas
2963 1114 3013 1177 ita?

501 1204 950 1275 explicaverunt,
980 1213 1044 1260 ut
1079 1220 1276 1261 eorum
1311 1203 1695 1261 commentarii
1723 1204 2009 1278 hucusque
2033 1204 2084 1263 'a
2124 1208 2279 1263 nullo
2320 1208 2537 1265 iuniore
2576 1210 2691 1264 sint
2718 1210 2952 1281 superati
2982 1210 3013 1263 el

504 1290 909 1365 antiquioribus
931 1308 1154 1365 quoque
1176 1300 1487 1364 praestent;
1515 1292 1689 1363 priori
1712 1294 1883 1349 etiam
1915 1293 2186 1351 debentur
2212 1295 2378 1351 utilae
2401 1294 2792 1353 adnotationes
2818 1299 2877 1353 in
2902 1294 3013 1351 diffis

503 1379 720 1437 ciliores
753 1388 938 1436 textus
961 1381 1132 1437 totius
1166 1380 1502 1451 scripturae.
1530 1378 1677 1435 Lud.
1717 1380 1792 1436 de
1821 1382 2097 1437 Alc-azar
2126 1379 2511 1453 explicandam
2540 1384 2643 1440 sibi
2670 1385 2873 1441 sumsit
2898 1378 3013 1454 Apoff

503 1468 769 1541 calypsim
821 1483 1034 1539 suoque
1079 1468 1484 1525 commentario
1531 1466 1689 1523 velut
1735 1468 2097 1539 appendicem
2132 1468 2366 1527 subiecit
2404 1471 2833 1543 explicationem
2861 1482 3013 1529 earun1

508 1559 570 1613 V.
617 1558 684 1613 T.
729 1556 1003 1628 partium,
1037 1572 1176 1629 quas
1217 1554 1439 1625 respicit
1480 1554 1843 1629 Apocalypsis
1883 1557 2004 1625 (lob
2047 1564 2294 1624 38.-40.,
2333 1559 2538 1615 Ezech.
2583 1566 2633 1615 1.
2686 1566 2775 1616 10.
2822 1548 3013 1625 382404

507 1648 652 1700 Dan.
683 1650 855 1701 7.-11.
900 1646 1056 1714 etc.).
1083 1646 1189 1699 Fr.
1233 1644 1462 1700 Toletus
1489 1642 1719 1699 demum
1758 1645 2034 1715 omnium,
2068 1646 2161 1717 qui
2206 1645 2389 1703 adhuc
2433 1646 2781 1717 floruerunt,
2810 1647 3013 1717 optimus

503 1733 776 1804 interpres
802 1747 836 1787 a
857 1730 1140 1787 nonnullis
1168 1729 1432 1800 habetur3
1465 1739 1682 1786 certum
1709 1740 1821 1802 est,
1852 1732 1972 1789 eius
2002 1736 2432 1790 commentarios
2472 1734 2531 1790 in
2558 1736 2775 1807 Evang.
2806 1736 2856 1789 S.
2886 1737 3013 1788 loan-

505 1821 620 1890 nis,
648 1820 708 1875 in
736 1818 1032 1875 duodecim
1064 1818 1251 1890 priora
1277 1819 1460 1889 capita
1487 1821 1591 1877 Ev.
1621 1820 1677 1875 S.
1712 1820 1895 1877 Lucae
1930 1836 1995 1877 ac
2022 1821 2352 1893 praesertim
2386 1822 2445 1878 in
2474 1838 2563 1894 ep.
2596 1822 2673 1879 ad
2710 1826 2874 1878 Rom.
2906 1822 3013 1875 intel

504 1921 673 1978 opera
699 1907 982 1979 exegetica
1006 1921 1181 1963 unum
1209 1922 1276 1961 ex
1303 1906 1499 1978 primis
1521 1906 1660 1963 locis
1688 1922 1982 1978 occupare.

617 2118 660 2206 ἓ
689 2125 796 2184 16.
829 2157 918 2167 -
945 2116 1190 2185 Studia
1224 2117 1709 2207 scn'ptunlstica
1744 2141 1917 2187 saec.
1948 2126 2015 2187 2.
2057 2132 2125 2187 et
2159 2128 2224 2189 3.
2252 2135 2407 2211 post
2421 2122 2707 2210 finitum
2744 2125 2932 2190 Cone.

1538 2223 2025 2293 Tridentinum.

591 2432 644 2487 1.
675 2462 754 2471 —-
803 2428 1026 2487 Mirum
1071 2431 1188 2499 est,
1223 2428 1612 2507 quantopere
1653 2445 1691 2488 a
1732 2428 1949 2489 medio
1992 2447 2156 2490 saec.
2190 2434 2292 2491 17.
2343 2430 2550 2491 studia
2596 2428 3013 2509 scripturistica

507 2524 925 2597 conciderint;
971 2523 1316 2585 admodum
1359 2525 1550 2601 pauci
1594 2525 1765 2586 enim
1792 2525 1913 2584 viri
1954 2525 2355 2603 prodierunt,
2391 2526 2499 2603 qui
2530 2528 2783 2604 magnis
2822 2514 3013 2584 saeculi

507 2620 942 2701 praecedentis
971 2620 1424 2699 interpretibus
1449 2622 1799 2699 comparari
1829 2626 2114 2699 possunt.
2140 2624 2353 2699 Neque
2384 2628 2594 2683 tamen
2625 2624 2812 2700 plane
2842 2618 3013 2680 sterile

504 2719 630 2780 ssuit
671 2718 998 2779 secundum
1045 2718 1380 2787 saeculum,
1417 2717 1587 2794 quod
1632 2735 1669 2777 a
1710 2717 1887 2777 finito
1932 2718 2207 2779 Concilio
2238 2718 2522 2780 Trident.
2555 2718 2801 2779 effluxit
2830 2716 3013 2796 (1660.-

515 2813 754 2894 1760.);
799 2814 1049 2892 aliquos
1081 2814 1250 2874 enim
1279 2813 1609 2891 produxit,
1644 2814 1755 2891 qui
1786 2814 2301 2893 interpretatione
2346 2832 2458 2875 sua
2492 2819 2601 2875 aut
2631 2814 2859 2876 studiis
2886 2808 3013 2871 criti-

506 2913 618 2985 ciS,
658 2911 903 2991 plureS,
939 2912 1044 2988 qui
1085 2906 1404 2970 historicis
1444 2910 1579 2970 suis
1621 2909 1847 2971 studiis
1876 2927 2082 2971 sacras
2124 2910 2339 2971 literas
2381 2916 2857 2989 promoverunt.
2886 2908 3013 2967 Inter

508 3010 754 3088 priores
794 3006 1117 3086 praecipui
1161 3008 1307 3068 sunt
1347 3006 1402 3066 I.
1434 3007 1512 3066 B.
1547 3008 1797 3067 Bossuet
1825 3006 1894 3087 (ἦ-
1925 3006 2159 3085 flos),
2191 3008 2375 3067 Henr.
2425 3009 2769 3087 Bulcentop.
2799 3008 2863 3067 Ο.
2896 3002 3013 3063 Min<

510 3105 578 3183 (†
610 3102 840 3183 1710.),
872 3102 953 3163 B.
987 3101 1057 3163 de
1085 3100 1500 3180 montfaucon,
1536 3102 1607 3163 Ο.
1642 3102 1704 3162 S.
1739 3102 1891 3163 Ben.
1925 3101 1995 3182 (†
2026 3102 2265 3181 1741),
2299 3106 2513 3165 Petrus
2550 3104 2843 3175 Sabatia,
2876 3098 2937 3159 Ο.
2965 3095 3013 3152 S-

508 3203 660 3261 Ben.
695 3199 764 3279 (ἦ-
794 3196 1025 3278 1742.),
1056 3200 1437 3277 Anqustinus
1467 3198 1730 3273 Calmet,
1762 3199 1833 3259 O.
1866 3198 1929 3259 S.
1954 3200 2104 3259 Ben.
2132 3198 2197 3279 (†
2227 3198 2435 3279 1757.)
2454 3247 2467 3274 ‚
2496 3199 2611 3260 Ios.
2638 3196 3013 3261 Blauckinim,

509 3298 730 3374 Congr.
767 3297 934 3357 Orat.
972 3295 1040 3375 (†
1068 3294 1300 3373 1764).

582 3409 720 3465 Inde
749 3426 782 3465 a
809 3407 994 3466 medio
1033 3424 1176 3464 saec.
1223 3414 1308 3465 17.
1343 3408 1576 3464 meliora
1615 3407 1729 3463 l'ere
1758 3408 1976 3479 ingenia
2005 3408 2286 3465 historicis
2321 3408 2519 3464 studiis
2550 3409 2909 3483 operibusque
2940 3414 3013 3470 pa*

513 3497 746 3572 tristicis,
773 3497 964 3553 critice
995 3496 1227 3553 edendis
1251 3505 1472 3567 tempus
1517 3496 1773 3567 viresque
1814 3512 1942 3551 suas
1980 3494 2402 3567 impenderunt3
2434 3496 2583 3553 unde
2624 3495 2827 3553 factum
2852 3500 2951 3550 est,
2972 3488 3013 3537 ¹1¹

513 3602 626 3641 una
647 3601 775 3642 cum
799 3585 1079 3657 theologia
1099 3583 1432 3640 scholastica
1453 3584 1621 3639 etiam
1640 3583 2051 3654 Scripturarum
2078 3584 2465 3655 interpretatio
2483 3586 2863 3657 languesceret
2886 3572 3013 3644 atque!

511 3675 804 3745 praecipua
833 3688 1030 3746 opera,
1065 3688 1207 3745 quae
1235 3670 1307 3727 de
1339 3670 1633 3742 scripturis
1659 3671 2015 3743 prodierunt,
2050 3671 2125 3727 ad
2154 3671 2478 3728 historicum
2514 3688 2692 3745 genus
2716 3670 2889 3744 potius
2914 3676 3012 3733 per*

511 3763 868 3818 tineant.1ta
897 3762 1066 3817 etiam
1091 3765 1268 3817 Ber-n.
1309 3758 1386 3815 de
1411 3758 1800 3832 montfaucon
1826 3760 2123 3831 patristicis
2156 3758 2355 3815 studiis
2396 3759 2509 3815 suis
2551 3758 2821 3816 adductus
2848 3760 2939 3815 est,
2965 3753 3012 3799 ut]

508 3851 816 3923 fragmenta
835 3849 1206 3922 hexaplorum
1231 3847 1486 3921 origenis
1500 3862 1569 3903 ex
1596 3848 1983 3919 manuscriptis
2006 3846 2305 3903 codicibus
2310 3855 2369 3903 et
2385 3846 2552 3904 editis
2577 3846 2734 3905 libris
2750 3842 3007 3912 colligerel

509 3948 676 4011 atque
719 3939 959 3995 similem
1005 3938 1120 3995 fere
1156 3936 1325 3992 finem
1361 3934 1642 4006 prosecuti
1676 3942 1806 3991 sunt
1846 3940 2007 3992 Petr.
2048 3935 2333 3993 Sabatier
2377 3936 2436 3991 in
2478 3932 2900 4008 praeclarissimo
2934 3934 3009 3978 suo

513 4044 682 4100 opere
730 4046 754 4078 ι
795 4026 1108 4083 Bibliorum
1149 4024 1358 4081 latinae
1385 4022 1667 4078 versiones
1694 4023 1957 4094 antiquae
1995 4038 2073 4079 sc.
2120 4031 2277 4079 vetus
2319 4023 2461 4079 Itala
2506 4031 2562 4079 et
2604 4028 2939 4095 quaecunque
2969 4008 3012 4061 111

514 4116 908 4186 manuscriptis
937 4122 994 4169 et
1023 4113 1384 4185 antiquorum
1424 4110 1580 4165 libris
1616 4110 1850 4182 reperiri
1876 4118 2176 4181 potuerunt
2218 4130 2278 4180 »‚
2325 4118 2493 4183 atque
2525 4114 2633 4169 Ios.
2666 4098 3009 4166 Blamlunius

511 4206 569 4259 in
593 4205 706 4259 suis
737 4224 762 4255 α
789 4202 1060 4258 vindiciis
1083 4200 1334 4256 canonic.
1363 4199 1633 4270 Scriptur.
1660 4198 1810 4270 vulg.
1844 4196 1976 4254 edit.
2010 4220 2036 4251 ι»
2069 4207 2125 4255 et
2150 4214 2253 4255 suo
2280 4197 2665 4272 Evangeliario
2694 4182 3012 4269 quadruplici-

509 4292 642 4347 Veri
685 4290 1012 4363 intrepretis
1052 4296 1237 4361 partes
1283 4286 1394 4359 egit
1437 4288 1486 4342 Ι.
1536 4291 1605 4340 Β.
1647 4290 1913 4355 Bossuet,
1961 4287 2055 4359 qui
2097 4286 2345 4343 Psalmos
2396 4286 2677 4358 librosque
2716 4271 3012 4354 sapientiales

511 4378 741 4435 scholiis
766 4376 1066 4434 illustravit
1091 4384 1149 4431 et
1173 4389 1376 4429 novam
1401 4372 1634 4430 tradidit
1660 4374 2071 4445 Apocalypseos
2107 4374 2650 4445 interpretationem·
2681 4386 2809 4445 prae
2832 4355 3012 4430 reliquis

516 4476 706 4523 autem
759 4466 864 4521 ista
895 4472 1076 4521 aetate
1105 4462 1420 4518 celebratur
1444 4464 1597 4529 Any.
1632 4462 1895 4528 Calmet,
1924 4462 2081 4517 cuius
2114 4477 2253 4533 opus
2282 4480 2307 4513 ι
2338 4462 2395 4518 la
2422 4462 2611 4519 Sainte
2642 4458 2789 4516 Bible
2824 4443 3012 4508 enimin

517 4564 574 4611 et
603 4571 674 4611 en
706 4552 946 4608 franceis
983 4566 1115 4607 avec
1153 4550 1553 4605 commentaire
1584 4548 1791 4605 litteral
1818 4556 1879 4605 et
1900 4550 2135 4621 critique
2170 4570 2194 4601 ι
2239 4550 2429 4621 (latine
2468 4557 2662 4623 postea
2692 4542 2940 4602 redditum
2959 4526 3012 4583 ab

519 4646 568 4698 1.
601 4644 672 4695 D.
713 4641 915 4705 Mansi)
951 4654 1064 4694 non
1111 4646 1230 4694 tam
1267 4637 1338 4692 ob
1375 4636 1685 4709 exegeticas
1724 4644 1781 4693 et
1821 4638 2042 4693 criticas
2077 4636 2498 4707 adnotationes,
2538 4652 2679 4711 quae
2716 4642 2887 4689 tamen
2914 4616 3013 4675 32¹1¹S
