3050 5184
1318 343 1521 388 mnnx.
2558 325 2688 387 659

680 475 791 544 Qu.
825 479 878 528 4.
911 475 995 529 De
1022 473 1143 530 eius
1169 473 1363 532 ordine
1376 507 2502 530 .................
2583 469 2687 519 474

683 563 795 632 Qu.
826 565 878 616 5.
912 562 1035 630 Quo
1062 569 1312 633 tempore
1341 562 1647 619 secundum
1675 560 2036 634 Evangelium
2073 557 2362 632 prodierit.
2420 599 2432 611 .
2487 597 2500 610 .
2582 557 2689 607 476

616 648 647 713 5
675 652 729 702 4.
758 649 841 702 De
868 649 1168 720 Evangelio
1194 649 1503 706 secundum
1530 650 1738 706 Lucam
1744 683 2504 706 ............
2586 646 2688 695 477

683 738 795 806 Qu.
833 741 880 790 1.
915 738 999 792 De
1026 737 1085 794 S.
1115 738 1297 793 Lucae
1326 737 1708 808 Evangelistae
1735 735 1842 792 vita
1860 771 2504 788 ..........
2585 734 2692 783 477

688 826 798 894 (m.
830 829 883 878 2.
916 825 999 879 De
1021 823 1169 880 tertii
1194 824 1483 892 Evangelii
1506 824 1792 881 authentia
1815 827 1874 880 et
1899 822 2235 895 integritate.
2283 861 2296 874 .
2353 860 2366 873 .
2425 860 2438 872 .
2494 859 2508 872 .
2590 821 2692 870 477

695 914 806 978 Qu.
838 913 891 962 3.
922 910 1007 965 De
1032 907 1397 967 destinatione
1420 919 1475 966 et
1502 909 1614 966 fine
1641 909 1792 966 tertii
1819 907 2096 980 Evangelii
2107 944 2507 962 .......
2589 907 2688 956 481

697 1001 807 1066 οη.
836 1003 893 1052 4.
922 1000 1007 1053 De
1030 997 1149 1054 eius
1170 997 1365 1055 ordine
1386 1005 1445 1054 ct
1470 997 1800 1054 auctoritate
1828 995 2083 1052 historica
2099 1033 2507 1050 .......
2589 995 2694 1044 484

694 1087 807 1155 Qu.
839 1089 891 1140 5.
923 1086 1046 1154 Quo
1071 1085 1195 1142 loco
1224 1093 1279 1140 et
1305 1093 1557 1158 tempore
1577 1084 1806 1140 tertium
1830 1082 2188 1156 Evangelium
2216 1079 2512 1154 prodierit.
2590 1083 2698 1133 488

430 1204 628 1275 Caput
658 1207 733 1260 II.
760 1208 844 1262 De
876 1205 1299 1278 Evangeliorum
1334 1209 1750 1281 synopticorum
1787 1213 1978 1262 mutua
2005 1203 2299 1261 relatione.
2356 1243 2369 1256 .
2427 1244 2438 1254 .
2497 1239 2509 1253 .
2592 1202 2698 1254 489

624 1295 656 1360 5
684 1297 736 1348 5.
765 1296 847 1348 De
874 1294 1139 1366 Evangel.
1166 1295 1583 1367 synopticorum
1615 1293 1878 1350 affinitate
1902 1281 2130 1364 cifisque
2159 1291 2400 1348 ratione.
2431 1332 2441 1344 .
2499 1329 2512 1342 .
2594 1290 2699 1342 489

698 1383 808 1452 Qu.
846 1387 893 1437 1.
924 1383 1111 1440 Status
1140 1381 1474 1454 quaestionis
1486 1416 2512 1438 ................
2594 1378 2700 1430 489

700 1473 809 1539 Qu.
842 1475 893 1526 2.
926 1469 1231 1544 systemata
1263 1469 1545 1543 Evangelii
1577 1469 1836 1541 primitivi
1863 1477 1920 1526 et
1949 1476 2174 1526 mutuae
2203 1463 2524 1538 dependen-

838 1556 949 1612 tiae
961 1591 2516 1611 .......................
2597 1555 2696 1604 491

704 1648 814 1713 Qu.
847 1649 899 1698 3.
930 1645 1181 1716 Systema
1208 1643 1527 1700 traditionis
1559 1645 1726 1699 oralis
1739 1681 2516 1699 ............
2597 1642 2702 1693 493

630 1734 661 1798 5
690 1736 743 1785 6.
772 1732 855 1786 De
883 1730 1307 1806 Synopticorum
1328 1729 1858 1788 contradictionibus
1890 1729 2304 1803 apparentibus.
2363 1770 2377 1783 .
2431 1769 2443 1782 .
2504 1767 2516 1779 .
2598 1729 2704 1779 494

410 1851 605 1920 Caput
634 1855 740 1906 III.
771 1855 855 1908 De
884 1859 1084 1923 quarto
1112 1851 1410 1926 Evangelio
1434 1853 1661 1925 eiusque
1688 1867 1816 1908 cum
1843 1850 2142 1926 synopticis
2169 1850 2482 1918 harmonia.
2508 1891 2518 1902 .
2599 1851 2704 1902 497

630 1942 661 2006 5
690 1946 742 1994 7.
776 1943 859 1996 De
885 1941 1183 2014 Evangelio
1205 1942 1261 1997 S.
1290 1941 1513 1997 loannis
1540 1939 1772 1996 seorsim
1799 1948 2044 2012 spectato
2054 1978 2520 1994 ........
2600 1939 2703 1988 497

709 2032 817 2098 Qu.
853 2032 903 2084 1.
936 2030 1019 2083 De
1046 2029 1103 2084 S.
1132 2027 1357 2084 loannis
1378 2027 1630 2100 Apostoli
1657 2037 1712 2083 et
1735 2026 2116 2101 Evangelistae
2145 2027 2305 2082 vita..
2363 2065 2376 2079 .
2434 2066 2446 2078 .
2506 2065 2518 2076 .
2601 2028 2704 2078 497

707 2117 818 2186 Qu.
850 2120 905 2170 2.
936 2117 1020 2170 De
1048 2115 1235 2187 quarti
1260 2115 1541 2188 Evangelii
1569 2113 1858 2172 authentia
1884 2123 1941 2171 et
1977 2113 2377 2185 integritate...
2436 2153 2447 2164 .
2505 2152 2519 2165 .
2601 2115 2708 2165 499

708 2206 818 2272 Qu.
852 2207 907 2258 3.
936 2204 1021 2258 De
1048 2203 1168 2259 eius
1192 2201 1557 2260 destinatione
1584 2209 1642 2258 et
1669 2202 1801 2257 linc.
1837 2243 1884 2257 ..
1943 2243 1956 2256 .
2015 2245 2026 2256 .
2086 2243 2097 2254 .
2156 2245 2168 2256 .
2224 2243 2235 2254 .
2295 2242 2309 2255 .
2367 2242 2379 2254 .
2437 2241 2450 2252 .
2506 2239 2520 2252 .
2601 2203 2708 2253 504

709 2293 820 2361 Qu.
851 2297 906 2344 4.
938 2293 1022 2345 De
1052 2289 1169 2346 eius
1207 2289 1398 2347 ordine
1410 2326 2520 2345 .................
2603 2287 2708 2340 507

705 2381 812 2448 Qu.
844 2382 901 2433 5.
932 2379 1055 2447 Quo
1082 2385 1334 2448 tempore
1361 2387 1416 2434 et
1445 2394 1555 2450 quo
1591 2379 1714 2434 loco
1743 2378 1814 2433 sit
1842 2378 2106 2447 scriptum
2121 2413 2522 2430 .......
2604 2375 2709 2426 509

636 2465 667 2531 5
694 2470 747 2520 8.
772 2467 857 2520 De
888 2464 1073 2536 quarti
1098 2466 1381 2538 Evangelii
1409 2464 1481 2522 ad
1510 2466 1795 2539 synoptica
1824 2463 2090 2522 relatione
2103 2501 2521 2518 .......
2603 2465 2710 2516 510

634 2555 665 2618 5
694 2557 748 2607 9.
774 2554 859 2608 De
887 2552 1280 2625 chronologica
1304 2553 1530 2625 synopsi
1553 2553 1813 2610 historiae
1840 2551 2190 2624 evangelicae
2197 2589 2520 2606 ......
2603 2552 2709 2605 513

599 2641 630 2706 5
663 2645 749 2694 10.
774 2639 859 2694 De
889 2640 1195 2710 praecipuis
1218 2640 1631 2697 commentariis
1655 2639 1804 2696 cath.
1835 2639 1893 2695 in
1921 2638 2214 2712 Evangelia
2229 2677 2523 2692 .....
2605 2640 2709 2690 515

429 2761 617 2832 Caput
648 2763 749 2816 IV.
775 2763 860 2817 De
888 2761 1117 2818 Actibus
1143 2762 1540 2832 Apostolorum
1552 2799 2524 2818 ...............
2605 2762 2713 2814 518

604 2851 635 2915 5
667 2854 751 2904 11.
778 2851 863 2904 De
889 2853 1134 2906 Actuum
1158 2850 1555 2921 Apostolorum
1581 2849 1864 2906 authentia
1877 2886 2526 2905 ..........
2607 2851 2714 2900 518

601 2939 632 3003 5
663 2941 747 2992 12.
775 2937 859 2992 De
887 2939 1127 2992 Actuum
1155 2936 1265 2992 fine
1287 2944 1344 2992 et
1370 2936 1629 2994 historica
1655 2937 2030 2994 auctoritate..
2091 2979 2102 2989 .
2160 2977 2172 2990 .
2211 2965 2219 2972 ·
2230 2974 2527 2990 .....
2607 2937 2714 2987 520

603 3025 634 3090 5
666 3029 749 3079 13.
777 3026 861 3079 De
890 3027 1131 3081 Actuum
1159 3022 1354 3080 ordine
1377 3032 1433 3080 et
1460 3023 1824 3096 chronologia
1834 3060 2526 3080 ...........
2608 3024 2714 3074 522

604 3113 635 3178 5
667 3116 751 3167 14.
777 3113 862 3167 De
890 3110 1201 3183 praecipuis
1221 3111 1631 3169 commentariis
1657 3112 1806 3168 cath.
1841 3113 1900 3168 in
1926 3115 2098 3168 Actus
2126 3113 2324 3182 Apost.
2374 3151 2387 3164 .
2442 3150 2458 3164 .
2513 3149 2526 3162 .
2610 3113 2714 3163 525

172 3231 593 3288 Βιεεκιιτηιο
621 3247 764 3288 vm.
795 3237 875 3290 De
904 3233 1078 3290 libris
1104 3233 1422 3291 didacticis
1450 3237 1592 3290 Not-i
1632 3235 1986 3292 Testamenti
2024 3272 2530 3288 ........
2611 3235 2715 3286 527

483 3353 677 3426 Caput
709 3359 753 3410 1.
780 3358 865 3411 De
895 3357 1139 3430 epistolis
1165 3357 1401 3429 paulinis
1428 3357 1682 3414 universe
1709 3357 1970 3429 spectatis
1977 3395 2530 3411 .........
2611 3357 2716 3409 527

638 3445 669 3510 5
701 3449 751 3498 1.
778 3444 863 3499 De
890 3445 943 3500 S.
973 3444 1161 3514 Pauli,
1192 3445 1441 3516 gentium
1466 3445 1750 3517 Apostoli,
1783 3445 1894 3500 vita
1907 3483 2531 3499 ..........
2613 3447 2718 3496 527

637 3533 668 3596 5
696 3535 749 3586 2.
778 3531 862 3587 Dc
891 3531 1251 3602 epistolarum
1279 3532 1630 3601 paulinamm
1659 3547 1891 3588 numero
1921 3540 1977 3588 et
2005 3530 2197 3588 ordine
2203 3571 2530 3586 ......
2613 3533 2718 3584 533

637 3619 668 3684 5
698 3623 749 3672 3.
776 3619 861 3674 De
889 3633 1079 3674 carum
1109 3627 1437 3686 argumento
1465 3619 1647 3692 deque
1676 3617 2002 3676 adversariis
2030 3617 2390 3692 impugnatis,
2447 3658 2461 3671 .
2519 3657 2532 3670 .
2613 3621 2719 3672 534

641 3707 671 3772 5
699 3711 754 3761 4.
782 3707 868 3760 De
890 3714 1117 3762 externa
1147 3704 1505 3778 epistolarum
1533 3708 1884 3779 paulinarum
1908 3706 2084 3764 forma
2099 3744 2534 3763 .......
2615 3709 2719 3760 537

452 3827 647 3898 Caput
678 3828 754 3882 II.
780 3829 867 3882 Dc
896 3827 1141 3898 epistolis
1165 3827 1401 3899 paulinis
1426 3828 1656 3902 singulis
1669 3868 2535 3886 .............
2616 3830 2721 3881 539

704 3917 751 3971 1.
782 3916 867 3970 De
896 3913 1140 3986 epistolis
1168 3924 1297 3972 ante
1327 3917 1570 3987 priorem
1597 3918 1970 3988 captivitatem
2007 3917 2224 3988 scriptis
2235 3955 2532 3971 .....
2615 3917 2723 3970 539

647 4006 757 4071 55.
784 4003 869 4058 De
896 4001 1113 4059 duabus
1139 4002 1385 4075 epistolis
1414 4004 1486 4060 ad
1516 4003 2034 4061 Thessalonicenses
2047 4043 2537 4058 ........
2618 4005 2724 4057 539

646 4094 677 4159 5
704 4097 759 4146 6.
786 4093 871 4147 De
898 4090 1131 4164 epistola
1161 4091 1233 4148 ad
1260 4091 1485 4148 Galatas
1496 4131 2535 4148 ................
2618 4094 2726 4144 544

645 4182 677 4245 5
705 4185 757 4234 7.
782 4182 868 4237 De
896 4178 1111 4235 duabus
1138 4177 1382 4250 epistolis
1408 4177 1479 4234 ad
1508 4177 1820 4235 Corinthios
1834 4219 2538 4234 ...........
2619 4181 2727 4232 548

647 4267 678 4332 5
706 4273 759 4322 8.
786 4267 872 4325 De
900 4267 1129 4340 epistola
1158 4265 1228 4322 ad
1258 4267 1542 4323 Romanos
1553 4305 2396 4321 .............
2441 4307 2468 4332 ,.
2525 4305 2540 4319 .
2621 4269 2728 4320 553

698 4355 773 4410 ll.
800 4357 884 4411 De
912 4354 1153 4427 epistolis
1177 4355 1240 4410 in
1266 4355 1449 4425 priore
1476 4354 1792 4426 captivitate
1821 4353 2064 4424 scriptis.
2111 4395 2124 4407 .
2170 4394 2183 4407 .
2241 4395 2254 4407 .
2311 4394 2324 4407 .
2383 4393 2397 4408 .
2454 4395 2466 4407 .
2525 4398 2538 4409 .
2623 4356 2730 4409 558

650 4445 683 4509 5
709 4447 762 4499 9.
788 4443 875 4497 De
902 4443 1133 4514 epistola
1161 4440 1229 4498 ad
1264 4440 1646 4514 Philippenses
1651 4481 2543 4498 ..............
2625 4444 2732 4496 558

616 4533 661 4598 5·
677 4535 765 4586 10.
796 4531 881 4586 Dc
907 4527 1140 4600 epistola
1167 4528 1241 4586 ad
1268 4528 1538 4601 Ephesios
1547 4567 2546 4586 ...............
2626 4533 2728 4583 561

618 4621 649 4686 5
680 4623 767 4676 11.
796 4619 882 4674 De
912 4616 1145 4690 epistola
1173 4616 1245 4674 ad
1272 4617 1628 4676 Colossenses
1635 4654 2548 4673 ..............
2629 4619 2733 4672 565
