3050 5184
692 981 2023 1114 PROLEGOMENA

349 1315 446 1369 De
482 1315 1108 1373 m'rnonuc‘rroms
1145 1317 1229 1373 m
1267 1319 1318 1374 ε.
1358 1320 1815 1377 Semproniis
1848 1320 2373 1390 Nncnsffl'rA‘rn,

676 1421 1056 1494 ms'romA,
1095 1425 1592 1496 Auentinum,
1629 1425 2032 1482 mvmoun.

183 1969 228 2025 l.
251 2001 322 2010 -
350 1967 412 2026 S.
445 1967 917 2046 Scripturarum
949 1969 1268 2043 studium,
1304 1970 1398 2031 uti
1427 1969 1494 2030 in
1526 1987 1593 2030 se
1629 1970 2078 2048 dignissimum
2110 1974 2174 2030 et
2204 1969 2622 2030 utilissimum

119 2069 218 2134 est,
243 2064 322 2123 ita
349 2065 802 2126 difficillimum
830 2083 1084 2143 quoque
1111 2084 1364 2144 semper
1393 2071 1489 2126 est
1515 2067 1835 2140 habitum,
1864 2067 1963 2127 cui
1990 2084 2135 2127 cum
2166 2067 2373 2127 fructu
2403 2083 2622 2127 vacare

125 2175 222 2218 non
247 2161 466 2236 possit,
497 2163 622 2220 nisi
645 2161 754 2240 qui
787 2161 1046 2239 speciali
1077 2163 1471 2224 institutione
1499 2162 1868 2224 adiumenta
1895 2161 2371 2224 difficultatibus
2400 2178 2621 2223 eorum

122 2254 390 2316 solvendis
422 2261 570 2334 apta
599 2257 719 2317 sibi
749 2259 1226 2336 comparaverit.

169 2414 334 2471 Studia
363 2415 766 2486 scriptur-istica
782 2457 799 2484 ‚
829 2417 873 2472 si
897 2431 1093 2472 eorum
1121 2425 1512 2490 argumentum
1541 2425 1843 2489 spectatur,
1875 2418 2073 2474 ceteris
2100 2415 2367 2490 dignitate
2394 2425 2450 2473 et
2475 2416 2619 2472 utili-

119 2507 204 2556 tate
231 2513 510 2573 praestare
548 2503 778 2559 evidens
807 2513 918 2570 est;
950 2504 1076 2560 libri
1109 2505 1260 2561 enim
1298 2505 1474 2574 sacri,
1517 2521 1689 2577 quum
1736 2527 1762 2558 α
1804 2506 2013 2578 Spiritu
2051 2508 2107 2562 S.
2146 2507 2450 2576 inspirante
2485 2519 2620 2560 con-

119 2592 268 2662 scripti
301 2595 484 2648 Deum
513 2591 758 2647 habeant
790 2601 1075 2648 auctorem
1111 2613 1135 2644 n
1155 2635 1170 2662 ,
1201 2593 1373 2664 ipsius
1400 2593 1508 2648 Dei
1547 2594 1779 2650 verbum
1812 2611 1927 2650 non
1962 2603 2081 2650 tam
2109 2595 2421 2659 continent,
2453 2608 2619 2664 quam

117 2687 237 2746 sunt3
265 2695 452 2736 eorum
489 2679 658 2752 igitur
689 2679 918 2736 scientia
954 2701 980 2732 α
1011 2695 1172 2736 verae
1204 2679 1522 2753 theologiae
1557 2681 1741 2736 anima
1776 2701 1799 2733 ι
1834 2682 2036 2737 merito
2070 2691 2319 2750 vocatur,
2346 2681 2621 2752 siquidem

120 2781 165 2818 ex
187 2767 306 2834 illis,
331 2777 530 2840 utpote
555 2768 856 2840 praecipuo
884 2769 1239 2825 revelationis
1271 2768 1455 2838 fonte,
1487 2768 1735 2824 Ecclesia
1776 2768 2037 2840 dogmata
2066 2785 2166 2825 sua
2194 2769 2379 2824 hausit
2406 2769 2619 2824 haurit-

117 2867 222 2922 que,
247 2865 404 2928 atque
446 2872 521 2911 ex
558 2856 668 2912 illis
709 2855 1034 2927 dogmatum
1077 2857 1351 2912 rationem
1397 2864 1454 2911 et
1495 2856 1922 2928 intelligentiam
1970 2872 2275 2929 eorumque
2320 2857 2620 2928 genuinum

22 2959 24 2972 ²
119 2939 230 3010 inter
257 2959 310 2999 se
343 2959 556 3000 nexum
591 2942 888 3017 theologus
925 2944 1151 3000 hauriat
1187 2959 1412 3000 necesse
1455 2952 1560 3000 est.
1604 2943 1985 3012 Quamobrem
2026 2946 2223 3000 Patres
2258 2942 2439 2999 studia
2482 2944 2619 2998 scri-

123 3030 352 3094 pturistica
385 3030 788 3088 commendare
823 3048 938 3088 non
974 3039 1288 3100 cessarunt,
1321 3033 1586 3104 quoniam
1620 3031 1697 3087 eis
1734 3047 2059 3103 persuasum
2100 3038 2246 3100 erat,
2283 3052 2307 3082 a
2346 3029 2621 3102 sapienter

123 3111 264 3172 dicere
296 3118 578 3176 hominem
601 3127 760 3176 tanto
795 3121 970 3193 magis
1006 3123 1094 3176 vel
1132 3121 1340 3187 minuS,
1385 3127 1595 3192 quanto
1633 3120 1689 3174 in
1726 3121 1781 3175 S.
1818 3119 2121 3191 scripturis
2157 3119 2333 3192 magis
2368 3118 2622 3175 minusve

120 3203 385 3268 profecisset
415 3230 442 3259 n
472 3209 557 3272 (S.
589 3213 741 3280 Any.
775 3210 964 3263 Doctr.
999 3207 1194 3263 christ.
1231 3210 1327 3264 IV.
1357 3214 1434 3279 5).

175 3297 232 3346 At
251 3311 350 3351 non
373 3297 564 3352 minus
599 3311 922 3366 persuasum
955 3297 1037 3351 eis
1064 3305 1212 3364 erat,
1245 3297 1371 3352 illas
1400 3311 1520 3352 esse
1556 3296 1847 3360 obscuras,
1882 3295 2121 3369 ideoque
2150 3305 2519 3366 monuerunt,
2550 3313 2621 3351 ne

119 3380 216 3445 quis
235 3401 258 3430 «ι
283 3384 335 3438 in
355 3385 662 3455 scripturis
683 3384 800 3438 sine
825 3384 1048 3454 praevio
1079 3393 1136 3438 et
1161 3393 1510 3440 monstrante
1540 3384 1687 3440 viam
1712 3383 1925 3457 ingredi
1953 3399 2013 3440 se
2040 3400 2203 3455 posse
2234 3405 2261 3435 »
2293 3386 2619 3457 opinaretur

123 3467 344 3526 (5.11ἰεν.
373 3472 444 3528 ad
473 3471 690 3528 Paulin.
725 3485 814 3542 ep.
840 3473 1010 3540 53,6).
1043 3473 1192 3527 Deus
1218 3472 1338 3542 ipse
1362 3481 1569 3540 autem,
1596 3487 1669 3527 ne
1694 3472 1799 3528 ista
1827 3471 2167 3527 obscuritate
2196 3472 2253 3527 in
2281 3472 2614 3546 pernicioso-

119 3565 216 3608 rum
237 3573 476 3614 errorum
505 3559 770 3630 abyssum
797 3558 1196 3627 dilaberemur‚
1223 3575 1326 3630 pro
1353 3574 1454 3614 sua
1482 3559 1751 3629 sapientia
1779 3575 1845 3619 ac
1872 3559 2119 3615 bonitate
2146 3559 2348 3615 ducem
2375 3559 2617 3616 certissi-

118 3652 240 3696 mum
279 3659 338 3701 ac
372 3647 706 3703 iidhsimum
745 3645 906 3701 nobis
948 3645 1102 3702 dedit
1138 3646 1323 3701 vivum
1361 3655 1417 3702 et
1457 3646 1843 3702 authenticum
1883 3647 2163 3703 Ecclesiae
2208 3649 2616 3720 magisterium,

123 3745 140 3773 ι
164 3731 295 3787 wius
316 3743 396 3790 est
421 3734 676 3790 iudicare
699 3734 769 3789 de
793 3751 922 3790 vero
946 3749 1112 3790 sensu
1140 3742 1196 3789 et
1222 3734 1678 3804 interpretatione
1702 3734 2119 3806 scripturarum
2152 3755 2177 3786 n
2216 3738 2412 3802 (Cone.
2455 3736 2617 3791 Trid.

117 3825 222 3870 sess.
247 3826 295 3873 4.
325 3823 544 3878 Decret.
588 3820 658 3876 de
695 3820 825 3878 edit.
867 3829 925 3876 et
961 3837 1066 3877 usu
1103 3822 1350 3893 Script.).
1383 3822 1565 3891 Quem
1601 3822 1802 3878 ducem
1850 3831 1906 3878 et
1942 3824 2271 3896 magistrum
2308 3825 2473 3895 primi
2511 3826 2622 3880 iam

119 3899 271 3960 Patres
289 3923 388 3964 nos
405 3910 689 3982 audii-cac
715 3910 870 3982 sequi
888 3907 1107 3976 iubent;
1131 3924 1273 3964 unus
1292 3923 1394 3980 pro
1414 3908 1673 3964 omnibus
1696 3910 1959 3981 loquatur
1992 3913 2050 3966 S.
2078 3915 2355 3967 Irenaeus
2375 3911 2443 3984 (c.
2464 3913 2617 3968 haer.

117 3987 190 4041 W.
217 3997 348 4066 265»)
382 4017 395 4050 :
429 4017 454 4047 α
486 3997 585 4052 ubi
611 3996 782 4069 igitur
808 3996 1142 4053 charismata
1165 3997 1391 4052 Domini
1421 3996 1597 4068 posita
1626 4005 1789 4064 sunt,
1825 3997 1901 4053 ibi
1928 3996 2144 4054 discere
2172 4009 2392 4071 oportet
2422 4002 2621 4056 verita-

119 4083 230 4140 tem,
258 4083 418 4154 apud
451 4101 598 4156 quos
634 4091 722 4141 est
757 4101 858 4154 ea,
901 4101 1056 4156 quae
1092 4085 1175 4140 ab
1213 4084 1518 4157 Apo-stolis
1558 4091 1669 4154 est,
1717 4088 2065 4143 successio...
2102 4086 2161 4142 hi
2200 4088 2351 4144 enim
2378 4097 2434 4144 et
2470 4105 2617 4156 eam,

120 4176 326 4230 quaeest
349 4171 406 4226 in
431 4189 606 4229 unum
634 4175 818 4229 Deum
845 4173 938 4244 qui
974 4172 1103 4228 fecit
1129 4171 1336 4240 omnia,
1367 4171 1538 4229 fidem
1568 4182 1822 4229 nostram
1850 4175 2199 4240 custodiunt,
2226 4184 2285 4231 et
2312 4192 2457 4243 eam,
2484 4191 2625 4247 quae

121 4254 250 4308 estin
275 4257 468 4316 Filium
495 4261 628 4328 Dei,
667 4261 1026 4316 dilectionem
1059 4259 1364 4333 adaugent,
1396 4269 1454 4316 et
1479 4263 1838 4334 Scripturas
1870 4265 2000 4318 sinc
2018 4247 2293 4336 periculo
2324 4265 2495 4320 nobis
2523 4282 2627 4321 ex-

117 4350 300 4402 ponunt
322 4367 371 4400 n.
396 4349 590 4420 Neque
617 4356 806 4405 tamen
833 4351 1026 4404 Patres
1054 4347 1254 4405 ducem
1281 4349 1444 4404 illum
1471 4349 1572 4406 sibi
1602 4351 1683 4406 ita
1710 4350 1907 4406 datum
1941 4367 2062 4407 esse
2098 4351 2351 4408 arbitrati
2377 4363 2538 4421 sunt,
2560 4363 2623 4410 ut

123 4431 304 4517 propria
327 4433 594 4493 industria
626 4436 960 4510 proprioque
993 4435 1176 4493 studio
1211 4453 1326 4494 non
1363 4438 1603 4509 amplius
1640 4437 1985 4512 indigerent3
2018 4439 2116 4496 sed
2145 4457 2176 4495 e
2212 4449 2408 4497 contra
2436 4441 2622 4498 divino

123 4510 196 4606 llio
219 4515 346 4574 duce
372 4521 492 4579 freti
525 4525 596 4581 ad
624 4527 746 4581 eius
772 4541 964 4581 vocem
997 4541 1220 4598 semper
1243 4525 1597 4582 attendentes
1628 4527 1851 4582 maiore
1884 4543 2013 4584 cum
2040 4528 2241 4584 ardore
2276 4545 2469 4586 omnes
2494 4546 2624 4585 suas

124 4610 238 4656 Vires
263 4604 641 4680 intendebant,
690 4621 754 4667 ut
797 4611 1218 4670 difficultatibus
1265 4614 1529 4671 omnibus
1570 4615 1845 4686 superatis
1882 4614 2099 4672 divitias
2132 4617 2191 4671 in
2226 4616 2414 4674 divino
2460 4617 2623 4674 verbo

871 4709 1108 4762 Gonnum
1145 4711 1401 4761 courum.
1437 4712 1649 4761 liu-uon.
1684 4737 1747 4748 -·
1782 4717 1827 4762 1.
