3050 5184
898 329 975 372 na
1011 329 1295 374 Erisrom
1333 330 1411 373 An
1454 299 1768 374 camus.
2471 315 2587 374 547

306 459 577 531 particeps
592 459 719 528 flat,
740 459 891 514 lilius
916 460 1175 516 Abrahae
1204 461 1275 515 sit
1292 469 1539 531 oportet;
1565 463 1718 533 atqui
1745 461 2006 518 Abrahae
2035 461 2180 518 filius
2207 461 2270 518 fit
2298 460 2589 518 circumci-

305 547 456 601 sione
485 555 542 601 et
570 548 745 619 Lege3
777 562 909 618 ergo
938 547 1214 618 perfectus
1239 547 1584 604 Christianus
1606 549 1724 606 sine
1745 549 1854 605 illis
1872 565 1990 606 esse
2007 566 2121 606 non
2149 558 2332 621 potest
2357 571 2408 602 2>-
2429 547 2593 618 Quod

302 641 695 706 argumentum
720 633 1061 690 refutaturus
1082 635 1287 690 Paulus
1316 643 1582 704 provocat

138 729 185 776 ι.
214 719 284 776 ad
320 722 715 791 experientiam
753 723 1109 791 Galatarum,
1143 724 1237 795 qui
1274 723 1392 779 sine
1428 725 1578 796 Lege
1599 723 1784 800 jonis
1817 725 2056 796 Spiritus
2091 725 2146 780 S.
2180 725 2290 780 sint
2327 724 2488 782 ditati
2529 737 2594 778 ac

302 808 467 879 proin
494 809 751 866 Abrahae
778 809 907 866 filiis
936 811 1217 866 assimilati
1241 814 1463 882 (3,1·7);

136 901 183 950 2.
211 895 283 952 ad
314 895 629 952 doctrinam
665 897 1011 968 scripturae,
1040 914 1149 968 qua
1185 905 1325 953 teste
1364 907 1557 970 gentes
1592 900 1651 956 in
1683 899 2005 956 Abrahamo
2046 899 2452 956 benedicendae
2477 913 2594 954 non

302 999 403 1055 per
422 985 659 1056 Legem,
692 999 835 1055 quae
862 983 1311 1041 maledictionem
1338 986 1564 1054 afferat,
1597 986 1692 1046 sed
1726 1004 1824 1058 per
1851 987 2022 1044 iidem
2043 985 2484 1044 benedictionem
2510 1001 2594 1041 as·

302 1079 609 1142 sequantur
632 1073 899 1142 (3,8-14);
932 1087 1071 1142 quae
1100 1074 1333 1128 ulterius
1360 1073 1642 1144 explicans
1669 1075 1832 1130 simul
1863 1073 2052 1142 docet,
2077 1075 2200 1146 quis
2221 1074 2346 1129 finis
2369 1081 2425 1128 et
2453 1088 2594 1142 quae

299 1158 515 1214 indoles
545 1159 615 1213 sit
642 1159 807 1230 Legis
836 1160 1168 1230 (3,15-4,7),
1214 1168 1383 1232 atque
1424 1159 1534 1216 hoc
1576 1170 1969 1234 argumentum
2021 1162 2176 1218 brevi
2213 1159 2594 1217 exhortatione

302 1243 567 1301 terminat
594 1250 859 1314 (⁴‚8-20);
1214 1259 1219 1266 ·

132 1339 181 1388 3.
206 1333 275 1388 ad
298 1335 537 1405 typicam
564 1333 1079 1405 interpretationem
1108 1333 1371 1391 historiae
1400 1335 1643 1391 duorum
1671 1335 1915 1392 liliorum
1939 1335 2204 1392 Abrahae
2231 1335 2523 1406 (4,21-31).

138 1421 194 1474 ln
220 1435 656 1478 mansuarios
682 1437 883 1478 marn
911 1425 1207 1492 (5,1-6,10)

139 1515 181 1562 1.
210 1509 537 1580 praeprimis
562 1508 946 1564 conclusiones
978 1511 1249 1579 practicas
1277 1525 1344 1564 ex
1382 1509 1636 1566 doctrina
1677 1510 1960 1582 proposita
1987 1509 2212 1566 deducit
2245 1529 2258 1565 :
2289 1509 2596 1566 cavendum

304 1612 385 1652 sc.
410 1611 557 1665 esse,
588 1611 660 1652 ne
682 1596 873 1668 iugum
905 1597 1183 1669 servitutis
1211 1597 1415 1652 iterum
1452 1607 1737 1654 assumant
1779 1599 2008 1668 (5,1-6);
2040 1596 2596 1654 animadvertendum

302 1699 451 1750 esse,
484 1685 665 1740 Deum
692 1683 1012 1740 seductores
1049 1699 1167 1740 esse
1198 1685 1523 1756 puniturum
1561 1688 1836 1755 (⁵‚7-12);
1863 1683 2266 1756 providendum
2283 1727 2297 1752 ,
2330 1699 2402 1740 ne
2427 1683 2596 1740 liber-

300 1779 479 1826 tatem
502 1787 535 1826 a
562 1773 711 1843 Lege
736 1772 883 1827 male
910 1773 1336 1842 interpretantes
1364 1772 1519 1827 carni
1549 1773 1757 1828 servire
1785 1771 2049 1842 incipiant
2080 1776 2379 1840 (5‚13-25);

134 1865 183 1914 2.
212 1857 411 1915 deinde
456 1859 669 1915 monita
702 1857 972 1930 quaedam
1010 1859 1269 1930 specialia
1305 1857 1459 1915 addit
1499 1857 1570 1915 de
1605 1875 1746 1916 vana
1793 1860 1968 1928 gloria
1999 1868 2054 1914 et
2089 1859 2346 1930 superbia
2374 1858 2596 1914 vitanda

304 1951 597 2016 (5,26-6,5)
628 1955 685 2002 et
708 1945 777 2002 de
808 1949 1037 2002 caritate
1060 1962 1188 2018 erga
1215 1961 1408 2002 omnes
1436 1946 1741 2002 exercenda
1773 1947 2030 2017 (QG-10).

136 2035 199 2088 ln
224 2036 497 2092 Errnoco
522 2039 596 2103 (6,
632 2033 821 2104 11-18)
844 2035 1055 2090 Galatis
1077 2049 1335 2105 perversa
1358 2034 1564 2090 motiva
1595 2033 2154 2105 pseudapostolorum
2171 2034 2401 2101 revelat,
2425 2048 2596 2104 gene-

302 2123 418 2176 rale
448 2121 717 2193 epistolae
744 2130 1137 2196 argumentum
1166 2123 1368 2193 repetit
1396 2130 1451 2177 et
1476 2120 1759 2178 concludit
1781 2121 2170 2178 benedictione
2198 2120 2522 2193 apostolica.

144 2275 197 2332 5.
226 2305 304 2316 —
334 2271 464 2342 Quo
510 2287 787 2332 'taurona
826 2289 902 2332 m·
944 2287 1057 2339 Quo
1097 2289 1156 2330 ιΝ
1197 2286 1337 2331 noco
1382 2270 1650 2348 epistola
1681 2271 1835 2330 haec
1860 2271 1943 2330 sit
1971 2275 2212 2344 exorta,
2255 2271 2320 2330 in
2350 2274 2594 2330 contro—

84 2369 261 2428 versia
286 2372 604 2442 versatur;
638 2367 873 2428 rectius
910 2371 1123 2428 autem
1160 2367 1253 2426 illi
1284 2367 1594 2436 sentiunt,
1628 2367 1737 2444 qui
1770 2367 2031 2427 Paulum
2064 2367 2131 2426 in
2169 2367 2444 2428 secundo
2481 2384 2594 2427 suo

84 2463 282 2524 itinere
322 2462 601 2524 Corinthi
640 2463 854 2543 paucis
896 2463 1221 2523 mensibus
1259 2467 1598 2540 postquam
1638 2462 1915 2524 secunda
1948 2462 2084 2524 vice
2123 2463 2418 2524 ecclesias
2446 2480 2593 2542 pro-

82 2560 297 2622 vinciae
328 2561 603 2622 Galatiae
631 2559 913 2620 visitavit
945 2575 1083 2620 eam
1112 2559 1441 2636 scripsisse
1473 2563 1780 2620 asserunt.

136 2675 315 2728 Patres
338 2671 595 2728 nonnulli
624 2671 1007 2743 (Theodoret.,
1040 2673 1099 2728 S.
1132 2673 1365 2726 Hieron.
1396 2676 1530 2738 etc.)
1563 2671 1734 2742 priori
1768 2671 2070 2741 captivitati
2105 2685 2370 2728 romanae
2397 2671 2594 2742 episto-

82 2761 173 2814 lam
200 2776 397 2832 parum
420 2767 569 2815 recte
598 2759 999 2828 attribuerunt;
1026 2775 1159 2815 nam
1187 2756 1257 2816 de
1284 2759 1544 2826 vinculis,
1573 2773 1810 2830 quorum
1837 2760 1897 2814 in
1920 2758 2040 2814 aliis
2065 2759 2309 2829 epistolis
2335 2773 2403 2813 ex
2425 2758 2595 2828 capti-

82 2848 227 2904 vitate
249 2847 469 2920 scriptis
490 2847 833 2903 mentionem
861 2847 1112 2918 ingerere
1138 2846 1309 2914 solet,
1342 2847 1401 2902 in
1428 2845 1535 2902 hac
1559 2861 1674 2901 non
1703 2846 1950 2917 loquitur
1977 2847 2309 2917 Apostolus,
2335 2861 2440 2901 nec
2467 2853 2594 2900 tan-⁶

80 2943 181 2990 tum
216 2945 441 3006 tempus
474 2935 621 2990 inter
660 2934 917 2990 ultimum
946 2935 1063 2990 eius
1099 2933 1205 2989 iter
1242 2933 1542 3005 galaticum
1581 2942 1638 2988 et
1673 2933 1938 3004 scriptam
1981 2933 2272 3005 epistolam
2315 2933 2598 2988 interiacet

80 3021 189 3086 (cfr.
212 3024 351 3079 Gal.
388 3027 521 3090 1,6).
554 3022 783 3077 Rectius
808 3022 866 3077 S.
900 3021 1357 3091 Chryso-stomun
1384 3035 1508 3076 eam
1533 3029 1662 3076 ante
1688 3021 1843 3077 illam
1871 3020 1943 3078 ad
1966 3023 2134 3077 Rom.
2167 3029 2448 3076 exaratam
2476 3035 2596 3078 esse

78 3111 323 3178 coniecit;
374 3125 503 3165 cum
542 3108 799 3166 codicum
846 3117 1030 3166 autem
1082 3108 1388 3165 multorum
1428 3108 1924 3179 subscriptionibus
1968 3108 2228 3164 moderni
2269 3109 2598 3181 interpretes

80 3197 305 3270 plerique
326 3204 585 3264 censent,
616 3197 850 3252 Paulum
875 3196 1075 3268 Ephesi
1101 3196 1161 3253 in
1188 3197 1357 3252 tertio
1382 3197 1583 3252 itinere
1606 3211 1730 3254 eam
1757 3195 1994 3253 dedisse.
2026 3197 2127 3253 Cui
2149 3196 2456 3252 sententiae
2481 3212 2596 3252 om-

78 3285 193 3341 nino
210 3283 619 3342 inhaerendum
638 3293 800 3352 esset,
825 3286 873 3340 si
890 3284 1137 3341 ecclesiis
1158 3284 1409 3340 Galatiae
1429 3284 1654 3355 proprie
1672 3283 1856 3340 dictae
1875 3283 2110 3354 epistola
2131 3291 2276 3340 esset
2293 3283 2592 3350 destinata;

78 3371 559 3430 demonstravimus
580 3380 765 3428 autem
778 3412 795 3440 ,
818 3374 1045 3428 nomine
1071 3372 1325 3428 Galatiae
1344 3369 1766 3444 intelligendam
1785 3387 1906 3426 esse
1925 3386 2214 3428 romanam
2236 3373 2593 3444 provinciam,

78 3458 289 3532 ideoque
310 3461 541 3516 omnino
564 3459 866 3516 tenendum
890 3460 1125 3524 videtur,
1159 3475 1285 3516 eam
1303 3460 1467 3515 tertio
1498 3460 1695 3516 itinere
1724 3459 2027 3531 apostolico
2059 3475 2179 3516 esse
2203 3460 2593 3532 antiquiorem.

80 3547 311 3606 Profecto
334 3548 483 3604 circa
510 3547 661 3604 idem
686 3555 925 3619 tempus,
959 3564 1069 3620 quo
1098 3547 1708 3616 Thessalonicensibus,
1733 3547 1899 3604 etiam
1919 3547 2132 3604 Galatis
2152 3547 2436 3619 scripsisse
2453 3551 2596 3604 Pau-

80 3634 205 3702 lum,
234 3634 417 3692 vivida
450 3635 747 3706 descriptio
778 3649 971 3692 eorum
986 3679 1001 3704 ,
1034 3651 1177 3706 quae
1200 3635 1554 3708 lerosolymis
1587 3635 1646 3691 in
1667 3634 1912 3690 Concilio
1935 3644 1992 3691 et
2018 3635 2348 3694 Antiochiae
2373 3635 2433 3690 in
2462 3651 2595 3692 con-

78 3724 321 3780 troversia
350 3738 479 3778 cum
506 3725 671 3778 Petro
691 3721 761 3780 de
780 3722 1049 3794 legalibus
1072 3731 1195 3778 acta
1218 3730 1348 3778 sunt
1368 3722 1521 3793 (Gal.
1550 3723 1782 3794 2,1-21),
1811 3722 1962 3779 haud
1984 3723 2217 3780 obscure
2240 3722 2432 3792 docet,
2459 3723 2599 3778 nihil

80 3825 189 3868 vero
210 3813 267 3866 in
292 3819 414 3867 tota
442 3809 675 3882 epistola
702 3811 923 3881 legitur,
952 3825 1065 3882 quo
1092 3824 1217 3865 eam
1242 3809 1536 3880 posteriori
1561 3811 1802 3880 tempori
1829 3810 2142 3868 adscribere
2171 3825 2462 3882 cogamur.

143 3963 195 4020 ὅ.
224 3993 305 4006 --
334 3961 404 4022 V.
452 3961 823 4020 Aurunurm
864 3974 1198 4020 Eris'romn
1238 3976 1365 4018 non
1405 3963 1647 4018 tantum
1693 3961 1947 4020 Patrum
1996 3959 2377 4020 testimoniis
2425 3964 2598 4020 extra

80 4053 520 4118 dubitationem
547 4055 828 4135 ponitur,
863 4056 972 4116 sed
1002 4056 1141 4133 ipsa
1172 4071 1429 4132 quoque
1460 4056 1732 4133 epistola
1779 4061 1907 4117 tam
1947 4057 2108 4117 clare
2152 4056 2414 4117 Paulum
2448 4073 2597 4116 auc-

86 4157 266 4217 torem
296 4175 435 4220 esse
477 4159 717 4238 prodit,
762 4165 831 4221 ut
862 4177 1211 4240 paucorum
1252 4159 1608 4220 recentium
1651 4157 1843 4218 dubia
1885 4156 1966 4216 ab
2009 4155 2166 4233 ipsis
2219 4179 2250 4212 «
2296 4156 2532 4218 criticis
2564 4181 2593 4212 »

80 4250 381 4332 plerisque
408 4255 545 4316 iure
574 4256 803 4317 merito
833 4257 1232 4317 irrideantur.

140 4389 357 4444 Patrnm
388 4389 713 4448 testimonia
739 4389 943 4446 similia
972 4398 1101 4446 sunt
1138 4391 1235 4459 iis,
1268 4391 1468 4462 quibus
1505 4392 1868 4464 epistolarum
1908 4393 1976 4451 ad
2015 4396 2209 4454 Thess.
2250 4398 2594 4456 authentiam

80 4471 589 4545 demonstravimus;
620 4477 680 4534 in
706 4481 959 4533 Patr-um
984 4479 1449 4550 apostolicorum
1477 4477 1740 4550 operibus
1767 4483 2034 4539 nonnulla
2063 4483 2422 4543 inveniuntur
2450 4488 2592 4544 allu-

84 4561 245 4620 siones
268 4565 444 4639 magis
469 4566 722 4624 minusve
752 4575 935 4622 certae
960 4565 1034 4634 (S.
1072 4566 1326 4622 Clemen.
1358 4571 1519 4622 Rom.
1563 4572 1586 4621 1
1623 4569 1749 4624 Cor.
1780 4575 1814 4626 5
1845 4571 2071 4626 Petrum
2101 4581 2158 4628 et
2183 4575 2414 4630 Paulum
2438 4577 2592 4632 cocu-

87 4665 234 4708 mnas
257 4654 497 4726 appellat
514 4653 618 4712 cfr.
642 4652 781 4712 Gal.
806 4659 927 4725 2,9;
954 4662 980 4710 1
1009 4653 1133 4710 Cor.
1156 4661 1227 4710 49
1248 4655 1430 4710 Iesum
1449 4653 1730 4712 Christum
1751 4655 1886 4714 dicit
1915 4677 1940 4710 <t
1965 4661 2294 4733 sanguinem
2311 4677 2472 4718 suum
2493 4677 2594 4736 pro
