3050 5184
391 339 466 396 70
545 357 701 400 ms'r.
736 357 1022 402 ‘rssxruuu
1057 356 1553 403 PmmGENmRUM.
1592 377 1664 385 —
1695 357 1823 402 CAP-
1856 359 1924 402 11.
1958 357 2034 402 DE
2072 357 2273 402 '1'sser
2308 358 2536 404 GRAECO
2566 360 2711 404 NOVI
2743 359 2906 402 TEST.

387 503 500 544 non
533 504 692 560 posse
725 488 1144 556 arbitrarentur,
1173 498 1236 545 ut
1271 489 1412 546 liber
1451 491 1749 562 inspiratus
1786 490 1983 547 humili
2018 495 2161 564 stylo
2198 491 2493 563 linguaque
2531 491 2747 547 inculta
2786 507 2914 546 con-

387 575 733 632 scriberetur.
771 579 959 650 Longe
1005 577 1165 633 aliter
1203 578 1338 633 olim
1385 589 1677 634 senserunt
1718 581 1939 648 Patres,
1968 579 2064 650 qui
2090 577 2361 635 librorum
2388 593 2675 635 sacrorum
2714 579 2915 650 stylum

389 677 580 734 parum
617 665 925 737 elegantem
957 665 1371 737 orationemque
1395 665 1660 722 incultam
1694 665 1977 722 interdum
2002 674 2363 740 exaggerant,
2392 675 2457 722 ut
2484 665 2771 722 efficacius
2796 665 2920 721 inde

388 749 602 808 divinae
631 767 824 809 eorum
855 752 1100 809 veritatis
1135 762 1523 826 argumentum
1559 752 1863 822 deducant3
1889 754 2179 811 Platonem
2216 756 2363 811 enim
2398 763 2627 810 monent
2656 753 2921 825 pulcher-

388 840 540 895 rimis
575 842 686 896 suis
720 841 951 914 dialogis
981 857 1053 897 ne
1087 857 1263 898 unum
1300 842 1525 914 quidem
1562 841 1635 898 ad
1665 858 1793 898 suas
1834 851 2019 914 partes
2054 843 2278 899 trahere
2314 843 2557 914 potuisse
2596 850 2919 914 tyrannum,
3013 901 3014 906 η

387 928 728 999 Scripturam
752 937 957 997 autem,
985 945 1151 1002 quam
1174 929 1246 986 ob
1274 929 1539 986 barbaras
1566 931 1684 986 eius
1702 945 1866 986 voces
1890 931 2206 1003 peregrinas
2218 947 2326 1003 que
2351 930 2641 986 nominum
2672 929 2925 984 fictiones
3013 957 3014 960 =

389 1025 446 1070 et
479 1016 795 1072 solecismos
830 1015 1138 1088 despiciunt
1180 1017 1413 1088 ethnici,
1450 1018 1798 1090 eloquentiae
1838 1033 2124 1074 assensum
2162 1019 2453 1074 extorsisse
2490 1025 2545 1074 et
2578 1025 2773 1073 terras
2809 1031 2925 1070 ma-
3013 1073 3014 1076 ,

389 1104 577 1174 riaque
621 1103 723 1160 sibi
764 1103 1080 1176 subiugasse
1107 1104 1223 1172 (Cfr
1257 1105 1315 1161 S.
1346 1106 1490 1162 Ιείά.
1519 1105 1713 1162 Pelus.
1750 1109 1852 1178 Ep.
1892 1108 1990 1164 IV.
2028 1111 2126 1204 28;
2167 1107 2226 1163 S.
2266 1105 2485 1161 Autan.
2528 1104 2598 1161 de
2640 1107 2922 1160 lucarnat.
3013 1119 3014 1122 ¹

393 1191 556 1246 Verbi
581 1197 680 1260 503
705 1195 766 1249 S.
791 1193 1090 1262 Chryso-st.
1127 1195 1246 1249 Inl
1287 1195 1416 1250 Cor.
1449 1194 1602 1250 hom.
1636 1201 1688 1262 3,
1695 1199 1728 1249 4
1753 1199 1905 1262 etc..)

466 1344 524 1402 2.
555 1376 635 1386 —-
665 1345 900 1404 Revera
949 1345 1101 1404 Novi
1156 1346 1358 1414 Test.‚
1419 1346 1509 1406 uti
1571 1346 1763 1406 etiam
1822 1345 2264 1406 alexandrinae
2311 1344 2620 1406 versionis
2674 1341 2921 1404 Veteris
3013 1397 3014 1410 Σ

391 1440 581 1511 Test.‚
615 1440 850 1501 idioma
877 1441 943 1500 in
971 1459 1200 1520 genere
1229 1459 1372 1502 cum
1413 1442 1521 1501 illo
1562 1459 1851 1502 sermone
1892 1458 2117 1520 graeco
2167 1441 2493 1512 convenit,
2526 1429 2825 1518 qui‘inde
2850 1438 2925 1496 ab
3013 1437 3014 1440 ’

389 1536 716 1596 Alexandri
749 1538 828 1597 M.
861 1542 1062 1598 aetate
1101 1555 1214 1616 per
1245 1555 1467 1599 omnes
1506 1539 1639 1599 sere
1677 1538 1931 1617 imperii
1969 1537 2361 1599 macedonici
2402 1537 2769 1617 provincias
2797 1533 2921 1594 vul·
3013 1531 3014 1614 j

387 1633 550 1711 garis
577 1633 773 1694 factus
804 1639 921 1695 est.
955 1635 1276 1694 Hellenica
1303 1635 1607 1696 dialectus
1637 1633 1911 1712 (ἑλληνικὴ
1942 1635 2235 1714 διάλεκτος)
2264 1635 2450 1713 vulgo
2488 1633 2813 1711 appellata
2854 1647 2923 1689 ex

389 1730 804 1807 permixtione
834 1730 1108 1807 quadam
1138 1732 1425 1792 omnium
1455 1732 1867 1793 dialectorum
1896 1747 2261 1809 graecarum
2301 1731 2389 1790 ita
2431 1735 2528 1791 est
2568 1733 2825 1798 exorta,
2858 1731 2920 1786 ut

389 1827 630 1896 dorica,
667 1844 824 1904 quae
855 1827 1260 1888 Macedonum
1305 1832 1438 1888 erat
1473 1828 1758 1907 propria,
1796 1828 2213 1906 praevaleret;
2249 1827 2395 1887 hinc
2437 1845 2475 1887 a
2514 1827 2921 1886 classicorum

388 1924 600 2000 lingua
637 1939 831 2000 quum
867 1923 1190 1985 vocabulis
1224 1925 1807 2003 vocabulorumque
1838 1923 2397 2002 significationibus
2434 1927 2575 1984 tum
2603 1937 2919 2001 gramma—

389 2020 533 2080 ticis
561 2019 1050 2098 proprietatibus
1082 2021 1311 2081 differt.

457 2131 758 2188 Alexandri
783 2135 860 2188 M.
900 2148 1135 2204 regnum
1177 2134 1234 2188 in
1276 2135 1562 2191 Orientem
1601 2136 1847 2207 linguam
1888 2133 2311 2206 disciplinasque
2352 2148 2577 2207 graecas
2620 2131 2917 2190 intuleram

391 2229 684 2291 postquam
725 2220 1029 2276 Ptolemaei
1066 2221 1125 2276 in
1164 2226 1442 2294 Aegypto,
1483 2221 1801 2280 Seleucidae
1840 2222 1899 2278 in
1938 2223 2093 2294 Syria
2140 2232 2205 2278 et·
2240 2222 2641 2293 Mesopotamia
2686 2235 2790 2290 per
2824 2217 2920 2271 tria

390 2307 608 2363 saecula
636 2317 1032 2381 regnaverant,
1061 2307 1383 2365 innumerae
1419 2309 1626 2382 ubique
1652 2310 2071 2368 inveniebantur
2096 2311 2342 2366 civitates
2366 2323 2595 2382 graecae
2640 2317 2700 2364 et
2730 2320 2919 2379 quam-

391 2408 578 2468 quam,
609 2396 690 2451 uti
712 2411 812 2467 per
837 2411 897 2451 se
925 2404 1101 2466 patet,
1133 2396 1353 2470 linguae
1382 2400 1710 2455 vernaculae
1731 2415 1847 2456 non
1872 2399 2177 2470 perierant,
2208 2411 2405 2471 graeca
2426 2405 2646 2460 tamen,
2682 2409 2797 2468 qua
2824 2392 2915 2448 do·

389 2483 688 2538 minatores
712 2482 1026 2552 utebantur,
1053 2485 1372 2556 praevalere
1394 2494 1670 2557 coeperat.
1696 2487 1912 2557 Duplex
1939 2495 2123 2542 autem
2152 2501 2217 2541 ea
2244 2493 2427 2540 aetate
2448 2499 2681 2557 graecae
2710 2483 2921 2554 linguae

390 2571 559 2643 ipsius
581 2571 811 2626 mutatio
835 2570 981 2626 sacta
1009 2581 1109 2627 est.
1137 2573 1442 2644 Scriptores
1467 2574 1633 2644 enim,
1655 2575 1756 2631 etsi
1781 2574 2005 2630 atticam
2031 2572 2327 2629 dialectum
2352 2572 2587 2628 retinere
2612 2570 2917 2627 studerent,

391 2659 522 2714 satis
549 2659 724 2714 multa
752 2674 817 2715 ex
847 2659 966 2715 aliis
988 2658 1234 2716 dialectis
1261 2660 1634 2718 immiscentes
1660 2678 1862 2718 novam
1883 2662 2037 2718 illam
2061 2660 2443 2725 efformarunt,
2468 2675 2611 2732 quae
2635 2657 2785 2724 κοινή
2809 2657 2845 2711 i.
2870 2668 2917 2708 e.

395 2766 421 2798 α
452 2746 707 2802 omnibus
733 2749 1044 2803 communis
1071 2769 1096 2800 ν
1131 2750 1456 2820 appellatur.
1499 2749 1737 2806 Gravior
1763 2759 1949 2806 autern
1977 2757 2095 2805 erat
2128 2748 2350 2821 linguae
2372 2747 2617 2820 vulgaris
2646 2756 2705 2803 et
2740 2742 2913 2817 quoti-

362 2839 368 2844 '
393 2834 587 2890 dianae
625 2835 879 2890 mutatio.
909 2837 1124 2891 Etenim
1155 2852 1386 2908 graecae
1427 2837 1632 2902 tribus,
1666 2853 1807 2911 quae
1844 2853 1910 2892 eo
1952 2851 2125 2909 usque
2154 2837 2327 2908 magis
2355 2835 2607 2890 minusve
2636 2839 2919 2907 separatae

394 2923 658 2992 vixerant,
690 2924 831 2978 inter
857 2937 918 2978 se
941 2923 1284 2979 commisceri
1312 2933 1540 2997 coeptae
1568 2934 1696 2980 sunt
1722 2940 2021 2997 earumque
2048 2924 2265 2981 dialecti
2294 2938 2515 2996 quoque
2538 2931 2670 2979 sunt
2692 2917 2915 2994 permix-

390 3018 497 3077 tae,
522 3011 872 3081 praevalente
897 3019 1085 3067 tamen
1103 3009 1309 3067 dorica.
1334 3014 1452 3068 Iam
1476 3029 1607 3068 vero
1632 3012 1723 3068 hic
1746 3027 1930 3068 sermo
1958 3012 2214 3086 vulgaris,
2249 3011 2342 3083 qui
2366 3010 2651 3082 permixtis
2680 3004 2918 3066 dialectis

391 3096 490 3155 sed
530 3113 631 3168 pro
673 3097 836 3152 variis
873 3097 1160 3169 provinciis
1199 3098 1269 3155 ob
1311 3099 1616 3172 singulares
1656 3116 1724 3156 ex
1761 3100 1960 3156 nativis
2004 3100 2203 3172 linguis
2242 3097 2511 3166 admissos
2551 3096 2917 3155 barbarismos

393 3183 796 3257 aliquantulum
819 3183 1065 3242 diversus
1089 3202 1120 3240 a
1147 3187 1368 3260 Tigride
1393 3203 1568 3258 usque
1592 3186 1663 3243 ad
1688 3187 1871 3244 Nilum
1894 3189 1951 3243 in
1981 3187 2331 3259 quotidianae
2356 3187 2498 3241 vitae
2522 3201 2624 3240 usu
2654 3185 2778 3250 fuit,
2807 3181 2913 3237 sun·

393 3270 715 3328 damentum
757 3273 912 3344 quasi
943 3282 1025 3329 est
1063 3272 1342 3330 idiomatis
1369 3277 1633 3330 versionis
1662 3275 2047 3332 alexandrinae
2084 3283 2139 3330 et
2171 3273 2309 3332 Novi
2336 3277 2518 3340 Test.;
2551 3272 2753 3329 iudaici
2780 3269 2913 3325 enim

393 3360 718 3430 interpretes
746 3369 801 3415 et
829 3361 970 3416 sacri
991 3361 1286 3432 scriptores
1313 3378 1380 3418 ex
1410 3379 1514 3419 usu
1544 3365 1725 3434 potius
1752 3363 2070 3436 quotidiano
2100 3378 2265 3435 quam
2294 3379 2361 3417 ex
2387 3361 2661 3418 librorum
2692 3357 2915 3416 lectione

285 3469 300 3488 =
395 3463 649 3520 graecam
688 3447 934 3520 linguam
973 3448 1383 3506 addidicerunt.
1415 3450 1733 3506 Hellenicae
1772 3450 1937 3506 huius
1978 3450 2197 3506 dialecti
2238 3450 2343 3506 hae
2387 3449 2703 3505 enumerari
2748 3445 2916 3502 solent

397 3536 778 3607 propi-ietateS‚
802 3551 942 3607 quae
961 3537 1227 3594 vocabula
1247 3538 1524 3611 attingunt
1547 3559 1561 3593 ε
1584 3543 1665 3606 α.)
1692 3538 1957 3595 vocabula
1984 3554 2051 3594 ex
2080 3537 2335 3594 omnibus
2362 3537 2609 3592 dialectis
2635 3543 2914 3591 assumun-

395 3631 516 3691 tur;
552 3622 628 3690 b.)
653 3623 760 3679 illis
783 3631 996 3692 autem,
1025 3641 1166 3697 quae
1193 3626 1304 3680 iam
1331 3627 1389 3680 in
1411 3641 1515 3681 usu
1544 3635 1731 3692 erant,
1760 3641 1935 3680 novae
1961 3625 2386 3698 significationes
2408 3623 2790 3680 attribuuntur
2816 3623 2910 3684 (ex-

397 3726 480 3782 gr.
509 3710 1360 3783 παρακαλεῖν,νοςαναςπαιδεύειν,
1382 3715 1719 3786 casti-qam,-
1740 3713 2069 3784 εὐχαριστεῖν,
2096 3716 2326 3780 gratias
2354 3727 2556 3784 aym-e,-
2578 3711 2909 3782 ἀποκριθῆναι,

397 3798 744 3870 respondere
751 3819 773 3866 ;
801 3800 1020 3870 ὃαιμών,
1051 3799 1336 3871 δαιμόνιον,
1367 3801 1564 3856 malus
1592 3803 1873 3872 spiritum
1902 3800 2075 3870 ξύλον,
2103 3801 2285 3856 arbor
2326 3803 2485 3867 etc.);
2517 3803 2591 3866 c.)
2620 3800 2827 3854 rariora
2868 3797 2915 3844 et

400 3885 608 3956 poetica
638 3886 903 3942 vocabula
937 3887 1078 3944 fiunt
1116 3889 1431 3944 communia
1473 3887 1766 3958 (αὐθεντεῖν,
1794 3889 2137 3957 domuum-i,-
2168 3888 2517 3960 μεσονύκτιον,
2545 3887 2753 3942 media
2777 3895 2914 3940 nom

400 3973 638 4046 ἀλέκτωρ,
659 3973 858 4046 qallus
885 3975 1279 4046 qallinaceus;
1305 3977 1515 4048 βρέχειν,
1537 3977 1809 4048 irn'qare
1836 3981 1994 4045 etc.);
2026 3977 2111 4044 d.)
2137 3977 2575 4046 usitatorumque
2604 3972 2783 4030 forma
2800 3981 2913 4023 mu-

398 4070 569 4128 tatur,
603 4078 772 4134 quum
799 4061 1007 4118 formae
1038 4063 1312 4135 pleniores
1335 4071 1392 4120 et
1419 4063 1802 4136 productiores
1830 4064 2219 4136 praeplaceant
2241 4063 2499 4131 (ἔκπαλαι,
2532 4061 2690 4132 ἐχθές,
2720 4057 2913 4124 αἴτημα,

402 4149 688 4218 βασίλισσα,
718 4149 969 4220 ἐκχύνειν,
997 4152 1246 4222 πετάομαι
1266 4156 1424 4220 etc.),
1458 4156 1529 4219 e.)
1556 4167 1699 4208 nova
1729 4159 1949 4224 quoque
1976 4151 2239 4207 vocabula
2270 4151 2595 4222 praesertim
2626 4142 2912 4218 composita

397 4237 681 4310 finguntur
715 4237 1257 4310 (ἆλλατριοεπίσκοπος,
1287 4239 1717 4310 ἀνθρωπάρεσκος,
1757 4239 2133 4310 μονόφθαλμος,
2164 4239 2524 4309 αἱματεκχυσία
2550 4241 2711 4305 οἱα),
2743 4233 2811 4308 fi)
2840 4225 2911 4280 *⁹0¹

399 4341 466 4380 ex
505 4325 624 4381 aliis
667 4326 894 4399 linguiS,
929 4329 1168 4398 persica,
1199 4328 1546 4399 aegyptiaca,
1576 4327 1851 4391 semitica‚
1892 4327 2063 4382 latina
2109 4325 2512 4382 adsciscuntur.
2557 4324 2913 4396 proprietates

399 4421 585 4468 autem
613 4415 1052 4486 grammaticales
1079 4416 1316 4470 maxime
1344 4415 1402 4469 in
1429 4415 1719 4469 nominum
1756 4413 2159 4486 verborumque
2190 4414 2411 4469 flexuris
2452 4421 2547 4468 aut
2575 4413 2737 4484 plane
2771 4401 2915 4463 novis

401 4508 496 4556 aut
516 4499 736 4557 adscitis
763 4518 831 4558 ex
860 4502 978 4558 aliis
1001 4501 1268 4566 dialectiS,
1295 4503 1352 4556 in
1378 4502 1587 4557 rariore
1610 4500 1791 4556 dualis
1814 4517 1917 4558 usu
1932 4545 1946 4571 ‚
1978 4503 2035 4556 in
2061 4501 2216 4556 novis
2238 4502 2533 4557 verborum
2564 4490 2909 4556 constructio·

397 4589 560 4644 nibus
604 4589 835 4661 aliisque
879 4589 1151 4646 eiusmodi
1190 4588 1662 4661 singularitatibus
1708 4598 2037 4660 cernuntur,
2069 4588 2139 4645 de
2178 4589 2376 4661 quibus
2404 4588 2523 4645 fuse
2552 4596 2723 4660 agunt
2747 4591 2910 4656 gram·

399 4677 606 4733 matici.
