3050 5184
396 305 513 364 188
626 320 702 364 nu
739 321 878 364 var.
925 320 1180 364 res-rm.
1228 317 1418 362 umus
1459 315 1807 362 msa-onmis.
1853 333 1930 346 --
1974 317 2105 362 car.
2151 319 2192 360 1.
2240 317 2315 360 nn
2358 311 2804 359 murm-Eueno.

395 451 577 507 vellet.
607 454 681 508 At
707 450 1054 506 refutationis
1079 465 1221 505 onus
1253 449 1358 521 ipsi
1391 449 1567 504 nostri
1594 448 1899 504 adversarii
1924 448 2069 504 inter
2096 463 2156 504 se
2184 446 2545 520 digladiantes
2566 445 2628 502 in
2658 461 2718 502 se
2742 461 2918 500 susce-

394 542 611 610 perunt,
637 547 694 594 et
715 553 884 610 quam
910 539 1122 594 incerta
1150 538 1262 592 sint
1289 536 1573 608 principia,
1603 537 1805 608 quibus
1826 536 2097 605 nituntur,
2130 536 2253 592 luce
2280 535 2484 591 clarius
2510 542 2759 607 apparet,
2788 533 2833 587 si
2856 531 2919 588 ad
3013 551 3014 568 1

397 642 590 682 corum
629 626 940 682 dissensum
978 625 1049 682 de
1090 624 1553 682 documentorum
1595 622 2104 698 fragmentorumve
2141 639 2375 680 numero
2418 631 2475 678 et
2510 622 2725 695 origine
2766 630 2821 676 et
2858 621 2921 675 de
3013 651 3014 654 =

396 713 866 770 diasceuastarum
889 712 1310 770 redactorumve
1336 721 1514 768 aetate
1544 713 1763 767 animus
1795 710 2117 768 advertitur.
2147 711 2258 768 Alii
2288 726 2417 766 cum
2444 709 2601 766 Tuch
2626 709 2811 773 duos,
2836 710 2921 764 alii

395 817 522 856 cum
552 804 635 856 De
665 803 850 856 Wette
875 807 1026 865 treS,
1058 800 1153 857 alii
1175 815 1303 856 cum
1330 799 1572 870 Hupi’eld
1601 807 1881 872 quatuor,
1912 807 2009 856 aut
2030 815 2159 856 cum
2185 799 2487 871 Vailiinger
2517 799 2803 872 quinque,
2834 807 2921 852 aut
3013 871 3014 884 χ

397 905 524 946 cum
549 888 826 946 Noeldeke
850 897 906 944 et
927 888 1147 946 Knobel
1173 904 1279 944 sex
1303 888 1384 943 vel
1412 895 1642 960 septem,
1674 896 1771 943 aut
1796 903 1925 943 cum
1952 886 2145 943 Ewald
2176 887 2515 942 innumeros
2539 885 2667 959 fere
2704 887 2925 957 scripto-

396 993 486 1032 res
508 977 579 1032 ad
606 976 964 1032 Pentateuehi
986 975 1320 1032 documenta
1348 975 1434 1030 vel
1464 975 1772 1047 fragmenta
1796 973 2071 1030 exaranda
2101 983 2157 1030 et
2180 974 2561 1045 coniungenda
2588 975 2924 1030 concurrisse

397 1075 643 1120 censent.
683 1063 930 1120 Primum
966 1063 1359 1120 documentum
1396 1064 1478 1119 vel
1511 1062 1913 1135 fragmentum,
1946 1060 2099 1134 quod
2131 1062 2507 1119 Pentateucho
2548 1061 2925 1132 componendo

398 1151 708 1220 inservivit,
735 1152 828 1208 alii
851 1157 990 1208 ante
1017 1155 1274 1222 Moysen,
1305 1151 1400 1207 alii
1427 1154 1704 1206 mosaica
1733 1156 1948 1215 aelate,
1980 1151 2075 1206 alii
2105 1155 2365 1222 tempore
2389 1152 2618 1218 Iosuae,
2652 1149 2737 1206 vel
2765 1149 2925 1205 Iudi·
3013 1191 3014 1194 η

400 1255 546 1308 cum,
579 1241 662 1295 vel
689 1239 916 1304 Saulis,
943 1241 1030 1296 vel
1057 1239 1318 1296 Davidis
1345 1248 1446 1296 etc.
1481 1239 1747 1310 prodiisse
1774 1237 1997 1306 dicunt3
2026 1238 2432 1294 pentateuchus
2458 1247 2648 1294 autem
2673 1238 2925 1293 termina-
3013 1301 3014 1304 Ἴ

399 1337 490 1383 tus
517 1327 780 1383 asseritur
807 1326 877 1383 ab
907 1328 1028 1384 aliis
1057 1333 1307 1398 tempore
1346 1329 1583 1392 Iosuae,
1615 1326 1685 1382 ab
1713 1326 1836 1382 aliis
1874 1334 2133 1398 tempore
2164 1326 2368 1382 Saulis
2405 1334 2502 1380 aut
2538 1323 2803 1381 Davidis
2838 1333 2927 1379 aut
3013 1369 3014 1400 ἢ

407 1414 768 1486 Salomonis,
801 1424 898 1471 aut
922 1417 1148 1480 Iosiae,
1168 1416 1238 1471 ab
1265 1415 1385 1470 aliis
1416 1415 1579 1471 brevi
1605 1420 1747 1470 ante
1773 1415 2051 1470 exsilium
2080 1413 2494 1486 babylonicum,
2526 1413 2597 1468 ab
2624 1413 2749 1469 aliis
2775 1414 2926 1468 brevi
3013 1445 3014 1450 κ

392 1507 531 1575 post
567 1503 752 1572 illud,
795 1511 894 1558 aut
935 1503 1166 1559 Esdrae
1205 1508 1434 1566 aetate,
1473 1512 1570 1558 aut
1610 1509 1864 1574 tempore
1904 1501 2255 1576 intermedio
2302 1502 2453 1558 inter
2496 1501 2841 1556 Nehemiam
2878 1507 2923 1555 et
3013 1567 3014 1572 ἵ

399 1592 814 1646 Alexandrum
849 1594 922 1648 M.
944 1634 958 1660 ,
999 1599 1095 1647 aut
1129 1595 1332 1648 aetate
1365 1590 1699 1661 primorum
1738 1588 2235 1656 Ptolemaeorum,
2278 1597 2373 1644 aut
2410 1587 2637 1644 demum
2676 1595 2923 1661 tempore

401 1679 813 1734 machabana.
858 1679 1012 1748 Quae
1063 1678 1236 1734 fusius
1279 1678 1536 1749 persequi
1579 1692 1780 1748 operae
1827 1677 2067 1748 pretium
2111 1691 2227 1732 non
2276 1683 2385 1742 θεῖς
2430 1675 2531 1731 sed
2574 1677 2921 1749 praecipuam

406 1787 432 1818 κ
462 1767 778 1822 criticorum
809 1786 834 1818 »
872 1766 1026 1822 litem
1059 1767 1222 1838 plane
1250 1764 1691 1838 praetermittere
1714 1780 1825 1820 non
1850 1764 1999 1820 licet.
2026 1765 2319 1820 Communi
2354 1763 2467 1819 sere
2492 1785 2518 1814 α
2550 1765 2867 1820 criticorum
2896 1785 2918 1814 υ

401 1869 670 1909 consensu
691 1870 864 1926 usque
885 1853 954 1908 ad
977 1854 1114 1910 haec
1131 1853 1323 1909 ultima
1341 1862 1593 1924 tempora
1615 1861 1899 1924 receptum
1918 1859 2065 1920 erat,
2084 1850 2583 1908 Deuteronomium
2601 1867 2725 1908 esse
2742 1867 2923 1908 recen-

403 1939 668 1996 tissimum
686 1942 1046 1996 Pentateuchi
1065 1950 1298 2012 partem,
1317 1940 1751 2012 antiquissimam
1771 1956 1897 1996 vero
1918 1937 2055 1996 illud
2078 1955 2235 2009 opuS‚
2258 1938 2405 2010 quod
2426 1955 2457 1994 a
2478 1955 2669 1994 rerum
2684 1941 2922 1996 omnium

401 2029 678 2085 creatione
703 2029 970 2100 incipiens
1003 2029 1408 2101 legislationem
1433 2027 1893 2084 intermediorum
1924 2027 2195 2083 librorum
2231 2027 2563 2083 continuisse
2602 2027 2812 2083 dicitur
2844 2038 2921 2082 at·

401 2133 510 2189 que
532 2116 601 2172 ab
620 2117 743 2173 aliis
771 2138 796 2168 (ι
824 2116 1004 2172 Liber
1025 2118 1322 2188 oriqinum
1351 2137 1400 2185 ι),
1428 2116 1496 2171 ab
1517 2116 1639 2171 aliis
1667 2136 1691 2166 a
1721 2118 1968 2172 Annales
1993 2137 2018 2167 υ
2042 2115 2129 2170 vel
2158 2135 2184 2166 α
2208 2113 2501 2171 Elohistae
2522 2119 2567 2170 l.
2598 2131 2747 2187 opus
2774 2137 2798 2167 n
2824 2123 2919 2172 etc.

400 2205 734 2260 nominatur.
775 2206 1007 2260 Ineunte
1035 2204 1260 2275 quidem
1287 2205 1400 2259 iam
1432 2204 1653 2259 saeculo
1676 2213 1868 2259 nostro
1896 2209 1958 2258 L.
1994 2207 2075 2258 De
2106 2207 2301 2260 Wette
2330 2203 2632 2275 (Beitraege
2665 2221 2769 2260 zur
2790 2205 2919 2259 Einl.

399 2293 486 2348 ins
514 2297 582 2347 Α.
605 2295 668 2346 Τ.
695 2294 769 2348 ΙΙ.
803 2293 983 2363 1807.)
1007 2290 1373 2360 dubitaverat,
1396 2307 1531 2346 num
1555 2291 1843 2363 legislatio,
1866 2306 2009 2362 quae
2032 2291 2271 2346 mosaica
2294 2289 2527 2357 dicatur,
2552 2292 2751 2347 exsilio
2771 2291 2922 2364 baby-

401 2380 579 2436 lonico
606 2387 750 2435 esset
777 2381 1073 2452 antiquior,
1103 2389 1269 2450 atque
1297 2387 1496 2451 quarto
1530 2379 1735 2434 saeculi
1762 2379 1937 2434 nostri
1970 2377 2237 2433 decennio
2276 2382 2377 2433 W.
2418 2379 2612 2434 Vatlse
2638 2379 2921 2450 (Biblische
3013 2401 3014 2426 2

399 2467 932 2546 Theologie.1835.)
963 2476 1018 2523 et
1039 2469 1087 2522 1.
1119 2471 1180 2523 F.
1209 2472 1270 2524 L.
1305 2469 1530 2538 Georqe
1559 2466 1683 2533 (Die
1712 2465 1953 2522 aelteren
1972 2464 2269 2539 jiidischen
2297 2469 2473 2522 Feste.
2516 2471 2703 2536 1835.)
2734 2471 2921 2523 Deute-
3013 2503 3014 2506 η

401 2556 714 2612 ronomium
734 2556 1080 2628 legislatione
1107 2554 1376 2612 librorum
1401 2553 1861 2610 intermediorum
1887 2554 2169 2625 antiquius
2201 2569 2319 2610 esse
2346 2565 2727 2624 asseruerant3
2754 2563 2812 2611 at
2836 2571 2920 2612 eo·
3013 2601 3014 2604 ,

400 2659 528 2700 rum
549 2643 851 2700 sententiae
875 2642 1138 2699 oblivioni
1162 2641 1276 2698 fere
1297 2651 1456 2698 erant
1478 2641 1658 2710 datae,
1684 2639 1904 2713 quando
1924 2641 2133 2697 ultimis
2159 2641 2243 2697 his
2269 2642 2613 2714 temporibus
2634 2659 2787 2700 novo
2808 2657 2921 2699 cum
3013 2695 3014 2700 ,

399 2732 598 2788 ardore
629 2747 662 2788 a
697 2734 772 2788 K.
811 2734 882 2787 H.
920 2730 1090 2804 Graf
1106 2729 1571 2802 (Geschichtliche
1598 2731 1706 2786 ΒΒ.
1735 2727 1835 2784 des
1869 2733 1938 2784 Α.
1968 2731 2033 2784 Τ.
2078 2731 2233 2786 1866.
2270 2729 2429 2808 etc),
2459 2732 2533 2785 A.
2564 2733 2805 2788 Knenen
2830 2733 2921 2797 (De

399 2818 735 2877 Godsdienst
763 2835 870 2876 van
897 2818 1090 2875 Israel.
1121 2825 1276 2874 1869.
1309 2823 1440 2886 etc.)
1459 2860 1474 2886 ‚
1504 2820 1568 2873 Ε.
1598 2823 1778 2874 Reuss
1814 2817 2073 2885 (Histoire
2100 2818 2275 2874 sainte
2308 2817 2378 2872 de
2406 2819 2457 2874 la
2484 2818 2580 2888 loi‚
2612 2823 2771 2875 1879.
2803 2817 2919 2888 etc.)

399 2909 710 2980 propositae
745 2916 911 2978 atque
949 2916 1106 2962 tanto
1143 2921 1271 2962 cum
1307 2907 1494 2979 vigore
1533 2922 1564 2962 a
1601 2908 1649 2961 I.
1693 2905 2085 2962 Wellhausen
2126 2915 2365 2962 assertae
2404 2915 2562 2975 sunt,
2596 2914 2661 2962 ut
2700 2907 2789 2962 vix
2822 2920 2921 2961 non

397 3011 588 3052 omnes
621 3015 646 3047 «ι
676 2995 852 3050 critici
881 3015 908 3046 n
942 2995 1114 3050 victas
1139 2995 1252 3050 iam
1279 2993 1537 3049 dederint
1552 3008 1751 3048 manus
1763 2993 1801 3026 ’-

459 3135 526 3200 (2)
553 3135 804 3194 Quoniam
833 3137 876 3185 1.
916 3135 1261 3186 Welllaeausen
1291 3136 1426 3185 inter
1452 3133 1786 3184 Pentateuchi
1814 3153 1841 3180 ιι
1870 3133 2076 3184 criticos
2106 3150 2131 3182 a
2159 3133 2431 3197 primatum
2457 3133 2611 3185 hodie
2632 3138 2778 3187 tenet
2798 3135 2918 3185 eius-

396 3229 497 3278 que
523 3214 776 3264 sententia
801 3213 988 3278 ubique
1011 3215 1110 3263 iam
1137 3214 1259 3264 satis
1287 3219 1365 3263 est
1387 3216 1685 3278 propagata,
1714 3217 1937 3275 systema
1965 3213 2075 3262 eius
2102 3213 2278 3276 paucis
2301 3225 2669 3277 proponemus,
2696 3217 2757 3264 ut
2787 3213 2919 3264 simul

397 3294 644 3344 habeatur
671 3293 919 3356 specimen
961 3293 1318 3344 modernarum
1360 3295 1771 3342 coniecturarum
1810 3291 2310 3342 rationalisticarum.
2351 3291 2643 3343 Secundum
2688 3307 2803 3343 eum
2840 3289 2922 3354 (cfr

403 3375 520 3422 eius
548 3371 907 3434 Prolegomena
931 3386 1022 3421 zur
1041 3373 1219 3423 Gesch.
1244 3371 1440 3422 lsrael&
1470 3371 1629 3436 1883.)
1654 3370 1918 3434 decalogus
1945 3371 2305 3435 antiquissima
2332 3385 2451 3434 pars
2480 3373 2555 3420 est
2587 3371 2919 3426 pentateuchi,

401 3451 491 3500 sed
513 3454 686 3514 Moyse
712 3452 978 3501 recentior.
1007 3455 1080 3501 Ex
1103 3451 1270 3502 tribus
1293 3450 1532 3515 operibus
1555 3449 1747 3500 coaluit
1774 3450 2129 3500 Hexateuchus
2156 3449 2247 3513 (sc.
2276 3449 2399 3512 quia
2426 3464 2527 3499 non
2561 3451 2753 3514 Moysis
2780 3461 2919 3502 mors,

401 3529 490 3579 sed
531 3531 793 3593 occupatio
837 3531 1153 3582 Palaestinae
1193 3531 1260 3580 sit
1289 3529 1518 3580 clausula
1550 3533 1693 3592 apta,
1733 3528 2078 3580 rationalistae
2118 3529 2465 3579 Pentateucho
2501 3528 2704 3580 addunt
2749 3529 2919 3579 librum

399 3612 547 3658 losue
575 3612 626 3658 et
653 3609 714 3658 de
741 3611 1051 3660 Hexateuchi
1081 3609 1273 3674 origine
1306 3608 1445 3672 loqui
1471 3606 1672 3671 solent).
1703 3611 1805 3656 Sua
1834 3610 2011 3670 sponte
2040 3608 2489 3657 Deuteronomium
2519 3623 2549 3658 a
2578 3607 2791 3672 reliquis
2816 3620 2920 3670 par-

413 3687 552 3738 tibus
577 3689 873 3747 secernitur,
903 3689 1134 3752 illudque
1161 3703 1221 3739 eo
1248 3693 1476 3751 tempore
1502 3690 1582 3736 est
1608 3686 1978 3749 conscriptum,
2017 3700 2122 3750 quo
2144 3687 2405 3736 inventum
2431 3687 2639 3745 dicitur,
2672 3688 2707 3736 i.
2742 3701 2786 3737 e.
2816 3698 2919 3747 rege

399 3767 548 3827 Iosia,
580 3771 796 3820 exeunte
824 3781 954 3818 saec.
986 3773 1031 3818 7.
1063 3768 1304 3832 Reliquae
1331 3770 1504 3830 partes
1532 3779 1595 3815 ex
1617 3764 1816 3815 duobus
1840 3763 2081 3828 operibus
2102 3765 2427 3824 coaluerunt,
2450 3780 2551 3816 uno
2578 3765 2756 3829 legali,
2781 3765 2923 3816 altero

407 3847 668 3896 historico.
691 3847 916 3898 Alterum
935 3861 1078 3912 opus,
1098 3846 1236 3911 quod
1252 3859 1440 3910 paucas
1457 3845 1593 3906 leges
1607 3842 1901 3895 continebat
1921 3843 2141 3908 (praeter
2165 3845 2339 3896 Exod.
2368 3849 2547 3896 20.·23.
2572 3847 2675 3906 34),
2698 3846 2855 3910 ipsum
2868 3856 2922 3890 ex

403 3925 602 3975 duobus
626 3926 998 3990 antiquioribus
1017 3927 1223 3990 quidem
1243 3925 1444 3989 scriptis
1464 3925 1803 3986 compositum
1824 3927 1917 3982 est,
1944 3937 2008 3973 ex
2028 3923 2298 3974 iahvistico
2321 3928 2373 3974 et
2399 3923 2684 3984 elohistico‚
2713 3923 2801 3974 sed
2826 3923 2922 3972 eius

401 4003 604 4053 diversa
630 4003 877 4054 elementa
905 4009 1140 4055 accurate
1173 4003 1399 4053 nondum
1435 4002 1825 4062 discernuntur;
1856 4001 2001 4052 brevi
2029 4006 2149 4052 ante
2177 4000 2581 4054 destructionem
2611 4005 2751 4067 regni
2780 4000 2915 4052 lsrael

400 4087 632 4132 exortum
661 4088 764 4142 est,
799 4085 832 4134 i.
868 4097 912 4133 e.
943 4085 1106 4134 medio
1141 4083 1345 4138 circiter
1371 4082 1576 4131 saeculo
1604 4087 1649 4132 8.
1684 4083 1825 4145 Opus
1857 4079 2015 4144 legale
2043 4084 2211 4130 autem
2230 4119 2241 4140 ,
2268 4080 2385 4131 licet
2412 4095 2443 4130 a
2474 4083 2731 4132 creatione
2756 4077 2917 4131 mundi

400 4161 686 4222 inchoetur,
717 4163 1020 4226 paucissima
1048 4166 1214 4212 tamen
1245 4161 1487 4212 historica
1515 4160 1716 4220 retulit,
1749 4160 1936 4226 quibus
1964 4159 2096 4224 leges
2128 4160 2181 4223 (i.
2213 4173 2256 4209 e.
2288 4161 2542 4224 integrum
2570 4161 2847 4210 Leviticum
2874 4161 2917 4206 et

399 4241 586 4290 multas
607 4246 774 4302 partes
792 4242 953 4291 Exodi
970 4246 1021 4291 et
1043 4240 1271 4304 Numer.)
1287 4239 1631 4290 introduceret
1652 4240 2027 4304 colligaretque.
2048 4239 2235 4290 Codex·
2247 4240 2605 4292 sacerdotalis
2623 4253 2653 4289 a
2672 4239 2913 4306 well-hau-

405 4333 492 4368 sen
541 4319 841 4382 appellatur,
873 4324 1027 4383 atque
1071 4320 1215 4369 iuxta
1251 4319 1468 4368 eundem
1510 4323 1737 4382 tempore
1778 4319 1945 4368 exsilii
1982 4317 2249 4381 paullatim
2292 4319 2545 4370 conscribi
2588 4323 2793 4383 coeptus
2829 4321 2911 4366 est.

399 4397 590 4447 Eodem
627 4399 828 4448 circiter
875 4401 1100 4462 tempore
1143 4412 1270 4462 opus
1305 4398 1602 4449 historicum
1651 4402 1701 4449 et
1750 4399 2199 4448 Deuteronomium
2242 4399 2293 4446 in
2338 4411 2493 4447 unum
2536 4397 2773 4448 volumen
2809 4399 2914 4445 sunt

399 4476 688 4534 coniuncta,
711 4478 792 4527 cui
815 4477 1002 4526 Esdras
1019 4497 1043 4520 «ι
1067 4477 1289 4526 codicem
1313 4477 1675 4527 sacerdotalem
1700 4495 1723 4524 n
1748 4476 1991 4534 inseruit;
2016 4481 2168 4540 atquc
2191 4477 2287 4526 hac
2310 4477 2507 4527 ratione
2528 4491 2571 4526 a.
2597 4481 2701 4526 444.
2733 4489 2773 4524 a.
2804 4475 2908 4524 Chr.

407 4554 701 4605 terminatus
723 4559 774 4604 et
801 4555 1146 4618 promulgatus
1171 4560 1250 4604 est
1275 4557 1668 4606 PentateuehuS.
1702 4558 1775 4605 De
1812 4555 2179 4613 fundamentis,
2211 4555 2396 4618 quibus
2426 4555 2523 4605 hoc
2550 4561 2764 4617 systema
2796 4553 2909 4602 inni·

403 4631 545 4688 titur,
577 4633 708 4682 infra
732 4634 772 4694 (Ξ
797 4637 843 4681 6.
876 4640 904 4682 5
933 4635 1066 4696 sqq.)
1095 4635 1333 4684 dicemus.
