3050 5184
438 347 551 406 468
592 362 667 406 DE
708 363 847 409 Now
896 365 1064 410 TEST.
1112 366 1297 410 umus
1328 363 1688 410 ms'romets.
1723 381 1801 390 —-
1831 363 1963 408 cAP.
2011 364 2052 406 1.
2085 362 2162 407 m:
2205 365 2558 410 EVANGnLus
2595 364 2909 409 sYuor'ncls,

510 496 569 554 2.
592 529 670 540 —-
684 498 935 560 Praeter
949 498 1103 560 haec
1118 546 1132 572 ,
1157 515 1317 576 quae
1334 515 1409 557 ex
1428 496 1769 573 Scripturis
1785 500 1932 556 sunt
1950 495 2171 556 hausta
2186 542 2200 566 ‚
2226 497 2383 557 nihil
2398 497 2550 557 certi
2575 497 2651 557 de
2667 495 2723 556 S.
2747 497 2916 556 Marco

434 595 529 650 est
555 592 886 664 traditum,
920 594 1040 654 nisi
1072 611 1221 654 eum
1251 593 1510 654 secundi
1543 591 1867 669 Evangelii
1899 609 2036 651 esse
2065 597 2408 652 auctorem.

500 705 579 759 Ex
606 707 947 779 septuaginta
976 705 1257 778 discipulis
1284 707 1340 762 S.
1368 707 1624 761 Marcum
1655 704 1842 773 fuisse,
1870 706 1959 760 Ps.
1988 703 2331 776 Epiphanius
2360 707 2569 768 scribit,
2603 705 2814 777 reliquis
2837 707 2917 759 Pa-

432 791 605 848 tribus
641 793 1173 864 contradicentibus,
1206 793 1300 866 qui
1328 807 1455 849 cum
1483 793 1541 848 S.
1586 795 1784 864 Papia
1825 794 1982 859 (Eas.
2015 795 2089 848 Η.
2121 795 2183 848 Ε.
2230 795 2332 849 111.
2371 799 2458 858 39)
2495 807 2620 850 eum
2657 807 2920 862 numquam

431 881 731 936 Dominum
757 880 977 938 audisse
998 890 1096 938 aut
1117 889 1387 938 sectatum
1411 893 1530 937 esse
1558 887 1838 946 asserunt3
1866 895 2058 934 revera
2085 879 2297 936 iuvenis
2320 879 2538 936 videtur
2567 880 2754 949 fuisse,
2781 895 2920 951 quan·

432 964 505 1022 do
533 967 849 1040 quindecim
877 969 1095 1027 circiter
1138 969 1297 1025 annis
1324 977 1449 1040 post
1486 967 1712 1024 Domini
1753 969 2216 1024 resurrectionem
2261 968 2543 1024 Barnabae
2571 977 2626 1024 et
2667 967 2826 1024 Paulo
2857 981 2923 1021 so·

432 1055 580 1110 cium
620 1071 680 1112 se
725 1055 988 1113 adiunxit.
1020 1055 1297 1126 Quamdiu
1339 1058 1396 1113 S.
1432 1055 1584 1111 Petri
1611 1055 1790 1110 socius
1833 1054 2026 1124 fuerit,
2059 1055 2286 1112 difficile
2313 1064 2398 1112 est
2430 1055 2604 1120 dictu,
2637 1055 2762 1126 quia
2789 1054 2922 1110 chro-

434 1142 649 1215 nologia
696 1144 962 1216 temporis
987 1145 1275 1216 apostolici
1315 1143 1680 1200 incertissima
1713 1151 1831 1211 est;
1867 1163 1892 1194 c
1936 1143 2050 1198 iam
2093 1143 2304 1200 dudum
2335 1164 2360 1194 n
2406 1159 2534 1200 eum
2561 1158 2686 1199 cum
2713 1141 2924 1210 Principe

443 1231 829 1300 Apostolorum
858 1247 975 1288 esse
1000 1241 1274 1288 versatum
1291 1274 1306 1301 ,
1332 1239 1633 1303 antequam
1663 1231 2027 1303 Evangelium
2055 1231 2290 1302 scripsit,
2321 1230 2489 1286 tradit
2515 1231 2769 1286 Clemens
2791 1229 2922 1285 Ales.

434 1321 596 1382 (Eue.
624 1318 696 1373 Η.
730 1321 793 1374 Ε.
824 1321 922 1375 VI.
957 1321 1040 1392 14)
1068 1329 1125 1376 et
1150 1319 1429 1376 insinuant
1458 1318 1656 1390 reliqui
1677 1327 1893 1374 tantum
1923 1333 2034 1375 non
2062 1333 2284 1386 omneS,
2315 1318 2411 1391 qui
2438 1317 2510 1374 de
2539 1319 2744 1391 origine
2765 1331 2924 1372 secun-

434 1404 492 1459 di
519 1407 804 1478 Evangelii
830 1407 1152 1479 loquuntur.
1184 1406 1556 1464 Probabiliter
1584 1421 1651 1460 ex
1681 1406 1926 1462 secundo
1965 1421 2066 1462 suo
2095 1406 2294 1462 itinere
2335 1421 2463 1463 cum
2491 1405 2738 1462 Barnaba
2773 1405 2822 1459 in
2843 1404 2926 1473 Cy·

436 1508 594 1563 prum
621 1503 878 1566 suscepto
918 1497 1259 1568 lerosolyma
1294 1493 1471 1551 redux
1516 1493 1698 1550 socius
1745 1492 1923 1550 factus
1959 1501 2044 1550 est
2079 1495 2137 1550 S.
2180 1493 2346 1560 Petri,
2391 1493 2484 1564 qui
2526 1509 2578 1549 a.
2619 1500 2707 1549 51.
2737 1490 2926 1547 concilio

436 1583 741 1653 apostolico
772 1583 1105 1655 praefuerat,
1139 1591 1195 1641 et
1216 1599 1347 1639 cum
1366 1599 1433 1638 eo
1457 1590 1708 1638 versatus
1729 1589 1815 1638 est
1841 1580 1913 1639 ab
1939 1597 1994 1638 a.
2019 1587 2108 1637 52.
2139 1598 2315 1653 usque
2345 1580 2414 1637 ad
2440 1583 2497 1638 S.
2536 1581 2694 1638 Pauli
2732 1580 2926 1652 primum

434 1670 491 1724 in
519 1670 733 1726 Urbem
774 1670 1076 1726 adventum
1120 1670 1191 1743 (a.
1218 1670 1351 1741 eL).
1384 1669 1692 1725 Ministerio
1719 1668 1836 1725 eins
1864 1667 1935 1725 ad
1973 1684 2150 1725 novas
2187 1669 2447 1725 ecclesias
2487 1667 2791 1724 fundandas
2827 1679 2926 1722 usus

434 1771 555 1812 esse
583 1759 638 1814 S.
676 1759 873 1814 Petrus
916 1756 1118 1827 fertur3
1151 1757 1572 1814 alexandrinam
1601 1755 1670 1812 ab
1709 1773 1776 1812 eo
1807 1755 2097 1812 fundatam
2125 1771 2244 1812 esse
2275 1754 2504 1812 tradunt
2531 1757 2698 1812 multi
2733 1765 2923 1811 veteres.

438 1844 685 1916 quamvis
712 1844 782 1900 de
812 1861 959 1901 anno
990 1845 1326 1902 fundationis
1353 1845 1500 1900 inter
1523 1861 1583 1900 se
1611 1843 1772 1900 valde
1797 1842 2142 1900 dissentiant.
2177 1845 2366 1916 Neque
2395 1844 2572 1899 maior
2603 1853 2688 1899 est
2711 1843 2928 1912 antiquo-

434 1948 561 1987 rum
588 1933 815 1988 testium
843 1947 1146 1990 consensus
1174 1932 1244 1989 de
1275 1949 1421 1988 anno
1464 1932 1662 1989 mortis
1691 1931 1780 1988 vel
1805 1930 2057 2004 martyrii
2091 1931 2237 1999 eius3
2269 1933 2326 1988 S.
2373 1930 2748 2006 Hieronymus
2773 1931 2866 1985 iam
2888 1945 2926 1981 a.

434 2025 489 2075 8.
517 2021 748 2076 Neronis
772 2024 843 2087 (a.
874 2025 1007 2090 62),
1039 2021 1135 2077 alii
1156 2036 1207 2075 a.
1244 2023 1329 2076 14.
1361 2020 1600 2076 Neronis
1625 2024 1697 2086 (a.
1730 2024 1874 2088 68.),
1902 2018 1994 2075 alii
2027 2019 2254 2074 Traiani
2279 2028 2530 2090 tempore
2559 2019 2726 2078 (intra
2759 2035 2802 2073 a.
2832 2021 2928 2071 98.-

445 2108 556 2179 1‘17)
587 2121 716 2164 eum
745 2108 912 2164 vitam
942 2109 1208 2180 martyrio
1236 2107 1476 2163 finivisse
1500 2107 1768 2164 scribunt.
3004 2101 3005 2106 ’

830 2317 1093 2374 Quales-no
1119 2317 1190 2366 ΙΙ.
1218 2343 1281 2353 -
1304 2317 1379 2365 De
1402 2318 1607 2366 secundi
1630 2317 1888 2376 Evangelii
1915 2317 2174 2365 authentia
2194 2323 2246 2364 et
2271 2317 2568 2377 integritate.

515 2514 573 2571 3.
615 2545 695 2556 —-
733 2511 1089 2573 Secundum
1129 2512 1540 2590 Evangelium
1574 2513 1879 2590 scriptum
1913 2527 2050 2572 esse
2089 2529 2124 2571 a
2163 2511 2227 2572 S.
2261 2514 2462 2572 Marco
2495 2512 2674 2571 iuxta
2701 2511 2760 2570 S.
2796 2507 2924 2568 Petri

438 2609 965 2686 praedicationem
996 2608 1145 2668 inde
1174 2610 1251 2669 ab
1281 2609 1624 2687 apostolica
1659 2611 1862 2668 aetate
1901 2625 2210 2668 consensu
2250 2608 2528 2669 unanimi
2573 2608 2822 2668 tradunt
2856 2606 2932 2664 Pa·

438 2711 592 2776 treS‚
626 2705 793 2766 inter
822 2723 979 2784 quos
1010 2703 1079 2766 S.
1113 2708 1346 2783 Papias
1373 2705 1752 2782 antiquitate
1787 2709 1850 2766 et
1876 2705 2246 2765 auctoritate
2277 2705 2531 2764 eminet.

505 2829 561 2884 S.
592 2827 794 2899 Papiae
824 2826 1017 2896 verba,
1052 2843 1193 2899 quae
1223 2827 1492 2883 Eusebius
1520 2829 1614 2893 (H.
1649 2829 1711 2882 E.
1758 2828 1860 2883 111.
1899 2832 1986 2894 39)
2025 2825 2187 2882 nobis
2224 2826 2592 2895 conservavit,
2636 2829 2838 2896 integra
2867 2822 2932 2877 al·

440 2914 581 2970 ferre
610 2931 724 2970 non
753 2913 949 2970 inutile
978 2922 1062 2970 est
1090 2936 1103 2970 ε
1142 2936 1167 2965 α
1195 2915 1489 2987 Presbyter
1521 2913 1620 2969 ille
1650 2915 1742 2984 (sc.
1777 2915 2014 2969 loannes
2045 2913 2386 2985 Apostolus),
2411 2913 2612 2985 inquit,
2647 2913 2781 2968 dixit
2801 2909 2932 2968 etiam

438 3002 574 3058 haec
606 3023 619 3057 ε
652 3005 892 3069 MarcuS,
922 3001 1072 3057 Petri
1100 3002 1391 3072 interpreS,
1424 3001 1630 3056 Christi
1658 3000 1804 3056 dicta
1833 3010 1888 3057 et
1915 3000 2058 3057 facta
2079 3010 2335 3057 accurate
2365 2999 2596 3072 quidem
2624 2997 2930 3068 conscripsit.

436 3107 547 3145 uon
575 3099 765 3145 tamen
798 3089 1013 3146 ordine.
1047 3091 1237 3160 Neque
1266 3089 1415 3144 enim
1443 3088 1747 3144 Dominum
1772 3087 2061 3144 audiverat
2092 3103 2273 3160 neque
2301 3097 2527 3144 secutus
2553 3097 2699 3156 erat,
2737 3086 2827 3142 sed
2855 3099 2932 3154 po-

436 3189 573 3247 stea,
602 3186 664 3232 ut
692 3175 825 3244 dixi,
858 3179 1107 3244 Petrum,
1141 3177 1233 3248 qui
1264 3191 1363 3247 pro
1394 3176 1775 3247 (audientium)
1805 3176 2129 3231 necessitate
2151 3175 2436 3231 doctrinas
2463 3175 2719 3244 tradidit,
2745 3173 2935 3229 minime

438 3279 565 3320 vero
593 3273 657 3320 ut
684 3279 1005 3320 sermonum
1036 3264 1261 3320 Domini
1284 3263 1484 3319 seriem
1520 3264 1854 3333 completam
1882 3271 2220 3320 contexeret.
2254 3264 2439 3333 Quare
2467 3263 2625 3319 nullo
2655 3261 2814 3320 modo
2841 3271 2935 3329 pec·

436 3353 579 3407 cavit
607 3354 850 3420 MarcuS,
878 3351 1169 3408 nonnulla
1204 3353 1279 3406 ita
1318 3350 1565 3407 scribens
1593 3350 1768 3418 (οὕτως
1805 3349 1938 3404 ἔνια
1965 3351 2197 3422 γράψας),
2225 3359 2392 3421 prout
2429 3365 2626 3406 eorum
2655 3346 2936 3406 recordatus

436 3448 537 3494 est.
568 3438 656 3494 Ad
685 3437 743 3494 id
772 3453 943 3494 unum
968 3439 1115 3494 enim
1144 3447 1354 3495 attente
1382 3439 1701 3510 invigilavit,
1735 3454 1805 3494 ne
1834 3437 1967 3509 quid
1997 3454 2190 3494 eorum
2207 3479 2222 3506 ,
2251 3453 2394 3509 quae
2423 3436 2698 3504 audierat,
2725 3443 2934 3508 praeter-
3002 3459 3003 3510 ]

436 3527 678 3582 mitteret
698 3541 835 3582 neve
853 3527 909 3583 in
929 3527 993 3581 iis
1011 3525 1223 3584 falleret
1247 3548 1296 3582 υ.
1317 3526 1584 3596 Quamvis
1603 3525 1870 3582 Eusebius
1891 3525 2056 3582 verba
2077 3525 2214 3582 haec
2234 3525 2452 3592 afferat,
2471 3532 2534 3580 ut
2551 3523 2782 3581 secundi
2795 3523 2934 3578 Evan-
3002 3581 3003 3612 ᾖ

436 3614 563 3686 gelii
590 3614 863 3687 originem
889 3613 1142 3686 explicet,
1168 3613 1425 3670 moderni
1461 3622 1650 3669 tamen
1679 3634 1704 3664 α
1737 3613 1908 3669 critici
1939 3633 1965 3664 n
1998 3612 2094 3668 illa
2125 3612 2197 3668 de
2225 3628 2292 3667 eo
2315 3611 2552 3685 intelligi
2585 3627 2747 3685 posse
2769 3613 2936 3678 negant
3002 3613 3003 3640 ⁴

435 3711 490 3757 et
518 3701 588 3758 de
616 3701 893 3772 primitivo
924 3701 1165 3774 quodam
1204 3703 1429 3775 scripto,
1462 3699 1613 3772 quod
1642 3701 1815 3756 nostri
1857 3699 1985 3756 libri
2014 3699 2083 3756 sit
2120 3698 2547 3757 fundamentum
2566 3741 2582 3768 ,
2614 3691 2934 3769 intelligenda

434 3805 551 3846 esse
578 3788 937 3856 contendunt,
974 3791 1101 3862 quia
1130 3791 1189 3845 in
1215 3799 1405 3846 nostro
1437 3788 1739 3861 Evangelio
1769 3787 1928 3856 ordo,
1961 3802 2125 3860 quem
2156 3786 2216 3842 in
2243 3787 2420 3843 altero
2450 3787 2548 3844 illo
2572 3787 2808 3844 defuisse
2823 3796 2937 3838 asse·

435 3887 523 3934 rat
556 3877 773 3948 PapiaS,
807 3877 1036 3935 minime
1060 3876 1427 3941 desideretur,
1460 3877 1632 3932 multa
1663 3891 1795 3932 vero
1819 3875 2024 3944 desint,
2058 3889 2202 3946 quae
2241 3875 2298 3930 S.
2344 3876 2544 3930 Petrus
2569 3875 2758 3946 procul
2799 3867 2938 3926 dubio

436 3966 697 4030 narravit,
728 3965 1003 4036 siquidem
1028 3965 1195 4035 ipsius
1231 3979 1521 4035 personam
1554 3973 1608 4019 et
1637 3964 2027 4019 auctoritatem
2055 3971 2337 4034 spectant3
2365 3964 2588 4034 insuper
2615 3958 2938 4032 Evangelium

436 4062 686 4110 nostrum
715 4068 748 4109 a
787 4053 965 4124 primo
1008 4061 1063 4108 et
1113 4052 1276 4108 tertio
1314 4050 1648 4122 dependere,
1681 4066 1815 4124 ergo
1861 4067 1928 4106 ex
1970 4050 2472 4122 praedicationibus
2507 4051 2658 4106 Petri
2701 4063 2807 4104 non
2847 4055 2941 4100 esse

437 4140 697 4196 haustum
720 4148 967 4196 monent.
1015 4144 1275 4196 Attamen
1306 4143 1391 4204 a.)
1421 4155 1534 4194 non
1563 4149 1786 4194 omnem
1815 4137 2071 4194 ordinem
2098 4145 2267 4208 negat
2297 4140 2352 4193 S.
2381 4139 2604 4207 PapiaS,
2637 4134 2736 4192 sed
2771 4155 2796 4184 α
2829 4147 2940 4188 non·

434 4227 607 4283 nulla
635 4248 660 4279 n
694 4243 725 4282 a
751 4229 941 4282 Marco
968 4227 1043 4282 ita
1077 4243 1197 4282 esse
1233 4227 1435 4298 scripta
1465 4225 1617 4293 dicit,
1666 4234 1831 4298 prout
1858 4242 2054 4282 eorum
2093 4223 2416 4282 recordatus
2443 4232 2544 4292 est,
2576 4226 2633 4280 in
2671 4218 2938 4278 nonnullis

436 4315 599 4388 igitur
622 4313 871 4370 debitum
898 4313 1151 4370 ordinem
1175 4331 1287 4370 non
1316 4329 1435 4370 esse
1476 4307 1873 4378 servatum3'id
1920 4311 2072 4385 quod
2113 4312 2462 4368 verissimum
2501 4321 2612 4380 est,
2647 4312 2693 4367 si
2728 4309 2940 4366 chrono-

438 4404 647 4474 logicus
671 4401 809 4458 ordo
850 4401 1102 4472 (σύνταξις)
1144 4401 1484 4474 intelligitur,
1529 4403 1608 4457 uti
1651 4418 1716 4456 ex
1740 4400 1881 4456 infra
1921 4399 2172 4456 dicendis
2209 4399 2494 4470 apparebit
2537 4403 2793 4472 (Quaest.
2823 4395 2938 4455 lvo.

440 4491 519 4555 b.)
556 4491 634 4544 Ea
675 4490 811 4560 ipsa,
841 4505 981 4560 quae
1019 4488 1090 4544 de
1134 4490 1281 4544 Petri
1325 4504 1558 4559 persona
1605 4497 1662 4544 et
1702 4487 2030 4544 auctoritate
2065 4487 2122 4542 in
2151 4487 2396 4543 secundo
2442 4487 2734 4558 Evangelio
2777 4482 2942 4538 deesse

436 4585 665 4632 monent
690 4597 714 4626 «ι
736 4575 913 4631 critici
946 4597 970 4628 n
991 4619 1005 4645 ,
1028 4577 1186 4632 nobis
1210 4585 1538 4648 argumento
1562 4585 1712 4644 sunt,
1735 4576 1876 4633 illud
1897 4593 1962 4632 ex
1983 4576 2136 4631 Petri
2155 4574 2651 4647 praedicationibus
2675 4587 2789 4629 esse
2809 4582 2939 4624 exor-

440 4670 587 4730 tum;
616 4663 687 4720 ob
712 4663 1041 4720 modestiam
1070 4664 1213 4718 enim
1238 4667 1460 4720 Petrum
1490 4665 1584 4721 illa
1613 4664 2062 4736 praetermisisse,
2085 4663 2298 4719 clarum
2329 4669 2429 4718 est.
2453 4666 2528 4729 e.)
2549 4659 2752 4718 Eodem
2775 4655 2936 4714 modo·
