3050 5184
125 310 424 355 mstom-:s
461 313 542 357 131
581 312 1005 359 AmxAnnnmA
1047 314 1416 359 namu-rim.
1450 334 1526 341 —
1554 302 1614 358 4.
1666 314 1950 371 corniciam
1996 302 2057 359 5.
2104 313 2472 359 AamnmAcA.
2559 300 2633 357 97

121 443 172 497 de
197 458 440 515 quorum
475 444 694 517 gothica
720 446 933 519 origine
955 463 1068 503 non
1096 447 1280 519 potuit
1305 446 1578 515 dubitari,
1606 462 1733 503 mox
1764 456 1848 502 est
1868 447 2191 519 composita.
2222 445 2409 503 Codex
2436 462 2635 519 argen-

121 540 216 585 teus
235 546 385 587 saec.
411 538 464 587 5.
491 534 578 589 vel
599 539 651 589 6.
675 534 1088 591 stichometriee
1106 535 1452 606 conscriptus
1478 535 1647 603 longe
1672 535 1945 590 maiorem
1972 534 2195 591 exhibet
2214 536 2638 607 Evangeliorum

119 629 336 688 ρει-ιεὼς
387 619 612 677 codices
654 620 884 694 quidam
928 622 1368 679 mediolanenses
1414 622 1520 679 hoc
1566 624 1785 678 saeculo
1832 622 2039 694 reperti
2087 638 2288 696 magna
2332 621 2638 694 fragmenta

117 708 346 763 omnium
391 709 757 779 epistolarum
793 711 849 766 S.
881 710 1039 767 Pauli
1069 714 1316 782 (excepta
1353 726 1441 782 ep.
1479 711 1551 767 ad
1584 710 1781 779 Hebr.)
1806 720 1862 766 et
1891 726 2096 781 paucos
2126 726 2315 767 versus
2352 710 2556 766 Psalm.
2584 717 2641 764 et

116 794 158 846 Ξ1.
185 793 392 851 Esdrae
424 797 890 867 complectuntur,
921 813 1064 871 quae
1091 798 1279 854 omnia
1309 799 1544 854 collecta
1572 807 1702 854 sunt
1721 814 1751 853 a
1771 802 1844 854 H.
1875 800 1940 854 C.
1963 798 2037 853 de
2059 798 2381 855 Gabelentz
2403 798 2639 868 (Lipsiae

117 887 294 951 18⁴3.)‚
333 888 422 939 H.
455 888 520 941 F.
552 889 902 942 Massmami
927 888 1222 959 (stuttgart
1255 891 1453 955 lesa),
1482 890 1547 942 F.
1596 891 1658 943 l..
1704 886 1939 942 Stamm
1980 886 2103 958 (Ed.
2150 892 2202 943 6.
2251 885 2638 942 Paderbornae

115 974 292 1037 ism).
339 974 416 1027 In
445 974 636 1045 paucis
681 974 896 1031 Veteris
933 976 1083 1031 Test.
1129 973 1452 1047 fragmentis
1495 972 1857 1031 consonantia
1903 972 2179 1046 quaedam
2206 972 2640 1045 deprehenditur

111 1074 218 1113 eum
241 1076 456 1131 graeco
481 1068 634 1117 textu
661 1062 1054 1134 complutensi;
1076 1062 1134 1119 in
1161 1064 1318 1120 Novo
1340 1064 1515 1119 versio
1544 1060 1825 1118 interdum
1848 1061 1922 1119 ad
1944 1062 2173 1118 latinam
2195 1076 2366 1133 prope
2394 1060 2637 1127 accedit3

109 1146 168 1199 ad
192 1163 310 1203 mm
333 1157 538 1205 tamen
563 1158 817 1207 correcta
841 1150 1121 1207 immerito
1143 1166 1174 1205 a
1206 1150 1490 1207 nonnullis
1519 1150 1740 1205 dicitur.
1781 1150 2083 1205 Arianismi
2118 1164 2293 1205 unum
2330 1149 2513 1206 solum
2538 1148 2639 1204 de-

111 1235 466 1303 prehenditur
486 1237 782 1310 vestigium
807 1254 924 1294 non
954 1238 1114 1311 plane
1139 1248 1352 1295 eertum
1375 1238 1551 1305 (Phil.
1585 1244 1677 1306 2‚6
1715 1237 1799 1290 ἴσα
1836 1236 2083 1293 redditur
2118 1236 2371 1312 qaleiIoe,
2403 1252 2513 1308 quo
2540 1252 2639 1291 vo-

109 1320 282 1379 cabulo
311 1324 450 1381 aliis
475 1324 540 1380 in
565 1326 704 1383 loeis
731 1327 902 1398 ὅμοιος
928 1326 1298 1399 exprimitur).

853 1518 924 1571 V.
951 1520 1337 1573 Armeniaca
1360 1522 1428 1573 et
1451 1521 1771 1585 georgica..

175 1682 259 1740 10.
291 1713 382 1725 —
409 1680 670 1741 Armeni
699 1681 916 1741 medio
946 1682 1199 1742 circiter
1226 1698 1387 1742 saec.
1423 1685 1482 1743 5.
1516 1682 1980 1759 Scripturarum
2004 1681 2357 1742 versionem
2385 1696 2639 1758 accepe-

115 1782 230 1837 runt
249 1794 492 1856 puram
522 1782 587 1836 et
613 1776 901 1851 fidelem3
937 1777 1003 1837 in
1031 1778 1171 1839 Vet.
1203 1780 1370 1839 Test.
1401 1777 1777 1856 interpretes
1805 1784 2049 1839 textum
2076 1778 2477 1854 hexaplarem
2504 1776 2637 1837 Ori-

113 1876 260 1947 33315
277 1874 594 1935 videntur
617 1873 1014 1945 adhibuisse,
1051 1874 1118 1935 in
1149 1876 1319 1935 Novo
1351 1880 1563 1935 autem
1592 1879 1868 1945 textum,
1900 1875 2008 1953 qui
2039 1874 2391 1935 iunioribus
2416 1874 2636 1934 lectio-

113 1970 272 2031 nibus
299 1969 668 2050 byzantinis
695 1970 976 2031 nondum
1007 1974 1142 2031 erat
1173 1972 1452 2032 vitiatuS.

165 2084 400 2141 Armeni
445 2090 684 2139 exeunte
723 2098 864 2140 saec.
916 2090 967 2140 3.
1003 2084 1092 2141 vel
1133 2084 1360 2141 ineunte
1398 2100 1543 2140 saec.
1574 2090 1628 2139 4.
1670 2100 1771 2155 per
1815 2086 1873 2141 S.
1905 2086 2238 2158 Gregorium
2287 2083 2637 2147 illuminato-

111 2186 206 2227 rem
237 2173 314 2229 ad
347 2171 530 2228 fidem
567 2172 937 2244 evangelicam
967 2172 1081 2228 iam
1113 2172 1394 2241 conversi,
1433 2172 1689 2244 primitus
1722 2172 1943 2245 liturgia
1980 2173 2192 2246 syriaca
2230 2172 2639 2243 scripturisque

111 2260 314 2330 syriacis
344 2260 443 2317 usi
475 2266 636 2329 sunt,
659 2272 835 2331 usque
868 2258 1003 2315 dum
1030 2260 1186 2316 Isaac
1211 2262 1290 2316 Μ.
1327 2262 1651 2331 (wa-440.)
1688 2259 1877 2316 sedem
1914 2261 2343 2331 patriarchalem
2371 2258 2635 2316 ascendit.

113 2348 196 2416 Qui
237 2349 500 2421 primum
547 2345 772 2421 quidem
815 2360 942 2403 cum
987 2349 1044 2405 S.
1087 2348 1309 2405 Mesrob
1351 2362 1547 2421 graeca
1586 2364 1751 2421 opera
1794 2348 2049 2421 liturgica
2098 2349 2411 2405 armeniace
2454 2348 2636 2413 vertit,

111 2434 286 2492 deinde
327 2436 656 2507 Scripturas
701 2451 768 2491 ex
808 2436 1024 2508 syriaco
1068 2434 1260 2492 codice
1302 2436 1604 2493 transferre
1641 2437 1843 2510 coepit.
1888 2438 2105 2493 Interea
2149 2453 2201 2494 a.
2231 2444 2355 2493 431.
2390 2436 2639 2492 codicem

111 2538 360 2595 graecum
392 2522 806 2593 seripturarum
833 2522 1064 2594 accepit,
1094 2532 1262 2597 atque
1284 2523 1491 2581 relictis
1516 2523 1643 2593 illis,
1679 2540 1822 2596 quae
1845 2540 1910 2580 ex
1940 2526 2153 2596 syriaco
2189 2525 2301 2581 iam
2329 2532 2637 2587 verterant,

113 2612 248 2669 15333
283 2620 344 2669 et
385 2609 611 2667 Mesrob
655 2625 858 2667 novam
895 2611 1315 2667 translationem
1363 2629 1428 2668 ex
1473 2628 1673 2685 graeco
1716 2611 2081 2679 inchoarunt,
2119 2629 2287 2684 quam
2326 2627 2520 2667 eorum
2560 2610 2641 2667 di-

111 2699 310 2770 scipuli,
348 2698 453 2771 qui
479 2698 714 2754 Athenis
754 2706 810 2754 et
836 2698 1206 2755 Alexandriae
1243 2698 1440 2755 studiis
1481 2700 1693 2773 graecis
1735 2708 2060 2755 vacaverant
2080 2744 2093 2767 ‚
2121 2698 2192 2754 ad
2222 2699 2438 2756 felicem
2472 2698 2641 2755 finem

113 2786 474 2844 adduxerunt.
508 2787 658 2841 Inter
693 2785 919 2842 classica
951 2785 1173 2859 linguae
1209 2788 1551 2844 armeniacae
1578 2802 1745 2858 opera
1772 2787 1951 2844 versio
1981 2788 2116 2842 haec
2143 2788 2214 2843 ob
2243 2787 2460 2858 linguae
2490 2787 2639 2857 puri-

113 2883 264 2931 tatem
290 2883 352 2931 et
384 2873 721 2946 elegantiam
759 2873 999 2944 primum
1030 2874 1215 2930 locum
1244 2884 1502 2946 occupat;
1534 2874 1939 2947 pulchritudini
1975 2885 2157 2930 autem
2192 2874 2431 2931 fidelitas
2458 2882 2641 2929 trans-

115 2963 321 3020 lationis
359 2960 696 3033 respondet,
733 2976 904 3033 quum
939 2962 1126 3034 ipsum
1166 2962 1463 3019 verborum
1500 2962 1775 3031 ordinem,
1818 2971 2087 3035 quantum
2124 2978 2221 3034 per
2258 2962 2478 3034 linguae
2511 2976 2642 3017 51133

115 3052 314 3123 regmae
359 3048 549 3117 licuit,
582 3049 908 3119 interpretes
936 3050 1257 3107 retinerent.
1287 3049 1373 3107 Ad
1407 3051 1651 3124 syriacos
1688 3050 1906 3107 codices
1950 3050 2257 3107 versionem
2291 3047 2641 3105 emendatam

117 3154 244 3203 esse,
265 3137 472 3195 asserit
496 3135 906 3206 Barhebraeus;
933 3136 1138 3194 rectius
1165 3146 1352 3193 autem
1370 3138 1464 3194 alii
1498 3138 1727 3211 vestigia
1749 3147 1932 3195 textus
1952 3138 2151 3211 syriaci
2176 3155 2241 3194 ex
2273 3154 2338 3193 eo
2367 3136 2639 3204 derivant,

119 3225 254 3296 quod
278 3228 440 3283 Isaac
483 3233 540 3281 et
581 3225 801 3281 Mesrob
844 3240 925 3295 ea,
961 3241 1102 3297 quae
1143 3241 1212 3282 ex
1255 3224 1470 3299 syriaco
1513 3227 1935 3297 transtulerant,
1969 3242 2083 3283 non
2128 3227 2290 3298 plane
2332 3226 2638 3283 reiecerint.

119 3314 284 3370 Prima
303 3313 480 3369 editio
499 3312 644 3385 typis
662 3310 937 3383 descripta
959 3312 1379 3382 (Amstelodami
1399 3314 1608 3386 1666.),
1630 3314 1759 3385 quia
1778 3314 2046 3385 vulgatae
2063 3313 2483 3371 accommodata
2502 3322 2639 3377 erat,

119 3416 210 3457 nec
233 3400 522 3457 catholicis
537 3415 640 3455 nec
667 3399 1036 3457 schismaticis
1063 3401 1306 3457 armenis
1335 3400 1629 3472 probatur3
1656 3402 1859 3457 merito
1889 3402 2111 3458 criticae
2135 3401 2641 3457 Mechitaristarum

121 3487 374 3544 editiones
402 3486 670 3555 (venetiis
693 3494 850 3544 1805.
885 3487 1066 3561 1856.)
1093 3488 1499 3561 praeferuntur.
1533 3492 1613 3545 Ex
1642 3488 1843 3561 quibus
1870 3497 2123 3560 apparet,
2157 3490 2467 3546 versionem
2496 3488 2638 3545 haud

125 3591 240 3631 raro
279 3590 406 3631 cum
453 3573 646 3631 codice
687 3574 1054 3631 alexandrino
1078 3577 1188 3646 (A.)
1223 3577 1563 3645 consentire;
1587 3576 1686 3633 sed
1733 3593 1798 3633 ex
1847 3576 2132 3647 hexaplari
2174 3585 2329 3633 textu
2366 3593 2489 3633 eam
2526 3592 2643 3632 esse

127 3660 330 3729 (aetam,
350 3662 559 3720 docent
584 3662 737 3735 signa
765 3662 1044 3719 diacritica
1066 3664 1318 3736 origenis
1335 3708 1348 3733 ‚
1378 3681 1519 3736 quae
1548 3654 1605 3720 in
1624 3664 1907 3721 nonnullis
1935 3664 2335 3737 antiquioribus
2362 3662 2644 3721 codicibus

125 3752 348 3807 armenis
377 3749 760 3819 inveniuntur,
803 3750 1094 3807 hebraicus
1132 3752 1520 3808 vaticiniorum
1566 3753 1837 3809 Ieremiae
1861 3752 2019 3821 ordo,
2052 3752 2317 3808 lectiones
2343 3751 2610 3825 quaedam
2626 3794 2640 3819 ‚

129 3852 254 3907 quae
276 3854 403 3895 cum
425 3837 826 3897 massorethico
853 3847 1009 3895 textu
1036 3847 1229 3896 contra
1256 3838 1677 3897 alexandrinum
1705 3841 2073 3897 consentiunt.

203 3988 750 4067 ll.-Georgiani
788 3987 1161 4069 (Grusiani),
1197 3990 1306 4069 qui
1347 4008 1508 4052 saec.
1548 3995 1607 4051 4.
1650 4009 1687 4051 3
1728 3991 1954 4052 vicinis
1998 3990 2287 4052 Armenis
2329 3989 2408 4051 ad
2452 3990 2645 4051 fidem

137 4082 360 4148 adducti
382 4086 701 4158 dicuntur,
731 4087 984 4165 propria
1006 4104 1116 4147 sua
1136 4086 1349 4167 lingua
1373 4087 1695 4166 liturgiam
1722 4094 1785 4148 et
1806 4088 2265 4167 scripturarum
2291 4086 2645 4147 versionem

139 4183 462 4255 possident,
492 4198 658 4261 quae
687 4186 898 4244 tamen
924 4183 1252 4262 hucusque
1281 4200 1505 4262 parum
1536 4188 1631 4245 est
1660 4184 1928 4263 cognita.

197 4296 328 4353 Num
344 4310 489 4353 saec.
521 4302 576 4351 6.
607 4310 680 4351 an
704 4282 944 4366 8.,’1111111
968 4313 1034 4353 ex
1060 4297 1374 4353 armeniaco
1402 4313 1473 4353 an
1499 4313 1567 4354 ex
1595 4313 1793 4371 graeco
1817 4296 2115 4368 exemplari
2136 4296 2307 4353 libros
2336 4311 2465 4352 suos
2490 4296 2643 4351 litur-

143 4380 272 4451 givos
296 4393 351 4439 et
382 4399 572 4440 sacros
598 4383 898 4456 Georgiani
932 4384 1343 4454 transtulerint,
1375 4383 1627 4442 nondum
1663 4385 1793 4441 satis
1821 4394 1905 4441 est
1924 4372 2300 4455 exploratum.
2328 4384 2643 4453 Scriptura-

145 4482 246 4524 rum
279 4471 546 4527 editiones
574 4470 888 4543 georgica,
921 4487 1062 4544 quae
1087 4473 1399 4529 Moscoviae
1427 4489 1479 4529 a.
1515 4478 1669 4529 1743.
1708 4481 1763 4529 et
1804 4470 2065 4543 deinceps
2098 4471 2241 4545 typis
2283 4479 2414 4527 sunt
2441 4469 2647 4527 descri-

141 4564 265 4627 ptae.
285 4558 350 4615 ad
370 4558 539 4616 iidem
557 4556 956 4615 modernorum
977 4558 1275 4616 bibliorum
1293 4561 1663 4617 tussiacorum
1682 4568 1812 4615 sunt
1834 4558 2160 4615 emendatae
2179 4574 2243 4614 ac
2263 4560 2421 4629 proin
2438 4558 2647 4614 nullius

141 4646 469 4705 anetoritatis.
976 4664 985 4671 ·

916 4744 1171 4797 conum
1203 4745 1478 4797 commo.
1506 4744 1729 4797 quen.
1758 4770 1822 4784 -
1852 4746 1897 4796 2.
