3050 5184
408 285 528 342 476
609 300 684 343 nr:
727 301 864 346 Novr
909 303 1074 346 rssr.
1119 302 1317 348 umus
1350 299 1701 348 msromcrs.
1737 319 1815 328 -—
1844 303 1974 346 car.
2010 303 2052 344 1.
2092 300 2168 344 nn
2206 297 2552 342 EVANGEms
2580 296 2875 340 amorrius,

657 433 1042 491 tribulationes
1065 443 1362 506 praeparat
1387 435 1670 506 (4‚1-6,6),
1698 443 1865 505 atque
1885 432 2011 489 dein
2030 435 2100 487 ad
2121 431 2357 503 primam
2377 429 2683 485 missionem
2700 425 2885 483 dimittit
2990 491 2992 496 .

655 535 754 576 sua
781 521 949 593 ipsius
978 529 1250 593 potestate
1278 521 1584 578 instructos
1615 523 1888 592 (eff-82).

479 612 535 660 4.
563 606 790 662 Ultimis
815 608 1050 680 galilaici
1071 608 1366 666 ministerii
1388 608 1671 666 mensibus
1692 608 1935 665 divinam
1960 624 2119 666 suam
2145 614 2473 680 potestatem
2493 602 2645 661 novis
2660 601 2890 660 miraculis

657 694 978 752 manifestat
1004 697 1319 768 (6,33-56),
1353 695 1688 752 Pharisaeos
1722 697 2203 770 argumentatione
2244 703 2302 751 et
2336 692 2456 750 aliis
2492 691 2754 748 miraculis
2782 705 2891 745 con-

657 782 798 839 futat
828 785 1134 855 (7,ι-8,26)
1151 827 1164 852 ,
1195 783 1532 856 discipuloS,
1568 783 1769 856 quibus
1806 784 2122 855 passionem
2158 782 2476 855 praedicere
2506 781 2706 851 eoepit,
2732 779 2783 834 in
2808 776 2893 832 fide

659 870 952 927 confirmat
982 872 1474 944 transfiguratione
1501 887 1601 928 sua
1638 869 1697 928 et'
1732 870 2004 927 daemone
2038 870 2243 935 eiecto,
2278 885 2443 942 quem
2470 867 2573 939 ipsi
2604 867 2785 922 eiicere
2808 879 2893 920 non

661 967 954 1029 potuerant
983 964 1348 1029 (8,27·9‚28>.
1852 1021 1858 1030 ,

481 1049 640 1102 ΡΑιιε
668 1061 950 1104 succuba
974 1048 1378 1118 (9,29-13,37),
1405 1063 1577 1120 quum
1599 1047 1659 1104 in
1682 1049 1865 1120 priore
1888 1048 2147 1104 divinitas
2170 1046 2393 1103 Domini
2422 1045 2535 1101 iam
2558 1044 2686 1100 satis
2702 1042 2894 1098 demon-

411 1142 583 1189 strata
619 1133 721 1204 sit,
753 1135 820 1189 in
856 1135 1152 1192 tradenda
1193 1135 1474 1192 doctriua
1503 1137 1696 1206 mauis
1724 1142 2007 1200 versatur,
2052 1151 2174 1208 qua
2200 1133 2477 1190 Dominus
2500 1130 2810 1203 discipulos
2832 1128 2895 1182 ad

407 1227 620 1270 munus
647 1214 1042 1287 apostolicum
1069 1217 1498 1287 praeparavit.

486 1315 536 1364 1.
567 1311 818 1366 Primum
846 1311 1016 1384 igitur
1044 1311 1306 1384 proponit
1333 1311 1682 1384 Evangelista
1712 1326 1807 1380 ea,
1842 1326 1981 1382 quae
2019 1311 2292 1367 Dominus
2330 1310 2387 1365 in
2414 1309 2611 1364 ultimo
2642 1307 2815 1362 itinere
2837 1305 2897 1357 ie-

661 1398 1056 1471 rosolymitano
1107 1397 1296 1456 docuit
1347 1408 1402 1454 et
1445 1400 1560 1471 egit
1614 1401 2016 1469 (9‚29-10,52),
2072 1397 2352 1469 quomodo
2406 1397 2673 1452 nimirum
2710 1393 2899 1449 virtutes

659 1487 878 1542 muneri
907 1487 1210 1558 apostolico
1246 1487 1490 1543 maxime
1527 1488 1865 1543 necessarias
1892 1484 2367 1542 commendaverit
2394 1493 2563 1556 atque
2589 1485 2649 1539 in
2681 1480 2899 1539 Iudaeam

659 1574 940 1646 ingressus
968 1576 1164 1631 ultima
1193 1575 1310 1630 vice
1349 1583 1480 1630 ante
1513 1575 1845 1632 sollemnem
1874 1589 2032 1630 suam
2070 1574 2133 1630 in
2162 1573 2463 1630 Ierusalem
2498 1572 2799 1645 ingressum
2826 1582 2899 1638 po·

657 1670 916 1718 testatem
945 1677 1101 1718 suam
1129 1661 1583 1718 manifestaverit.

483 1755 536 1804 2.
569 1749 830 1820 Sequitur
852 1748 1053 1806 deinde
1075 1752 1324 1806 narratio
1349 1765 1563 1816 eorum,
1589 1765 1732 1821 quae
1756 1750 1965 1806 ultimis
1992 1749 2187 1806 diebus
2207 1749 2339 1806 inde
2360 1765 2394 1805 a
2418 1748 2675 1806 sollemni
2696 1745 2901 1818 ingressu

662 1837 1014 1910 lerosolymis
1041 1838 1156 1910 egit
1183 1841 1589 1908 (11,1-13‚37)‚
1620 1853 1727 1908 qua
1757 1838 1815 1893 in
1844 1847 2000 1909 parte
2028 1838 2225 1910 plenus
2254 1835 2369 1893 sere
2396 1852 2527 1893 cum
2558 1837 2733 1907 primo
2760 1835 2903 1888 Eran-

659 1924 804 1997 gelio
841 1939 1144 1981 consensus
1173 1923 1328 1980 adest
1343 1967 1357 1992 ‚
1389 1924 1486 1981 sed
1519 1939 1585 1981 ea
1624 1925 1979 1994 omittuntur,
2022 1941 2163 1997 quae
2192 1923 2733 1981 ludaeochristianos
2756 1920 2903 1993 palae-

645 2014 932 2070 stinenses
975 2013 1217 2069 maxime
1263 2012 1521 2085 spectaba
1531 2021 1620 2081 nt,
1662 2014 1973 2070 accuratius
2016 2028 2149 2069 vero
2194 2021 2455 2068 narratur
2498 2010 2807 2068 maledictio
2836 2005 2905 2062 fici
2998 2033 3000 2064 ε

657 2100 878 2158 sterilis.

484 2193 639 2246 PAns
667 2203 892 2246 'rssn'ru
921 2189 1060 2260 (14st
1079 2190 1304 2261 -1c,2o)
1333 2187 1409 2244 de
1432 2189 1661 2245 Christi
1674 2191 1947 2261 passione
1970 2194 2027 2245 et
2050 2186 2483 2260 plorifieatione
2511 2187 2667 2260 ayic.

487 2286 537 2335 1.
571 2277 762 2332 Passio
799 2277 1024 2333 Domini
1062 2277 1138 2333 ita
1174 2285 1454 2348 narratur,
1485 2284 1551 2331 ut
1586 2285 1876 2349 appareat,
1918 2277 2223 2332 Dominum
2257 2275 2541 2331 liberrime
2580 2275 2761 2331 omnia
2788 2271 2837 2327 in
2866 2283 2907 2323 se

663 2363 969 2435 suscepisse
995 2372 1164 2436 atque
1191 2365 1535 2422 divinitatem
1562 2363 1683 2420 eius
1708 2363 1799 2420 vel
1824 2364 1881 2419 in
1908 2365 2027 2435 ipsa
2053 2364 2170 2420 eius
2194 2373 2377 2418 morte
2408 2365 2483 2418 ita
2510 2360 2844 2434 apparuisse,
2866 2367 2907 2410 ut
3000 2411 3002 2432 ,

661 2452 912 2507 centurio
941 2451 1194 2508 ethnicus
1230 2451 1567 2508 crucifixum·
1596 2453 1779 2508 lesum
1816 2465 1935 2507 esse
1970 2450 2171 2508 Filium
2203 2451 2310 2506 Dei
2338 2452 2633 2524 agnoverit
2666 2451 2907 2519 (14.1-15.
3000 2441 3002 2456 ²

661 2544 770 2606 39).
797 2541 1056 2596 Ceterum
1083 2541 1328 2596 narratio
1356 2540 1703 2612 paucissimis
1730 2539 2003 2610 exceptiS,
2032 2554 2203 2610 quum
2229 2537 2289 2593 in
2316 2537 2483 2594 rebus
2508 2547 2632 2594 tum
2656 2539 2711 2594 in
2734 2534 2895 2592 ordine

660 2643 788 2683 cum
819 2627 1000 2699 primo
1029 2629 1326 2699 Evangelio
1351 2637 1645 2684 consonat.

480 2722 536 2772 2.
569 2717 708 2773 Cum
737 2714 952 2772 honore
988 2715 1236 2786 sepultus
1263 2717 1426 2772 tertia
1463 2714 1555 2771 die
1594 2715 1870 2788 gloriosus
1904 2715 2235 2782 resurrexit;
2265 2715 2734 2770 resurrectionem
2760 2719 2913 2768 autem

657 2805 844 2860 variae
869 2811 1146 2860 testantur
1171 2803 1292 2858 eius
1317 2803 1693 2875 apparitiones
1720 2812 1777 2859 ct
1804 2802 2101 2870 miracula,
2132 2816 2275 2874 quae
2296 2800 2367 2858 ab
2390 2801 2679 2874 Apostolis
2702 2801 2759 2856 in
2780 2813 2911 2854 mun-

661 2893 792 2948 dum
823 2891 1144 2948 universum
1172 2890 1355 2946 missis
1384 2899 1675 2962 patrantur
1698 2895 2143 2960 (15,40-16‚20).

770 3095 1035 3154 QuAm10
1060 3095 1123 3142 V.
1151 3121 1215 3130 —
1244 3094 1352 3152 Quo
1373 3100 1591 3154 tempore
1617 3095 1881 3142 secundum
1902 3093 2228 3156 Evangounm
2254 3093 2321 3141 sit
2339 3094 2597 3154 scriptum.

491 3275 586 3332 10.
619 3305 697 3314 ——-
727 3271 890 3331 Certi
939 3270 1198 3348 quidem
1244 3271 1402 3330 nihil
1453 3270 1531 3330 de
1574 3275 1892 3349 tempore,
1941 3287 2064 3349 quo
2116 3269 2180 3332 S.
2240 3269 2483 3330 Marcus
2544 3269 2915 3348 Evangelium

409 3368 759 3444 scripserit,
795 3371 890 3426 est
917 3367 1249 3440 traditum;
1281 3367 1414 3427 veri
1453 3371 1669 3427 autem
1708 3366 2109 3426 simillimum
2151 3371 2274 3437 est,
2310 3382 2458 3426 eum
2488 3371 2639 3443 post
2664 3383 2721 3426 a.
2754 3367 2841 3425 52.
2869 3364 2917 3420 et

407 3469 552 3524 ante
581 3481 638 3524 a.
670 3465 768 3524 62.
805 3462 965 3524 illud
995 3462 1292 3523 edidisse.

477 3568 650 3624 Plane
679 3575 892 3624 certum
921 3575 1032 3636 est,
1059 3569 1113 3622 S.
1143 3569 1395 3623 Marcum
1417 3568 1552 3622 satis
1574 3565 1673 3622 diu
1698 3574 1823 3639 post
1844 3565 2071 3622 Domini
2095 3566 2563 3622 resurrectionem
2586 3566 2917 3640 Evangelium

408 3656 675 3724 edidisse,
706 3655 902 3712 ultima
931 3654 1082 3710 enim
1119 3654 1236 3710 eius
1261 3655 1430 3711 verba
1457 3659 1644 3720 (16‚2o
1676 3673 1702 3706 α
1732 3652 1811 3710 illi
1840 3662 2028 3710 autem
2056 3651 2294 3724 profecti
2322 3652 2785 3724 praedicaverunt
2808 3651 2917 3707 ubi-

410 3761 521 3820 que
541 3747 588 3816 ι)
609 3752 736 3816 apte
755 3742 922 3799 scribi
935 3758 1048 3798 non
1068 3750 1370 3813 potuerunt
1386 3743 1490 3798 nisi
1511 3749 1637 3812 post
1654 3741 1891 3813 primam
1910 3742 2111 3797 saltem
2130 3743 2186 3798 S.
2206 3741 2369 3797 Pauli
2386 3741 2799 3814 expeditionem
2814 3753 2919 3811 apo·

409 3831 660 3890 stolicam
689 3831 1047 3886 terminatam
1067 3832 1176 3896 (46.
1193 3833 1359 3902 -49.?)
1391 3837 1488 3885 aut
1514 3827 1659 3885 forte
1688 3838 1812 3900 post
1839 3829 2142 3886 secundam
2172 3833 2447 3901 (51..·54.),
2469 3830 2672 3902 quibus
2698 3833 2915 3898 Evange-

409 3923 542 3976 lium
579 3918 742 3975 Asiae
769 3919 932 3988 Min„
959 3915 1350 3985 Macedoniae,
1381 3918 1653 3973 Graeciae
1687 3915 1905 3973 illatum
1933 3926 2037 3972 est.
2068 3919 2255 3988 Quare
2283 3933 2472 3974 errare
2500 3933 2791 3976 censemus
2814 3931 2915 3972 eos,

409 4009 502 4081 qui
531 4024 580 4064 a.
612 4013 704 4062 42.
737 4007 822 4062 vel
851 4005 1037 4078 paullo
1066 4012 1192 4076 post
1212 4003 1455 4077 primum
1482 4003 1635 4060 Petri
1662 4003 1720 4060 in
1744 4005 1959 4060 Urbem
1984 4004 2283 4061 adventum
2304 4007 2667 4078 Evangelium
2694 4014 2918 4063 nostrum

412 4095 624 4152 editum
660 4093 884 4162 dicunt;
917 4092 1120 4149 rectius
1155 4107 1208 4148 c.
1239 4107 1292 4148 a.
1331 4099 1422 4148 54.
1463 4092 1735 4164 scriptum
1762 4091 1984 4148 dicitur.
2018 4093 2165 4149 Satis
2198 4102 2351 4150 certa
2388 4095 2539 4151 enim
2579 4103 2665 4152 est
2690 4093 2916 4150 traditio.

411 4183 566 4240 iuxta
591 4182 887 4253 temporis,
920 4196 1031 4253 quo
1069 4179 1272 4251 scripta
1310 4187 1470 4248 sunt,
1503 4180 1781 4236 rationem
1815 4181 2115 4252 Evangelia
2146 4181 2205 4236 in
2246 4196 2459 4238 canone
2496 4197 2619 4240 esse
2648 4179 2917 4253 disposita,

411 4273 665 4328 Marcum
686 4270 858 4341 igitur
883 4278 1012 4324 ante
1039 4269 1250 4323 Lucam
1278 4267 1592 4339 scripsisse,
1628 4267 1722 4340 qui
1748 4269 1863 4339 ipse
1892 4276 2021 4324 ante
2046 4285 2095 4324 a.
2130 4273 2221 4325 64.
2251 4270 2615 4342 Evangelium
2638 4285 2798 4326 suum
2822 4276 2917 4323 ter-

411 4358 646 4414 minavit
675 4357 724 4425 (S
755 4361 926 4424 4,12).
957 4354 1250 4411 Traditum
1279 4363 1464 4412 autem
1495 4371 1719 4428 quoque
1748 4365 1861 4421 est,
1886 4355 2156 4412 Romanis
2182 4356 2540 4429 rogantibus,
2562 4365 2629 4414 ut
2654 4356 2917 4430 praediea-

411 4446 621 4502 tionem
664 4445 815 4500 Petri
857 4441 1074 4499 facilius
1113 4451 1398 4510 tenerent,
1427 4459 1551 4499 eam
1587 4458 1619 4498 a
1660 4445 1853 4498 Marco
1894 4443 2070 4500 literis
2106 4460 2225 4501 esse
2270 4444 2622 4514 mandatam3
2657 4443 2801 4501 haud
2838 4442 2919 4498 diu

411 4533 582 4605 igitur
604 4539 730 4604 post
756 4546 918 4588 suum
947 4532 1006 4586 in
1033 4529 1247 4588 Urbem
1275 4529 1579 4586 adventum
1610 4531 1679 4600 (a.
1710 4537 1800 4586 52.
1828 4532 1912 4587 vel
1938 4537 2054 4600 53.)
2082 4533 2237 4604 operi
2258 4529 2397 4589 'huic
2424 4547 2649 4590 manum
2676 4531 2917 4589 admovit.

411 4620 514 4676 Cui
549 4620 854 4675 sententiae
889 4619 940 4674 si
973 4621 1030 4676 S.
1071 4618 1286 4675 lrenaei
1310 4618 1691 4675 testimonium
1743 4619 1809 4690 (c.
1854 4621 2025 4676 Haer.
2068 4621 2172 4676 Ill.
2218 4622 2265 4692 1)
2306 4622 2619 4694 opponitur,
2660 4617 2791 4676 illud
2822 4631 2919 4672 non
