3050 5184
1198 339 1573 384 Arrnunlcss.
2553 321 2668 380 631

122 471 373 540 tentiae,
404 469 475 526 ad
504 473 685 542 ipsum
720 484 943 542 quoque
970 473 1319 541 pertineant,
1348 478 1412 526 ut
1436 471 1562 526 illas
1591 480 1878 542 tamquam
1901 485 2030 526 suas
2063 475 2232 539 (certo
2257 471 2454 526 saltem
2485 467 2672 534 modo)

117 557 381 614 scribere
413 557 675 629 potuerit.
717 557 869 612 Deus
895 557 1064 630 igitur
1100 557 1361 614 veritates
1388 573 1487 613 seu
1514 559 1818 614 sententias
1858 557 2006 622 illas,
2040 573 2180 629 quas
2217 556 2589 612 determinato
2617 555 2674 610 in

118 645 277 702 libro
316 645 485 701 scribi
516 645 720 713 voluit,
760 661 888 700 cum
916 644 1185 716 scriptore
1222 645 1633 702 communicare
1661 645 1853 702 debuit
1883 661 1950 702 eo
1981 644 2119 710 tine,
2151 653 2214 700 ut
2251 644 2342 699 liic
2369 659 2464 700 eas
2501 642 2676 698 literis

118 731 445 788 mandaret.
478 733 633 802 Quae
660 731 1089 788 communicatio
1114 748 1214 804 pro
1238 743 1696 806 argumentorum
1726 733 2048 788 diversitate
2075 732 2290 788 diversa
2321 747 2440 786 esse
2475 730 2670 803 potuit.

195 821 425 876 Etenim
448 819 757 889 interdum,
785 820 831 875 si
859 819 931 874 de
959 821 1115 875 novis
1148 821 1497 890 veritatibus,
1526 837 1670 894 quae
1708 835 1952 892 eousque
1981 819 2299 876 hominibus
2324 821 2488 890 plane
2514 818 2672 872 inco-

122 907 319 980 gnitae
352 908 590 972 fuerant,
622 917 719 964 aut
740 907 1254 979 supranaturalibus
1278 909 1572 981 (mysteriis
1597 911 1724 980 etc.)
1753 918 1850 964 aut
1877 909 2046 964 etiam
2071 905 2420 964 naturalibus
2449 905 2560 977 (ex.
2587 921 2670 976 gr.

120 997 345 1067 primae
373 995 666 1052 creationis
713 994 910 1065 modo,
957 995 1195 1065 ordine),
1238 997 1523 1068 agebatur,
1569 997 2000 1054 communicatio
2047 995 2167 1050 fleri
2205 1011 2316 1050 non
2354 994 2533 1064 potuit
2571 991 2676 1047 nisi

120 1083 469 1138 revelatione
497 1085 719 1154 proprie
742 1083 921 1152 dicta,
953 1083 1061 1138 ubi'
1085 1099 1211 1140 vero
1240 1083 1313 1140 de
1343 1085 1507 1140 rebus
1535 1085 1821 1157 agebatur,
1863 1099 2004 1156 quas
2031 1085 2268 1155 scriptor
2297 1091 2394 1138 aut
2419 1097 2487 1137 ex
2514 1095 2674 1152 prae-

116 1170 365 1226 cedente
386 1170 625 1243 quadam
648 1171 985 1228 revelatione
1010 1173 1094 1228 vel
1118 1188 1185 1228 ex
1208 1173 1433 1244 propria
1463 1173 1800 1245 experientia
1831 1173 2080 1244 cognitas
2105 1170 2300 1226 habuit
2327 1179 2424 1224 aut
2452 1169 2672 1239 propria

117 1259 407 1314 industria
431 1267 487 1316 et
512 1259 865 1331 inquisitione
894 1275 1227 1332 cognoscere
1254 1261 1458 1331 potuit,
1486 1259 1822 1328 sufficiebat,
1854 1269 1916 1316 ut
1942 1263 2094 1316 Deus
2121 1258 2246 1315 illas
2264 1256 2674 1327 supranaturali

118 1346 457 1417 operatione
492 1348 665 1402 menti
692 1348 1105 1418 memoriaeque
1132 1349 1415 1420 scriptoris
1454 1349 1604 1404 velut
1645 1347 1964 1405 scribendas
2006 1347 2270 1404 obiiceret
2309 1353 2406 1400 aut
2445 1359 2573 1400 eum
2602 1341 2672 1399 ad

116 1433 253 1488 illas
286 1434 633 1504 quaerendas
671 1435 1135 1506 inveniendasque
1174 1437 1351 1506 gratia
1390 1451 1489 1491 sua
1536 1436 1849 1507 impelleret
1877 1435 2271 1506 adiuraretque
2286 1433 2348 1489 ¹⁸.
2379 1431 2673 1505 [ospitatio

114 1536 229 1592 per
256 1536 319 1576 se
348 1537 480 1594 ergo
519 1523 803 1594 proprium
850 1522 1087 1579 hominis
1124 1523 1374 1579 laborem
1402 1540 1467 1579 ac
1493 1523 1740 1580 studium
1777 1539 2132 1596 nequaquam
2175 1519 2446 1589 excludit3
2491 1535 2673 1591 neque

114 1609 479 1679 inspirationi
506 1610 690 1679 obest,
716 1610 868 1683 quod
899 1613 1131 1667 Ioannes
1159 1627 1218 1667 se
1238 1627 1305 1666 ea
1331 1611 1616 1683 scripsisse
1639 1611 1817 1680 dicat,
1843 1627 1984 1684 quae
2010 1611 2220 1666 viderat
2247 1612 2438 1680 (ioan.
2465 1611 2668 1676 19,35),

116 1706 224 1752 aut
253 1699 437 1754 Lucas
459 1715 519 1754 se
540 1701 598 1754 in
622 1699 807 1755 omnia
825 1742 840 1768 ,
870 1714 1012 1770 quae
1042 1699 1351 1770 scripturus
1380 1708 1531 1769 erat,
1559 1699 1852 1772 diligenter
1881 1699 2224 1772 inquisivisse
2252 1697 2492 1753 insinuet
2515 1697 2667 1763 (Luc.

120 1785 268 1857 1,3),
299 1795 399 1842 aut
436 1787 575 1842 alius
602 1803 661 1844 se
696 1789 755 1844 in
796 1803 897 1844 suo
940 1803 1107 1859 opere
1135 1802 1204 1843 ex
1248 1787 1401 1842 libris
1434 1788 1648 1844 Iasonis
1689 1789 1816 1859 Cyr.
1859 1787 2208 1859 excerpendo
2245 1807 2272 1838 α
2302 1801 2414 1840 non
2453 1782 2670 1839 facilem

116 1873 409 1944 lahorem,
434 1874 609 1931 immo
632 1891 763 1931 vero
786 1876 1075 1946 negotium
1102 1876 1326 1946 plenum
1360 1875 1672 1947 vigiliarum
1697 1885 1754 1931 et
1781 1875 2000 1932 sudoris
2029 1875 2352 1931 assumsisse
2379 1893 2404 1925 n
2436 1877 2670 1926 testetur

120 1967 179 2028 (2
206 1963 402 2018 Maeli.
434 1969 601 2032 2‚27).
640 1983 666 2014 α
696 1963 1040 2019 Praecedens
1060 1963 1209 2018 enim
1238 1963 1506 2035 cognitio,
1540 1964 1718 2036 inquit
1738 1963 2052 2019 Franzelz'n
2079 1962 2166 2032 (de
2183 1961 2350 2018 Trad.
2383 1969 2440 2016 et
2467 1959 2664 2028 Script.

117 2065 178 2120 p.
214 2055 369 2120 358),
388 2065 501 2105 non
531 2059 711 2121 potest
736 2066 855 2106 esse
872 2052 1043 2118 ratio,
1066 2065 1165 2105 cur
1190 2053 1339 2105 Deus
1366 2050 1489 2106 illas
1520 2051 1774 2108 veritates
1801 2067 1902 2107 suo
1931 2051 2163 2106 consilio
2195 2045 2668 2120 comprehendere

120 2146 379 2210 nequeat
403 2154 503 2210 per
534 2139 876 2210 scripturam
899 2138 1199 2195 tradendas
1224 2139 1527 2208 Ecclesiae,
1567 2148 1623 2195 et
1650 2157 1750 2196 cur
1779 2127 2186 2210 supernaturali
2211 2155 2311 2194 sua
2349 2136 2666 2208 operatione

120 2225 355 2282 efficere
384 2236 650 2298 nequeat,
684 2236 747 2282 ut
774 2227 943 2282 homo
974 2227 1231 2282 veritates
1258 2226 1405 2298 ipsas
1429 2225 1652 2282 aliunde
1681 2227 1784 2284 sibi
1815 2229 2062 2300 cognitas
2089 2235 2274 2282 mente
2301 2234 2358 2281 et
2386 2225 2666 2280 voluntate

118 2314 407 2386 concipiat
440 2314 513 2370 ad
542 2331 635 2370 eas
674 2315 881 2387 scripto
921 2313 1343 2392 consignandas,
1386 2315 1594 2370 Eadem
1635 2330 1858 2388 quoque
1901 2315 2112 2372 ratione
2157 2331 2272 2370 non
2300 2311 2668 2369 excluduntur

118 2402 433 2470 industria,
465 2403 711 2458 studium
741 2412 798 2458 et
822 2402 1089 2474 praesidia
1109 2446 1122 2470 ‚
1158 2412 1287 2474 puta
1318 2403 1782 2460 documentorum
1811 2412 1868 2459 et
1893 2404 2144 2472 testium,
2175 2403 2243 2458 ab
2268 2401 2494 2458 homine
2512 2396 2666 2454 adhi-

118 2491 243 2546 bita
269 2489 359 2546 ad'
372 2507 463 2547 res
490 2501 547 2547 et
573 2492 875 2548 sententias
898 2492 1318 2563 concipiendaS,
1354 2491 1660 2548 dummodo
1687 2492 2126 2564 supernaturalis
2155 2491 2403 2562 operatio
2431 2498 2488 2545 et
2516 2488 2664 2543 dire-

119 2579 239 2634 ctio
262 2581 371 2634 Dei
398 2578 627 2647 efficiat,
650 2587 711 2636 ut
728 2595 887 2636 mens
912 2579 1149 2635 hominis
1172 2580 1499 2651 inquirentis
1518 2595 1679 2635 sensa
1705 2595 1769 2634 ea
1798 2580 1984 2636 omnia
2012 2589 2070 2634 et
2087 2581 2202 2634 sola
2221 2578 2292 2635 ad
2313 2577 2664 2634 scribendum

116 2667 495 2739 concipiat...,
532 2683 675 2739 quae
702 2670 883 2736 Deus,
910 2677 973 2723 ut
998 2667 1337 2738 scribantur,
1368 2668 1596 2723 consilio
1627 2684 1727 2723 suo
1757 2667 2184 2740 comprehendit
2208 2687 2258 2722 n.

196 2761 279 2822 2.)
330 2758 506 2811 Porro
544 2772 576 2811 a
613 2758 765 2826 Deo,
806 2765 868 2811 ut
906 2755 1139 2811 alicuius
1184 2755 1313 2812 libri
1358 2765 1555 2811 auctor
1601 2757 1720 2811 iure
1749 2766 1996 2826 vocetur,
2045 2755 2351 2811 motionem
2392 2754 2666 2810 humanae

120 2844 431 2899 voluntatis
461 2843 531 2900 ad
562 2859 691 2899 eum
728 2843 1080 2900 scribendum
1112 2841 1319 2899 debere
1356 2843 1688 2914 procedere,
1716 2845 2044 2915 scriptorem
2083 2860 2212 2898 vero
2251 2843 2430 2898 divina
2460 2851 2516 2897 et
2544 2839 2664 2896 effi-

117 2931 245 2988 caci
271 2931 371 2987 ina
398 2931 645 2988 motione
674 2948 787 2988 non
815 2933 991 3003 magis
1018 2931 1275 2988 libertate
1303 2947 1401 2986 sua
1431 2931 1664 3004 privari,
1693 2947 1860 3003 quam
1888 2932 2056 2988 homo
2087 2933 2420 3003 quicumque
2447 2930 2550 2985 sub
2577 2931 2663 2984 in-

114 3020 285 3075 fluxu
316 3020 519 3092 gratiae
548 3035 714 3093 agens
732 3020 988 3076 libertate
1017 3021 1285 3092 privatur,
1312 3020 1399 3074 vix
1425 3035 1565 3092 opus
1588 3029 1672 3075 est
1697 3035 1954 3088 monere,
1987 3036 2168 3091 neque
2197 3019 2666 3075 demonstratione

115 3108 363 3180 indiget,
386 3109 689 3164 motionem
712 3108 957 3180 aliquam
985 3109 1301 3180 generalem
1319 3108 1391 3164 ad
1415 3107 1770 3164 scribendum
1792 3107 1864 3163 de
1885 3108 1984 3164 tali
2012 3117 2339 3180 argumento
2367 3121 2480 3162 non
2505 3105 2664 3162 sufii-

118 3213 273 3260 cere,
296 3196 397 3252 sed
422 3211 543 3252 eam
562 3196 634 3253 ad
654 3197 900 3269 singulas
918 3211 1140 3268 quoque
1160 3212 1249 3254 res
1270 3205 1324 3252 et
1342 3197 1646 3252 sententias
1667 3211 1788 3252 sese
1811 3195 2106 3252 extendere
2127 3196 2346 3252 debere.
2373 3193 2664 3264 Quomodo

118 3287 279 3341 enim
304 3287 455 3340 Deus
480 3285 680 3357 integri
716 3285 841 3340 libri
864 3293 1059 3340 auctor
1084 3293 1259 3353 esset,
1292 3285 1337 3339 si
1368 3293 1590 3356 praeter
1619 3293 1716 3339 aut
1743 3293 1936 3340 contra
1965 3285 2084 3340 eius
2114 3286 2457 3342 voluntatem
2485 3299 2574 3338 res
2603 3299 2668 3338 ac

118 3373 435 3430 sententiae
463 3373 761 3429 nonnullae
794 3382 977 3429 essent
1010 3375 1302 3444 receptae?
1328 3372 1624 3429 Addamus
1657 3382 1844 3428 autem
1876 3389 2002 3428 cum
2034 3373 2140 3428 hac
2168 3373 2388 3429 interna
2421 3374 2666 3428 motione

116 3460 353 3534 speciali
382 3476 447 3515 ac
484 3461 845 3517 determinata
872 3461 1082 3533 optime
1110 3461 1419 3528 conciliari,
1453 3461 1602 3532 quod
1633 3461 1964 3532 interpretes
1989 3461 2060 3517 de
2090 3461 2333 3518 externis
2359 3461 2664 3518 occasioni-

116 3551 229 3608 bus
257 3550 574 3622 loquantur,
598 3550 797 3620 quibus
816 3549 959 3606 sacri
982 3549 1279 3620 scriptores
1298 3547 1370 3604 ad
1390 3549 1564 3605 libros
1586 3563 1720 3604 suos
1741 3548 2052 3605 exarandos
2070 3551 2318 3621 permoti·
2335 3551 2464 3605 sint.
2492 3551 2542 3604 N
2546 3565 2666 3604 am·

112 3755 333 3806 eaedem
356 3757 445 3803 aut
472 3752 658 3803 similes
688 3753 1085 3818 comparationes
1112 3754 1266 3803 ctiam
1290 3753 1426 3816 apud
1455 3753 1682 3802 iuniores
1706 3756 1888 3804 Patres
1915 3753 2173 3804 interdum
2202 3755 2551 3812 inveniuntur,
2578 3753 2665 3817 qui

114 3843 301 3886 tamen
323 3831 507 3882 diserte
534 3837 711 3883 contra
735 3833 1071 3882 montanistas
1094 3835 1320 3891 monent,
1343 3833 1614 3895 prophetas
1643 3847 1744 3882 non
1769 3833 1929 3883 fuisse
1960 3833 2047 3892 ila,
2079 3834 2209 3883 sicut
2237 3834 2428 3883 ethnici
2457 3833 2664 3896 pseudo-

114 3915 415 3981 prophetae,
440 3917 583 3963 extra
612 3927 665 3963 se
694 3916 883 3976 raptos,
908 3916 969 3961 ut
991 3911 1089 3975 ipsi
1114 3925 1205 3962 sua
1234 3913 1387 3962 verba
1412 3927 1511 3962 non
1541 3912 1912 3972 intellexerint,
1939 3911 2026 3962 sed
2058 3916 2220 3963 Deum
2250 3915 2388 3976 prius
2413 3914 2465 3962 in
2491 3927 2664 3962 eorum

112 3997 283 4048 corde
310 4005 417 4044 esse
446 3994 669 4044 locutum
684 4031 695 4053 ‚
720 3998 777 4043 ut
799 3993 897 4056 ipsi
924 3993 1178 4054 sapientes
1202 3992 1371 4041 effecti
1393 3993 1692 4056 sapientiam
1715 3994 1964 4043 divinitus
1989 3997 2243 4056 acceptam
2264 3992 2379 4042 aliis
2393 3995 2669 4044 annuntia-

114 4079 269 4135 rent3
294 4071 373 4123 cfr
396 4074 537 4136 Oria.
568 4087 615 4124 c.
638 4072 767 4123 Cels.
792 4074 905 4122 vll.
937 4077 984 4123 3.
1019 4077 1069 4122 4.
1097 4073 1151 4121 in
1181 4074 1321 4122 loun.
1350 4076 1473 4123 tom.
1504 4075 1589 4124 vl.
1623 4081 1680 4133 23
1709 4073 1764 4123 in
1784 4077 1927 4123 Rom.
1957 4075 2093 4123 vlll.
2119 4078 2150 4122 6
2182 4074 2276 4137 (Μ.
2307 4077 2524 4132 11,1424.
2561 4089 2665 4137 sq.;

118 4157 313 4216 14,206.
346 4153 501 4216 1174),
531 4157 584 4203 S.
612 4153 782 4203 Basil.
813 4152 865 4200 in
888 4155 953 4202 ls.
980 4155 1211 4202 Prooem.
1243 4157 1271 4200 5
1293 4154 1388 4213 (Μ.
1414 4154 1626 4216 3ο,125),
1655 4158 1707 4203 S.
1736 4153 1928 4215 Epiplt.
1950 4154 2088 4203 haer.
2113 4158 2244 4213 482.
2278 4160 2306 4204 3
2331 4153 2424 4216 (M.
2455 4158 2664 4217 41,856)‚

112 4241 170 4286 S.
204 4233 400 4297 Chrys.
428 4233 482 4282 in
500 4240 521 4283 1
546 4233 660 4284 Gor.
677 4233 815 4282 hom.
843 4237 970 4290 29‚1.
995 4238 1023 4282 2
1051 4233 1148 4295 (Μ.
1176 4233 1390 4294 61341),
1412 4235 1467 4282 S.
1488 4233 1642 4283 Hier.
1666 4233 1719 4281 in
1743 4233 1806 4282 ls.
1831 4232 1999 4296 Prol.;
2025 4233 2077 4283 in
2093 4235 2217 4283 Nah.
2245 4233 2363 4284 Prol
2385 4235 2474 4296 (M.
2497 4238 2664 4296 24,19;

116 4313 373 4376 25,1232),
403 4315 457 4363 S.
489 4315 643 4374 (ἕν-ορ.
672 4315 746 4363 Μ.
778 4313 831 4362 in
863 4311 954 4362 Iob
988 4316 1117 4373 13,1.
1148 4313 1328 4362 Moral.
1358 4314 1461 4364 ΧΠ.
1494 4318 1555 4362 20
1580 4313 1670 4374 (Μ.
1702 4314 1893 4375 75,968)
1917 4316 2016 4362 etc.

185 4395 287 4457 (16)
330 4395 467 4449 Quos
494 4391 659 4442 varios
689 4391 1167 4442 communicationis
1195 4391 1373 4442 modos
1403 4393 1636 4442 Antoine
1665 4391 1854 4453 (Theol.
1883 4392 2019 4442 univ.
2057 4395 2096 4442 1.
2129 4396 2194 4442 tr.
2232 4399 2275 4443 1.
2308 4398 2432 4443 sect.
2467 4399 2513 4442 6.
2546 4408 2590 4444 a.
2621 4397 2670 4456 4)

118 4477 253 4526 hene
292 4477 555 4522 enumerat
597 4472 995 4522 illustrationem
1037 4473 1289 4522 internam
1332 4471 1522 4536 requiri
1560 4485 1800 4533 monens,
1840 4493 1864 4516 «ι
1904 4487 2005 4536 qua
2049 4475 2187 4523 Deus
2216 4473 2298 4522 vel
2343 4474 2423 4536 pia
2454 4475 2664 4536 monita,

118 4557 418 4620 praecepta,
446 4551 656 4602 consilia
686 4551 896 4616 piasque
924 4551 1310 4602 adhortationes
1338 4552 1573 4616 scriptori
1603 4565 1749 4602 sacro
1779 4552 2099 4614 suggerebat,
2137 4553 2216 4603 vel
2243 4553 2485 4602 veritates
2517 4559 2666 4604 antea

120 4638 324 4698 ignotas
352 4631 728 4690 manifestabat,
760 4633 840 4682 vel
870 4645 951 4683 res
977 4633 1119 4696 prius
1146 4633 1372 4696 cognitas
1406 4633 1457 4681 in
1490 4633 1786 4683 memoriam
1817 4632 2100 4691 revocabat,
2127 4633 2207 4682 vel
2231 4633 2356 4697 quid
2380 4647 2441 4684 ex
2471 4635 2660 4694 multis,

118 4729 255 4780 quae
281 4712 543 4776 scriptoris
562 4713 835 4763 memoriae
857 4711 1205 4774 occurrebant,
1233 4712 1557 4762 scribendum
1584 4718 1731 4770 esset.
1761 4713 2062 4763 ostendebat
2090 4735 2137 4763 ι».
