3050 5184
396 267 513 324 608
558 281 631 324 oa
662 281 801 324 novi
832 283 996 325 Tesr.
1030 281 1204 326 meno
1236 280 1629 326 PROPHETmO.
1663 298 1740 306 —
1765 279 1842 324 ns
1872 279 2228 323 sponsum
2253 278 2313 320 n.
2351 277 2596 322 ioannis
2619 273 2908 321 Arosrom.

395 418 569 482 Apoc.
600 413 752 468 Prol.
783 422 839 469 et
871 415 1033 482 12,7).
1055 413 1330 468 Maximae
1354 412 1698 468 auctoritatis
1726 420 1810 466 est
1836 410 2214 467 testimonium
2244 410 2302 466 S.
2325 412 2594 476 Irenaei,
2619 408 2715 480 qui
2741 423 2918 478 quam·

398 499 479 554 vis
506 498 867 571 lugdunensis
896 502 1186 573 episcopus
1210 501 1393 569 suerit,
1425 509 1713 571 tamquam
1749 499 2039 571 Polycarpi
2083 497 2386 569 discipulus
2421 497 2662 553 asiaticis
2703 495 2922 550 testibus

398 585 796 643 adnumeretur
826 597 1071 659 oportet3
1102 589 1215 644 iam
1245 604 1376 643 vero
1404 605 1517 643 non
1555 595 1774 643 tantum
1811 586 2079 658 Apostolo
2119 587 2334 641 auctori
2371 585 2742 656 Apocalypsin
2779 584 2924 638 attri-

397 673 546 743 buit,
592 675 689 730 sed
733 675 801 730 de
849 692 1082 732 numero
1134 674 1345 731 bestiae
1399 675 1680 730 disserens
1722 675 1793 730 ad
1837 673 2214 729 testimonium
2251 689 2448 728 eorum
2493 680 2785 744 provocat,
2835 672 2926 742 qui

402 783 427 812 «
461 761 597 818 facie
630 763 703 820 ad
733 763 927 820 faciem
958 766 1223 819 Ioannem
1264 763 1519 819 viderant
1553 785 1577 814 υ
1610 773 1776 834 atque
1811 771 2035 833 tempus
2076 769 2334 817 accurate
2371 759 2609 829 indicat,
2641 776 2754 831 quo
2800 758 2926 813 data

396 859 479 906 est
510 852 577 920 (c.
604 852 774 906 Haer.
810 853 905 906 IV.
936 858 1005 908 2⁰
1031 867 1112 922 sq.
1134 873 1148 919 3
1171 853 1239 906 V.
1274 857 1360 906 30.
1391 857 1500 917 35).
1534 851 1632 907 Cui
1662 850 1875 906 accedit
1912 848 2285 921 Apollonius,
2309 848 2598 920 presbyter
2623 847 2921 920 ephesius.

398 939 493 1009 qui
523 947 716 994 contra
756 938 1119 995 Montanistas
1152 959 1177 990 α
1206 939 1536 995 testimoniis
1573 955 1637 994 ex
1676 937 1898 993 Ioannis
1938 937 2263 1010 Apocalypsi
2295 952 2430 992 usus
2465 945 2551 992 est
2587 957 2637 1004 n,
2675 935 2926 1005 intelligit

398 1035 583 1081 autem
606 1027 939 1097 Apostolum
970 1029 1237 1084 loannem
1276 1031 1435 1094 (Eus.
1468 1029 1541 1081 H.
1579 1028 1644 1082 Ε.
1675 1028 1741 1081 V.
1779 1030 1887 1093 18).
1929 1026 2297 1080 Asiaticarum
2332 1023 2502 1096 igitur
2537 1022 2922 1084 ecclesiarum,

398 1114 453 1167 in
492 1113 691 1185 quibus
737 1116 971 1170 loannes
995 1117 1298 1185 Apostolus
1326 1114 1552 1170 ultimos
1576 1129 1750 1169 annos
1779 1121 2096 1185 peregerat,
2125 1120 2247 1166 toto
2275 1127 2422 1166 saec.
2451 1117 2504 1166 2.
2537 1110 2816 1166 unanimis
2843 1119 2920 1164 est

396 1201 620 1256 traditio
651 1201 719 1257 de
754 1201 1055 1273 apostolica
1091 1210 1149 1258 et
1183 1202 1367 1257 divina
1397 1201 1524 1257 libri
1563 1201 1796 1273 origine.

466 1288 810 1358 Quibuscum
848 1291 1080 1346 ecclesia
1108 1292 1336 1347 Svnun
1368 1303 1822 1348 ocem-snmus
1849 1303 1922 1344 ΕΤ
1951 1303 2320 1345 caraunus
2343 1288 2647 1348 consentit:
2671 1287 2728 1341 in
2749 1287 2925 1356 priore

398 1377 542 1433 enim
580 1379 635 1434 S.
688 1377 1034 1450 Theophilus
1078 1382 1220 1434 Ant.
1252 1396 1277 1429 ι
1304 1386 1494 1432 contra
1538 1377 1912 1448 Hermogenis
1957 1376 2208 1431 haeresin
2250 1375 2456 1431 librum
2503 1375 2844 1444 composuit,
2873 1376 2924 1428 in

398 1481 507 1536 quo
552 1466 863 1520 testimonia
912 1466 1138 1522 adhibet
1180 1482 1245 1520 ex
1291 1465 1513 1521 Ioannis
1560 1465 1896 1519 revelatione
1943 1462 2196 1519 desumta
2230 1483 2253 1515 »
2284 1467 2446 1530 (Eur.
2475 1464 2549 1518 H.
2583 1464 2645 1516 E.
2679 1462 2776 1516 IV.
2807 1467 2920 1527 211:

397 1552 623 1608 alterius
660 1563 845 1608 autem
894 1555 1223 1608 sententiam
1252 1553 1612 1623 cognovimus
1647 1567 1714 1607 ex
1755 1553 1965 1623 syriaca
2007 1551 2254 1606 versione
2295 1550 2698 1622 Apocalypseos
2747 1550 2924 1603 medio

397 1655 541 1695 saec.
567 1646 621 1695 2.
644 1639 931 1696 adornata.
958 1642 1222 1708 Quamvis
1246 1639 1389 1694 enim
1420 1640 1597 1695 versio
1614 1682 1627 1708 ,
1657 1654 1800 1710 quae
1827 1640 1886 1694 in
1915 1637 2198 1694 hodiernis
2225 1638 2450 1712 syriacis
2479 1637 2814 1692 editionibus
2833 1653 2924 1691 ex-

397 1737 532 1796 stat,
566 1729 842 1782 recentior
865 1729 963 1798 sit,
996 1729 1283 1801 antiquam
1312 1737 1499 1784 tamen
1523 1727 1765 1783 adfuisse
1785 1735 1840 1783 et
1869 1726 2063 1782 Ioanni
2091 1726 2354 1798 theologo
2383 1734 2438 1780 et
2465 1725 2734 1796 Apostolo
2765 1726 2924 1779 attri-

396 1815 587 1870 butam
630 1815 794 1871 l'uisse
824 1815 1123 1871 ostendunt
1149 1819 1207 1872 S.
1237 1815 1534 1888 Ephraem
1572 1814 1932 1888 allegationes
1973 1815 2130 1886 (Opp.
2169 1829 2252 1886 gr.
2283 1816 2359 1870 11.
2397 1819 2521 1869 194.
2548 1819 2675 1870 248.
2703 1817 2812 1868 252
2849 1813 2926 1868 ci'r

397 1907 621 1957 Assem.
650 1903 790 1958 Bibl.
837 1904 1033 1958 orient.
1078 1906 1123 1959 1.
1160 1910 1282 1970 141;
1317 1905 1391 1960 11.
1424 1905 1568 1974 332).

468 1990 623 2046 Idem
654 2007 951 2047 consensus
996 2000 1078 2046 est
1117 1992 1176 2046 in
1216 1991 1444 2063 antiqua
1490 2006 1794 2048 nccnnsu
1819 2004 2294 2058 Annxsnnntns,
2337 1989 2492 2045 cuius
2525 1998 2700 2046 testes
2740 1991 2926 2044 eximii

396 2087 525 2134 sunt
564 2079 827 2135 Clemens
872 2079 1047 2135 Αίεω.
1100 2079 1259 2148 (Quis
1300 2080 1469 2136 dives.
1506 2080 1646 2134 salv.
1679 2085 1777 2146 423
1809 2077 1979 2134 Pacd.
2012 2080 2092 2134 11.
2127 2084 2212 2135 10.
2251 2083 2345 2147 123
2373 2079 2578 2134 Strom.
2611 2078 2830 2146 IV.2s;
2857 2081 2924 2132 V.

396 2173 458 2236 63
490 2168 580 2221 VI.
617 2173 703 2235 18)
731 2176 786 2222 et
813 2171 1088 2240 Oriqemes
1125 2167 1205 2234 (in
1237 2171 1346 2224 IoS.
1389 2168 1542 2223 hom.
1580 2173 1706 2236 7,1;
1746 2167 1802 2223 in
1835 2168 1990 2223 Ioan.
2020 2168 2089 2221 V.
2115 2173 2178 2232 3;
2206 2167 2254 2220 1.
2295 2172 2344 2222 1.
2381 2172 2436 2222 2.
2461 2172 2515 2221 6.
2555 2173 2618 2222 14
2645 2167 2802 2236 etc.).

464 2255 655 2325 Neque
690 2255 873 2310 minor
908 2265 991 2311 est
1024 2257 1405 2314 Occmnuns
1442 2271 1762 2311 consensus.
1795 2257 1862 2310 In
1891 2270 2151 2310 romana
2179 2254 2408 2310 ccclesia
2435 2255 2491 2308 S.
2525 2255 2774 2308 Hermas
2803 2269 2924 2309 eam

393 2343 507 2398 iam
529 2341 781 2398 adhibuit
807 2344 940 2409 (Vis.
974 2345 1049 2400 11.
1080 2349 1149 2410 4;
1178 2345 1272 2400 tv.
1306 2349 1392 2412 2),
1424 2353 1622 2399 auctor
1650 2345 1893 2416 Fraqm.
1922 2347 2150 2398 Murat.
2183 2357 2306 2396 eam
2331 2342 2387 2396 in
2412 2357 2622 2396 canone
2649 2351 2922 2398 recenset·

392 2433 451 2487 S.
482 2431 834 2501 Hippolytus
864 2448 986 2487 eam
1017 2430 1309 2502 explicavit
1334 2440 1390 2486 et
1420 2431 1737 2503 frequenter
1759 2430 1861 2486 sub
1885 2430 2110 2486 nomine
2140 2428 2362 2485 Ioannis
2387 2429 2634 2500 Apostoli
2664 2430 2922 2502 allegavit

398 2517 484 2588 (de
512 2519 732 2574 christo
762 2527 818 2574 et
854 2519 1107 2575 Antichr.
1142 2525 1229 2576 35.
1264 2525 1351 2575 36.
1380 2525 1473 2574 47.
1505 2526 1595 2574 48.
1626 2526 1698 2575 50
1729 2523 1856 2584 etc).
1893 2519 1975 2573 Ex
1999 2517 2226 2573 ecclesia
2255 2519 2560 2588 qallz'cana
2594 2517 2651 2573 S.
2684 2521 2926 2573 Irenaei

390 2606 769 2663 testimonium
788 2609 903 2663 iam
932 2609 1237 2676 retulimuS,
1270 2607 1359 2663 cui
1388 2606 1601 2662 accedit
1627 2613 1742 2662 tota
1773 2606 2022 2662 ecclesia
2056 2606 2266 2660 Vienn.
2296 2610 2352 2659 et
2377 2605 2562 2676 Luqd.
2589 2605 2648 2659 in
2675 2621 2778 2661 sua
2809 2609 2922 2678 epi-

390 2694 528 2750 stola
558 2694 628 2750 ad
670 2694 865 2750 fratres
893 2696 1055 2750 Asiae
1085 2695 1289 2750 diserte
1318 2695 1468 2750 velut
1495 2696 1836 2764 scripturam
1870 2693 2115 2765 allegans
2143 2692 2516 2765 Apocalypsin
2549 2697 2717 2758 (Eus.
2753 2695 2826 2748 Η.
2861 2697 2920 2749 E.

391 2785 459 2837 V.
494 2784 565 2852 1).
605 2781 941 2856 Africanae
978 2783 1240 2839 ecclesiae
1275 2789 1443 2838 testes
1481 2781 1704 2836 demum
1746 2791 1874 2836 sunt
1921 2779 2324 2836 Tertullianus
2352 2787 2422 2848 (c.
2461 2782 2638 2836 Marc.
2671 2781 2780 2837 111.
2830 2789 2920 2843 142

393 2871 487 2927 IV.
517 2877 550 2926 5
581 2875 711 2936 etc.)
736 2879 793 2925 et
817 2873 877 2927 S.
907 2871 1248 2944 Cyprianus
1280 2870 1387 2942 (ep.
1419 2875 1509 2938 26,
1541 2875 1610 2939 43
1638 2868 1707 2924 de
1735 2871 1890 2923 Bono
1919 2877 2036 2940 pat.
2069 2873 2140 2923 24
2165 2868 2329 2938 etc.),
2360 2869 2454 2939 qui
2481 2867 2648 2924 ambo
2677 2869 2920 2924 divinam

390 2967 445 3013 et
472 2957 831 3029 apostolicam
852 2957 981 3013 libri
1000 2958 1269 3030 originem
1290 2965 1619 3024 agnoscunt.
1648 2957 1858 3024 Quibus
1881 2955 2160 3011 immerito
2183 2956 2481 3028 opponitur
2507 2959 2714 3024 Caius,
2737 2961 2916 3028 presb.

390 3061 681 3114 romanuS,
715 3047 919 3118 quippe
950 3045 1041 3117 qui
1070 3062 1183 3101 non
1213 3046 1437 3100 Ioannis
1465 3045 1836 3118 Apocalypsin
1861 3044 1959 3100 sed
1985 3042 2233 3100 Cerinthi
2263 3042 2526 3098 confictas
2555 3045 2922 3100 revelationes

390 3142 528 3190 teste
556 3134 793 3190 Eusebio
822 3133 1194 3205 repudiaverit
1226 3133 1373 3205 (Eus.
1400 3135 1475 3188 Η.
1508 3135 1571 3187 E.
1604 3135 1704 3188 ΙΙΙ.
1737 3137 1847 3199 28).

455 3223 563 3289 Qui
591 3230 675 3276 tot
703 3231 756 3276 ct
785 3230 940 3277 tanta
970 3223 1319 3278 saeculorum
1344 3227 1399 3276 2.
1433 3229 1489 3276 et
1511 3227 1564 3276 3.
1598 3221 1838 3276 incuntis
1863 3221 2180 3276 testimonia
2205 3218 2546 3286 considerat,
2575 3219 2739 3276 facile
2765 3221 2920 3276 intel-

390 3309 535 3381 ligit,
566 3325 666 3364 cur
692 3310 985 3364 Eusebius
1012 3311 1105 3382 (H.
1136 3312 1198 3364 E.
1232 3310 1331 3364 ΙΙΙ.
1361 3313 1451 3376 25)
1478 3324 1600 3364 eam
1631 3309 1774 3363 inter
1801 3325 1898 3363 sua
1927 3307 2410 3380 Homologumena
2435 3309 2708 3376 retulerit3
2741 3317 2798 3364 at
2827 3325 2918 3364 eo-

386 3397 517 3452 dem
534 3397 593 3451 in
614 3396 737 3451 loco
762 3397 1029 3452 Eusebius
1049 3415 1171 3452 eam
1193 3397 1360 3453 etiam
1378 3397 1522 3452 inter
1547 3396 1718 3452 libros
1736 3399 1966 3468 spurios
1989 3395 2116 3464 (τοὺς
2130 3397 2314 3462 νόθους)
2338 3393 2530 3450 referri
2553 3411 2714 3467 posse
2734 3405 2918 3452 monet

385 3483 457 3541 ad
495 3484 944 3539 incertitudinem
974 3485 1303 3556 respicienS,
1337 3501 1479 3556 quae
1517 3484 1574 3539 in
1602 3484 1886 3541 nonnullis
1923 3483 2167 3540 Orientis
2205 3482 2452 3539 ecclesiis
2490 3482 2624 3539 inde
2661 3499 2694 3539 a
2737 3483 2920 3540 medio

384 3589 528 3629 saec.
572 3580 625 3628 3.
664 3581 853 3627 exorta
888 3572 1096 3644 aliquot
1138 3572 1371 3628 sacculis
1400 3572 1642 3628 duravit.

462 3735 519 3792 2.
552 3767 630 3775 —-
656 3731 806 3792 Tam
852 3730 1075 3809 plenus
1107 3732 1274 3791 enim
1307 3739 1369 3792 et
1399 3733 1718 3792 unanimis
1759 3748 2102 3793 consensus
2147 3731 2296 3791 inde
2325 3748 2361 3791 a
2390 3731 2606 3792 medio
2651 3749 2819 3793 saec.
2861 3731 2920 3790 3.

385 3812 642 3906 'quidem
682 3847 807 3889 non
850 3827 1119 3906 amplius
1151 3828 1492 3901 invenitur,
1523 3830 1676 3905 quia
1709 3845 1934 3906 magna
1957 3829 2023 3888 S.
2055 3827 2542 3905 DionysiiAtex.
2577 3829 2922 3889 auctoritas

382 3926 623 3999 effecit,
656 3930 726 3986 ut
751 3923 1085 3986 nonnullae
1114 3923 1441 3994 ecclesiae,
1470 3925 1744 3984 maxime
1772 3925 1835 3983 in
1862 3925 2040 4002 Syria
2070 3929 2132 3983 et
2157 3923 2536 3990 Palaestina,
2567 3942 2710 3984 eam
2743 3944 2782 3985 a
2813 3943 2928 4003 pu·

380 4023 547 4082 blica
581 4021 853 4082 lectione
886 4022 1316 4094 excluderent;
1350 4025 1413 4080 at
1446 4021 1630 4098 longe
1669 4022 1875 4082 maior
1909 4019 2325 4082 Orientalium
2354 4037 2658 4081 numerus
2699 4027 2769 4082 et
2794 4039 2924 4082 om·

379 4136 491 4178 nes
521 4117 953 4180 Occidentales
980 4119 1305 4195 antiquam
1339 4117 1748 4177 traditionem
1781 4118 1857 4178 de
1895 4117 2244 4196 apostolica
2271 4122 2338 4177 et
2365 4117 2580 4177 divina
2615 4118 2769 4178 libri
2799 4118 2927 4178 ori·

377 4216 521 4293 gine
543 4220 1019 4286 conservarunt,
1044 4215 1323 4292 reliquae
1342 4218 1555 4274 autem
1577 4215 1880 4274 ecclesiae
1903 4214 2033 4274 fere
2055 4231 2279 4273 omnes
2298 4212 2377 4273 ad
2399 4229 2540 4272 eam
2563 4213 2922 4275 redierunt.

446 4327 694 4383 Nimium
732 4329 1058 4400 allegoricae
1095 4327 1566 4399 interpretationis
1595 4326 1840 4382 studium
1877 4327 1945 4383 ab
1979 4328 2223 4398 Origene
2251 4327 2530 4382 invectum
2557 4327 2925 4397 repudiantes

376 4415 617 4486 episcopi
636 4417 887 4471 nonnulli
913 4416 1235 4489 aegyptiaci,
1261 4415 1406 4470 inter
1430 4431 1570 4487 quos
1591 4415 1919 4486 praecipuus
1941 4423 2064 4472 erat
2087 4416 2270 4486 Nepos
2289 4414 2658 4481 Arsinoensis,
2685 4415 2750 4470 in
2769 4413 2920 4470 aliud

375 4511 683 4558 extremum
713 4503 893 4573 illapsi
921 4511 1069 4570 sunt,
1102 4511 1269 4574 atque
1294 4504 1457 4558 etiam
1487 4503 1816 4574 symbolicas
1838 4504 2244 4575 Apocalypscos
2267 4502 2666 4574 descriptiones
2687 4503 2924 4575 proprio

376 4605 543 4643 sensu
572 4590 906 4659 explicantes
946 4591 1234 4646 chiliasmo
1262 4605 1447 4647 crasso
1478 4599 1535 4648 et
1575 4591 1786 4648 carnali
1812 4593 2081 4660 originem
2119 4589 2414 4648 dederunt.
2447 4591 2626 4662 Quem
2665 4603 2920 4647 errorem
