3050 5184
169 359 244 400 ΒΕ
287 360 612 405 EVANGELH
655 361 966 407 sncummn
1008 360 1206 406 Lucan
1245 359 1466 404 Onnum
1507 359 1585 404 m·
1626 361 2043 406 Auc‘romvl'rn
2084 361 2420 405 HISTORICA.
2506 342 2623 400 485

87 505 232 550 cum
263 493 644 554 certitudine
675 510 1045 571 cognoscere
1073 493 1312 571 potuit,
1331 509 1581 552 summa
1610 493 1802 553 etiam
1828 492 1895 552 in
1923 493 2112 553 rebus
2144 492 2444 569 profani5‚
2471 505 2625 566 quas

87 587 346 666 attingit
359 636 374 662 ,
399 590 457 649 ei
478 591 782 668 competit
800 591 1140 651 auctoritas
1159 589 1458 649 historica
1471 634 1485 659 ,
1511 588 1763 648 etiamsi
1782 589 1924 667 quis
1943 589 2020 649 ab
2042 589 2183 649 eius
2212 587 2625 665 inspiratione

83 682 450 745 abstrahere
478 687 768 746 voluerit.
801 685 1125 748 Immerito
1163 685 1354 762 igitur
1394 683 1819 745 rationalistae
1858 685 2191 753 nonnulla,
2229 701 2392 762 quae
2432 683 2511 743 ab
2551 697 2625 740 eo

85 778 198 837 sed
221 797 350 839 non
382 799 418 840 a
441 783 717 859 profanis
749 782 1155 860 scriptoribus
1186 781 1417 841 diserte
1443 781 1798 854 traduntur,
1832 782 2006 841 velut
2034 781 2393 841 arbitrarias
2422 779 2625 839 fictio—

87 891 202 933 nes
229 881 342 936 aut
371 895 612 940 errores
641 878 977 939 historicos
1008 877 1324 938 reiiciunt.

155 989 278 1066 Per·
309 991 516 1046 multos
559 1006 732 1060 annos
761 994 816 1048 S.
845 975 1026 1046 Lucas
1069 989 1497 1046 familiarissime
1541 989 1678 1045 vixit
1723 1005 1853 1048 cum
1897 991 1952 1047 S.
1983 991 2191 1057 Paulo,
2224 990 2415 1060 procul
2456 987 2627 1044 dubio

83 1075 304 1130 Romae
331 1077 387 1131 S.
418 1079 644 1133 Petrum
673 1080 950 1151 cognovit,
981 1079 1036 1134 S.
1065 1076 1328 1134 Iacobum
1357 1075 1492 1132 vidit
1521 1077 1873 1150 ierosolymis
1902 1082 2053 1144 (Act.
2086 1081 2293 1146 21,18>,
2326 1077 2381 1131 S.
2412 1074 2625 1145 Philip-

84 1177 222 1231 pum
241 1161 538 1220 diaconum
563 1167 866 1222 Caesareae
893 1170 1043 1233 (Act.
1071 1171 1242 1234 21,8)‚
1263 1166 1319 1220 S.
1345 1164 1663 1220 Barnabam
1680 1165 2040 1244 Antiochiae,
2062 1164 2211 1220 forte
2238 1165 2379 1219 alios
2406 1177 2627 1235 quoque

83 1251 389 1319 Apostolos
428 1261 595 1324 atque
621 1253 800 1325 ipsam
825 1256 886 1308 Β.
919 1253 1204 1326 Virginem
1243 1252 1302 1307 in
1328 1251 1668 1319 Palaestina3
1711 1252 1779 1307 ab
1822 1252 1931 1307 illis
1963 1252 2152 1324 igitur,
2188 1272 2215 1303 α
2248 1251 2343 1324 qui
2373 1250 2441 1306 ab
2470 1249 2628 1305 initio

85 1337 190 1406 ipsi
223 1337 496 1404 viderant,
531 1361 555 1392 »
585 1341 798 1413 singula
827 1338 1156 1413 exquirendi
1184 1341 1235 1396 ei
1262 1356 1374 1394 non
1405 1337 1583 1394 del'uit
1614 1340 1849 1394 occasio,
1877 1339 2093 1408 Quanta
2124 1347 2313 1394 autem
2343 1337 2624 1409 diligentia

85 1439 222 1478 usus
249 1426 322 1480 sit
347 1427 402 1480 in
421 1427 535 1482 suis
561 1428 1038 1500 inquisitionibus,
1071 1443 1240 1500 quam
1268 1426 1508 1499 plurima
1538 1426 1630 1481 illa
1660 1425 1890 1492 docent,
1919 1426 1978 1481 in
2003 1426 2205 1498 quibus
2232 1424 2482 1481 narratio
2511 1423 2629 1479 eius

79 1511 454 1580 profanorum
479 1515 810 1586 scriptorum
839 1515 1098 1587 operibus
1121 1522 1216 1570 aut
1243 1514 1631 1584 superstitibus
1660 1515 2033 1570 monumentis
2062 1512 2440 1569 confirmatur.
2474 1513 2629 1582 Quae

83 1599 134 1653 in
175 1601 488 1672 Evangelio
526 1602 597 1657 de
631 1601 856 1658 Herode
879 1603 1122 1675 (Antipa)
1150 1601 1432 1658 tetrarcha
1463 1602 1774 1671 Galilaeae,
1801 1600 1871 1657 de
1899 1600 2157 1672 Philippo
2186 1599 2467 1656 tetrarcha
2504 1601 2627 1655 Itu-

84 1702 280 1756 raeae,
315 1687 388 1743 de
413 1693 574 1744 Anna
605 1698 663 1746 et
689 1689 927 1762 Caipha,
969 1691 1064 1762 qui
1086 1705 1136 1745 a.
1179 1695 1262 1746 15.
1296 1688 1501 1745 Tiberii
1545 1689 1877 1744 auctoritate
1917 1689 2075 1760 potiti
2117 1689 2257 1758 sint,
2302 1687 2498 1755 refert,
2530 1693 2627 1742 aut

82 1789 230 1843 quae
257 1773 318 1829 in
343 1775 570 1832 Actibus
597 1776 766 1833 habet
791 1777 863 1832 de
889 1776 1067 1832 tribus
1094 1776 1318 1848 regibus
1343 1793 1411 1832 ex
1443 1775 1653 1833 familia
1682 1775 1919 1832 Herodis
1943 1775 2186 1846 (Antipa,
2218 1776 2463 1847 Agrippa
2494 1775 2540 1829 1.
2570 1781 2627 1828 et

83 1863 206 1930 lt),
237 1861 310 1917 de
337 1861 552 1920 duobus
577 1865 1035 1936 procuratoribus
1059 1864 1306 1920 romanis
1337 1863 1517 1920 Felice
1553 1872 1609 1919 et
1635 1865 1827 1933 Festo,
1860 1862 1930 1919 de
1958 1863 2203 1920 Drusilla
2231 1863 2427 1918 Felicis
2453 1877 2625 1917 uxore

81 1959 128 2004 et
161 1949 242 2004 de
277 1951 542 2006 Berenice
578 1941 885 2008 concubina
917 1951 1194 2024 Agrippae
1237 1953 1311 2018 11,
1344 1949 1415 2007 de
1441 1951 1633 2023 Sergio
1670 1951 1845 2006 Paulo
1879 1950 2225 2023 proconsule
2262 1949 2429 2023 Cypri
2467 1958 2525 2004 et
2554 1948 2625 2005 de

79 2037 347 2093 Gallione
381 2039 708 2110 proconsule
741 2038 1012 2108 Achaiae,
1047 2038 1116 2094 de
1144 2037 1343 2094 Publio
1371 2043 1444 2110 τῷ
1471 2040 1651 2110 πρώτῳ
1673 2038 1887 2094 insulae
1924 2038 2179 2108 Melitae,
2208 2037 2277 2093 de
2304 2037 2627 2108 πολιτάρχας

83 2129 216 2182 laon
247 2125 556 2198 πολιάρχοις)
589 2125 1150 2183 thessalonicensibus
1175 2134 1308 2192 ete„
1335 2141 1400 2180 ea
1429 2126 1615 2182 omnia
1636 2123 1708 2180 ad
1736 2123 1907 2180 fidem
1931 2125 2194 2182 historiae
2224 2132 2481 2181 accurate
2502 2139 2623 2202 csse

79 2214 287 2282 relata,
321 2228 514 2269 omnes
542 2213 803 2270 fatentur.
843 2215 960 2269 Iam
990 2229 1121 2269 vero
1149 2213 1406 2284 scriptor,
1436 2213 1533 2284 qui
1563 2213 1623 2267 in
1650 2212 1935 2282 omnibus,
1968 2228 2110 2284 quae
2136 2228 2266 2268 cum
2298 2213 2421 2269 aliis
2448 2211 2621 2268 fonti-

79 2299 184 2355 bus
230 2301 544 2371 comparari
572 2310 804 2374 possunt
822 2343 836 2370 ,
868 2300 1046 2358 fidelis
1072 2301 1233 2356 testis
1271 2300 1569 2368 invenitur,
1601 2315 1717 2356 non
1752 2300 2027 2361 minorem
2070 2300 2237 2356 iidem
2274 2310 2538 2369 meretur,
2578 2301 2625 2354 si

79 2386 216 2458 quid
249 2385 442 2456 refert,
465 2388 617 2459 quod
643 2390 714 2445 ob
743 2389 980 2448 aliorum
1009 2387 1246 2444 sontium
1265 2388 1377 2444 sive
1406 2387 1687 2444 desectum
1708 2388 1821 2443 sive
1848 2387 2133 2444 silentium
2152 2389 2271 2444 aliis
2298 2387 2625 2444 testimoniis

79 2475 409 2530 confirmari
437 2491 550 2532 non
575 2485 774 2547 potest.

143 2566 226 2617 At
263 2561 374 2618 hoc
406 2573 612 2634 negant
645 2564 1026 2620 rationalistae
1063 2563 1248 2619 tribus
1285 2564 1343 2618 in
1377 2563 1630 2618 medium
1667 2563 1849 2618 allatis
1881 2561 2075 2630 rebuS,
2107 2578 2244 2634 quas
2280 2564 2490 2618 Lucam
2528 2571 2625 2618 aut

77 2651 310 2706 tinxisse
339 2659 435 2706 aut
463 2665 696 2708 erronee
726 2651 982 2708 retulisse
1005 2659 1260 2718 censent;
1296 2658 1598 2721 provocant
1624 2650 1836 2706 scilicet
1862 2650 1935 2706 ad
1967 2648 2391 2721 descriptionem
2430 2651 2622 2706 Palae-

77 2739 264 2793 stinae
306 2745 561 2808 tempore
589 2737 831 2794 Herodis
859 2741 935 2795 M.
969 2755 1070 2811 per
1103 2738 1368 2810 Cyrinum
1410 2738 1766 2808 (Quirinium)
1793 2736 1995 2794 factam
2026 2742 2179 2806 (2‚1),
2208 2737 2278 2792 ad
2306 2737 2617 2810 Lysaniam,

76 2827 168 2896 qui
213 2824 540 2880 nominatur
582 2825 866 2883 tetrarcha
906 2825 1174 2882 Abilenae
1211 2841 1263 2882 a.
1305 2833 1390 2881 15.
1419 2825 1629 2880 Tiberii
1668 2829 1821 2894 (3,1),
1862 2824 1935 2881 ad
1970 2825 2300 2880 seditionem
2335 2823 2620 2892 Theudae,

75 2929 254 2984 quam
284 2922 687 2969 commemorat
713 2914 989 2970 Gamaliel
1007 2916 1158 2981 (Act.
1190 2919 1361 2982 5,36),
1394 2921 1562 2984 atque
1590 2912 1730 2969 haec
1757 2928 1887 2967 cum
1908 2911 2270 2984 profanorum
2290 2911 2623 2982 scriptorum

79 3001 421 3057 testimoniis
447 3017 564 3056 non
599 3002 912 3058 consentire
946 3010 1193 3056 monent.
1225 3001 1333 3057 Sed
1367 2999 1510 3057 duae
1550 3001 1779 3056 ultimae
1808 2999 2143 3055 obiectiones
2170 2997 2503 3055 refutatione
2534 3000 2620 3054 vix

75 3088 353 3160 indigent.
388 3088 612 3144 Nullam
644 3089 790 3144 enim
813 3089 1089 3144 rationem
1115 3103 1254 3156 esse,
1281 3104 1379 3144 cur
1407 3104 1457 3143 a.
1495 3094 1579 3144 15.
1612 3087 1819 3142 Tiberii
1845 3087 2113 3160 Lysanias
2140 3086 2415 3142 tetrarcha
2442 3085 2626 3142 Abile-

75 3191 182 3232 nae
213 3175 392 3231 fuisse
419 3183 668 3248 negetur,
697 3176 826 3232 licet
846 3176 915 3231 ab
934 3177 1054 3232 aliis
1082 3174 1440 3246 scriptoribus
1464 3191 1579 3230 non
1598 3175 1937 3243 nominetur,
1962 3174 2127 3229 hodie
2147 3173 2389 3229 fatentur
2406 3181 2624 3229 tantum

73 3279 190 3318 non
233 3277 432 3319 omnes
467 3263 865 3319 rationalistae.
897 3263 1078 3320 Unica
1109 3279 1274 3333 porro
1317 3263 1476 3330 ratic,
1505 3279 1606 3318 cur
1642 3262 1737 3317 illa
1776 3259 2039 3316 Theudae
2077 3260 2271 3316 seditio
2308 3261 2367 3316 in
2396 3259 2627 3318 dubium

75 3359 332 3418 vocetur,
372 3350 652 3406 silentium
688 3358 772 3406 est
798 3350 882 3406 Fl.
925 3349 1166 3421 Iosephi‚
1201 3350 1294 3420 qui
1322 3351 1496 3405 multa
1527 3349 1635 3408 alia
1663 3348 1918 3422 graviora
1946 3348 2162 3403 silentio
2198 3349 2621 3419 praetermisit¹.

143 3439 282 3494 Sola
311 3438 484 3510 igitur
511 3445 762 3494 remanet
790 3436 1086 3509 descriptio
1117 3437 1328 3508 imperii
1348 3453 1446 3508 per
1465 3441 1779 3508 Augustum
1800 3435 2139 3508 praescripta
2159 3435 2291 3491 etin
2315 3437 2623 3516 Palaestina

75 3535 212 3582 ante
261 3533 505 3580 mortem
555 3524 799 3582 Herodis
844 3527 924 3581 M.
971 3539 1066 3596 per
1103 3524 1420 3594 Quirinium
1467 3524 1641 3593 sacta,
1682 3523 1751 3580 de
1791 3539 1900 3594 qua
1948 3523 2085 3579 haec
2121 3539 2295 3595 pauca
2332 3523 2627 3581 adnotasse

71 3611 310 3668 sufficit.
345 3614 438 3668 Bis
474 3628 503 3667 a
538 3613 594 3669 S.
627 3615 778 3669 Luca
813 3633 837 3664 <i
870 3613 1186 3684 descriptio
1227 3633 1252 3663 ι»
1289 3619 1762 3668 commemoratur
1796 3632 1809 3667 :
1846 3611 1905 3666 in
1936 3612 2236 3683 Evangelio
2275 3633 2299 3662 α
2332 3612 2471 3668 haec
2509 3621 2628 3668 erat

77 3701 262 3772 prima
293 3700 596 3771 descriptio
624 3698 876 3772 praeside
894 3701 1084 3774 Syriae
1112 3699 1363 3769 Quirinio
1383 3719 1412 3753 η
1436 3704 1591 3768 (2,1)‚
1620 3707 1675 3754 et
1704 3699 1760 3754 in
1788 3697 2019 3754 Actibus
2046 3719 2071 3750 (ε
2093 3708 2220 3771 post
2246 3699 2396 3754 hunc
2420 3699 2628 3755 exstitit

83 3787 261 3843 ludas
295 3787 582 3844 Galilaeus
601 3787 658 3843 in
683 3786 877 3844 diebus
905 3786 1289 3860 descriptionis
1319 3806 1345 3839 n
1377 3785 1450 3854 (ἐν
1477 3793 1586 3847 ταῖς
1614 3785 1814 3857 ἡμέραις
1840 3791 1945 3853 τῆς
1973 3787 2261 3858 ἀπογραφῆς
2292 3791 2420 3844 Act.
2454 3791 2623 3854 5,37),

83 3891 234 3947 quae
261 3877 434 3931 altera
464 3874 535 3931 ob
565 3875 737 3931 Iudae
765 3876 1000 3931 Galilaei
1025 3875 1355 3931 seditionem
1383 3882 1498 3930 tam
1525 3875 1759 3931 celebris
1784 3875 1903 3944 suit,
1932 3883 1993 3930 ut
2019 3875 2049 3941 ἡ
2072 3874 2331 3944 ἀπογραφή
2358 3889 2456 3944 per
2484 3874 2625 3929 emi-

79 3965 336 4019 nentiam
374 3964 776 4019 nominaretur.
807 3965 944 4018 Eam
973 3979 1195 4034 quoque
1238 3962 1439 4018 factam
1467 3978 1586 4019 esse
1614 3961 1871 4033 Quirinio
1898 3962 2151 4036 praeside
2178 3961 2367 4033 Syriae
2396 3961 2539 4016 cirea
2570 3977 2625 4018 a.

143 4130 218 4193 ξι)
253 4131 325 4180 ft.
351 4129 608 4191 Iosephus
637 4129 864 4192 (Antiqu.
895 4131 996 4178 xx.
1027 4129 1129 4192 5,1)
1157 4142 1361 4194 quoque
1385 4128 1690 4180 seditionem
1717 4128 1957 4178 Theudae
1980 4127 2243 4178 cuiusdam
2272 4129 2471 4190 narrat,
2494 4140 2629 4190 quae

79 4209 226 4258 iacta
245 4211 326 4256 est
349 4207 488 4258 Pado
518 4207 758 4258 Iudaeam
786 4211 1091 4272 procurante
1117 4209 1152 4258 i.
1184 4221 1228 4258 e.
1257 4212 1382 4272 post
1406 4221 1454 4258 a.
1489 4212 1568 4258 44.
1600 4220 1648 4270 p.
1682 4207 1824 4266 Gbr.;
1854 4207 1942 4256 sed
1972 4206 2035 4256 ab
2064 4205 2153 4256 illa
2180 4219 2393 4270 prorsus
2424 4205 2629 4256 diversa

77 4292 160 4336 ost
192 4285 380 4337 seditio
407 4301 438 4336 a
462 4286 736 4338 Gamaliele
763 4291 1178 4345 commemorata,
1210 4287 1398 4352 quippe
1418 4300 1573 4350 quam
1602 4285 1727 4336 dicit
1754 4284 1909 4335 fuisse
1932 4289 2051 4335 ante
2074 4287 2227 4336 Iudae
2254 4283 2465 4336 Galilaei
2489 4283 2622 4334 sedi·

79 4369 292 4416 tionem
325 4366 357 4414 i.
385 4379 428 4414 e.
460 4370 588 4418 ante
615 4380 663 4416 a.
703 4370 747 4416 6.
780 4380 828 4430 p.
861 4367 1004 4428 Chr.;
1031 4368 1192 4416 Lucas
1224 4369 1418 4423 autem,
1455 4365 1655 4416 etiamsi
1684 4365 1963 4414 orationem
1994 4362 2284 4413 Gamalielis
2323 4363 2623 4413 confinxisse

77 4453 286 4494 temere
323 4442 585 4503 diceretur,
617 4458 716 4494 non
746 4446 914 4509 potuit
945 4445 1228 4504 hominem,
1261 4445 1350 4510 qui
1383 4445 1494 4496 eius
1532 4448 1757 4507 tempore
1799 4441 2103 4492 seditionem
2140 4442 2329 4502 movit,
2362 4443 2460 4491 iam
2493 4456 2620 4506 qua-

75 4523 332 4586 draginta
353 4525 494 4574 annis
527 4527 676 4574 antea
713 4525 932 4573 occisum
965 4524 1148 4574 dicere.
1181 4523 1590 4588 Quemplurimae
1627 4527 1796 4572 autem
1826 4521 2035 4572 fuerunt
2076 4522 2380 4573 Iudaeorum
2410 4522 2619 4573 seditio-

75 4617 198 4660 ,ὣς
229 4599 364 4650 nibil
391 4615 504 4667 ergo
531 4603 750 4665 mirum,
779 4603 918 4667 quod
947 4605 1185 4666 Iosephus
1215 4617 1366 4653 unam
1394 4602 1673 4653 alteramve
1702 4601 1949 4652 omiserit.
