3050 5184
577 334 800 379 sussen
839 334 1240 379 ‘resmmmtm
1281 334 1358 378 ne
1398 334 1634 379 canona
1676 333 1822 378 novl
1867 332 2035 379 rnsr.
2512 316 2587 375 43

135 471 205 519 ti
223 464 444 531 loannis,
474 464 648 523 iudae
679 465 938 539 epistolas
967 466 1138 523 latine
1177 466 1340 523 nobis
1368 475 1498 523 sunt
1534 474 1910 525 conservatae.
1952 468 2019 521 In
2045 463 2273 536 reliquis
2300 462 2419 519 eins
2454 478 2588 533 ope-

129 552 230 607 ribus
255 554 626 624 superstitibus
659 570 854 610 omnes
887 554 1222 626 apostolicos
1258 554 1432 611 libros
1468 562 1689 625 praeter
1724 558 1757 609 2
1793 552 1943 609 Petri
1982 560 2044 609 et
2066 554 2129 608 Ι2.
2166 558 2198 608 3
2226 552 2449 608 loannis
2478 552 2590 607 fre-

129 649 298 709 quenter
310 641 530 698 adhibet
551 651 715 715 atque
737 642 983 699 minores
1009 643 1234 699 Ioannis
1253 642 1511 713 epistolas
1534 657 1595 698 se
1611 642 1897 715 agnovisse
1918 638 2235 697 manifestat
2258 638 2331 696 de
2346 637 2589 695 eiusdem

131 750 146 773 ε
165 728 324 783 maiore
347 751 373 781 ι
414 729 652 802 loquens
680 732 904 799 (strom.
932 732 1007 787 ll.
1043 732 1150 801 15).
1183 733 1443 786 Attamen
1468 746 1569 801 pro
1594 728 1921 787 auctoritate
1948 729 2113 785 etiam
2142 728 2345 799 allegat
2374 730 2588 799 Apoca-

129 816 246 886 ἱερεῖα
265 818 419 887 Petri,
441 818 921 875 praedicationem
941 818 1108 887 Petri,
1131 818 1506 875 Traditionem
1527 816 1814 885 Matthiae,
1837 814 2120 873 Barnabae
2144 832 2234 889 cp.
2257 824 2313 871 et
2331 816 2589 871 Clemen-

127 906 168 956 tis
185 906 314 959 Rom.
345 912 368 961 1
401 906 532 961 Cor.
573 907 657 962 uti
685 908 926 963 Hermae
964 909 1278 975 Pastorem,
1325 914 1382 963 et
1412 907 1543 963 licet
1582 922 1687 962 nec
1720 904 2035 976 scripturae
2070 920 2277 961 nomen
2316 902 2429 959 illis
2458 918 2585 959 um-

129 1006 236 1059 qiam
253 991 454 1049 dederit
483 1011 592 1050 nec
625 993 892 1051 formulas
929 994 984 1051 in
1013 994 1422 1067 Scripturarum
1459 994 1791 1066 allegatione
1816 992 2113 1051 sollemnes
2138 992 2197 1047 in
2222 990 2334 1047 illis
2358 990 2590 1047 citandis

130 1078 381 1155 adhibuerit,
409 1082 690 1139 incertum
717 1090 908 1139 tamen
934 1083 1114 1157 magis
1134 1082 1386 1139 minusve
1417 1092 1519 1149 est,
1551 1097 1690 1138 num
1726 1082 1853 1137 illos
1880 1096 1981 1153 pro
2006 1079 2285 1151 inspiratis
2313 1078 2612 1135 babuerit.·

130 1168 276 1222 uuum
297 1178 484 1225 autem
521 1180 636 1239 ost,
675 1169 946 1240 discipulo
977 1170 1095 1227 eius
1127 1170 1370 1244 On’qeni
1395 1178 1626 1227 cunctos
1652 1178 1871 1225 nostros
1900 1166 2150 1225 hodierni
2186 1168 2415 1223 canonis
2448 1167 2589 1223 Novi

137 1254 218 1307 iet.
244 1255 400 1313 libros
433 1274 629 1315 sacros
655 1267 712 1315 et
737 1259 1034 1317 oenonicos
1060 1258 1226 1315 fuisse
1253 1274 1434 1331 neque
1477 1257 1653 1313 ullum
1694 1254 2067 1329 apocryphum
2096 1255 2166 1313 ab
2194 1271 2261 1311 eo
2288 1270 2389 1326 pro
2432 1270 2588 1310 sacro

145 1342 474 1411 sellatum,
504 1347 585 1401 ita
615 1354 676 1401 ut
702 1347 914 1417 primus
934 1347 1024 1417 sit,
1057 1346 1151 1419 qni
1177 1347 1514 1417 completum
1544 1354 1599 1401 et
1626 1344 1944 1403 absolutum
1972 1342 2239 1400 librorum
2254 1343 2587 1413 apostolico-

150 1443 208 1481 πε
233 1434 538 1505 catalogum
575 1434 848 1491 statuerit.
899 1434 1183 1491 Immerito
1221 1434 1416 1507 aliqui,
1461 1442 1524 1489 ut
1559 1434 1785 1506 origeni
1820 1431 1967 1489 hanc
2002 1431 2235 1505 gloriam
2259 1439 2481 1503 negent,
2513 1429 2586 1486 ad

143 1516 230 1571 reia
259 1521 532 1591 quaedam
560 1531 896 1593 provocant,
937 1522 1136 1595 quibus
1171 1522 1242 1579 de
1278 1528 1314 1577 2
1340 1522 1488 1579 Petri
1523 1530 1581 1577 et
1610 1526 1663 1577 2.
1706 1527 1737 1577 3
1774 1518 1995 1577 loannis
2024 1519 2271 1591 epistolis
2309 1518 2588 1575 dubitasse

137 1610 232 1674 aque
259 1608 435 1665 iacobi
467 1618 528 1665 et
561 1609 735 1667 Iudae
761 1609 980 1667 libellos
1005 1611 1286 1683 ignorasse
1313 1610 1729 1665 demonstretur
1755 1609 1845 1677 (ln
1872 1610 2027 1664 Ioan.
2060 1617 2202 1663 tom..
2230 1613 2285 1663 5.
2323 1607 2471 1663 Prol.
2505 1606 2588 1662 ci'r

133 1690 204 1746 [εις.
233 1695 291 1749 Η.
330 1698 392 1752 Ε.
433 1699 534 1755 vl.
588 1703 710 1768 2⁵3³
748 1698 852 1755 isto
895 1700 1042 1755 enim
1078 1699 1134 1753 in
1169 1698 1292 1753 loco
1331 1697 1669 1771 completum
1711 1696 1983 1753 librorum
2016 1696 2328 1768 catalogum
2364 1693 2587 1751 tradere

131 1780 254 1837 caluit.
289 1785 460 1843 elaris
497 1795 688 1843 autem
721 1794 778 1841 et
807 1784 1024 1843 disertis
1051 1786 1230 1842 verbis
1267 1784 1398 1843 alibi
1441 1791 1565 1841 octo
1601 1784 1746 1841 Novi
1770 1786 1921 1841 Test.
1966 1783 2261 1855 scriptores
2301 1792 2587 1839 enumerat

130 1866 172 1921 tin
191 1868 296 1926 Gen.
323 1872 472 1928 bom.
513 1878 658 1943 13,2)
689 1882 746 1930 et
765 1874 1042 1947 integrum
1077 1874 1330 1931 omnium
1362 1872 1635 1929 librorum
1663 1887 1959 1928 numerum
1994 1870 2311 1944 singulatim
2338 1878 2587 1949 recenset

139 1954 174 2006 ‘m
201 1959 286 2013 les.
329 1960 478 2017 bom.
521 1969 580 2029 7,
616 1962 663 2031 1)
694 1962 906 2019 nullam
941 1962 1088 2019 inter
1124 1978 1221 2018 eos
1257 1959 1603 2018 certitudinis
1648 1968 1746 2017 aut
1790 1958 2131 2016 auctoritatis
2176 1957 2587 2015 distinctionem

127 2055 374 2117 ³3⁰⁰scens3
413 2052 552 2121 quin
590 2050 761 2107 etiam
801 2050 974 2107 libros
1007 2050 1158 2119 illos,
1198 2065 1338 2123 quos
1367 2064 1496 2105 eum
1524 2064 1627 2119 pro
1656 2048 1823 2105 certis
1844 2047 2131 2104 admisisse
2158 2047 2323 2119 aliqui
2350 2054 2583 2118 negant.

127 2128 220 2185 haud
241 2136 392 2191 semel
419 2139 574 2195 velut
617 2158 644 2189 α
681 2137 1022 2209 Scripturam
1055 2158 1079 2191 »
1123 2138 1344 2210 allegat.
1377 2140 1569 2209 Neque
1595 2136 1760 2193 obiici
1788 2144 1995 2207 potest,
2031 2151 2157 2191 eum
2194 2136 2363 2191 etiam
2389 2136 2585 2189 Pasto-

128 2232 200 2272 rem
219 2232 262 2275 et
283 2225 562 2283 Barnabae
589 2210 884 2297 epistolam
898 2226 1097 2283 canoni
1123 2225 1430 2292 addidisse,
1458 2240 1589 2281 nam
1611 2225 1713 2281 etsi
1733 2225 2021 2280 Pastorem
2046 2244 2071 2275 σ
2096 2222 2255 2279 valde
2272 2224 2463 2279 utilem
2481 2222 2583 2277 sibi

127 2304 238 2362 rideri
263 2331 286 2359 ι
317 2311 490 2383 dicat,
524 2314 606 2370 ita
644 2323 706 2369 ut
739 2315 867 2387 ipse
889 2331 1017 2371 eum
1052 2334 1078 2365 α
1107 2314 1434 2385 inspiratum
1451 2318 1617 2386 putet
1645 2334 1671 2365 n
1707 2313 1785 2377 (in
1814 2315 1980 2369 Rom.
2015 2314 2195 2381 16,14)
2222 2320 2279 2367 et
2302 2310 2586 2367 Barnabae

127 2392 336 2459 ramolam
374 2422 398 2452 a
443 2400 782 2459 catholicam
821 2424 846 2455 a
891 2410 1046 2459 vocet
1082 2407 1154 2470 (c.
1193 2402 1336 2458 Cels.
1379 2404 1447 2471 1„
1468 2406 1587 2470 68),
1616 2400 1823 2472 ubique
1852 2408 2057 2467 tamen,
2090 2398 2185 2455 ubi
2222 2414 2317 2455 eos
2352 2398 2582 2471 allegat,

126 2478 386 2553 dllegationlt
411 2488 657 2547 formula
689 2490 772 2547 vel
801 2488 1142 2547 dubitatione
1171 2489 1358 2546 addita
1387 2504 1482 2546 eos
1511 2505 1545 2545 a
1572 2488 1848 2545 canonicis
1876 2496 2113 2560 separat.

400 2700 671 2758 Quantulo
703 2703 749 2749 8.
777 2728 840 2736 —
863 2700 1064 2749 Eusebii
1091 2700 1229 2750 Caes.
1256 2702 1318 2749 de
1346 2702 1478 2749 Novi
1502 2700 1637 2749 Test.
1670 2713 1854 2748 canone
1880 2698 2229 2747 testimonium.

177 2889 216 2942 '1'-
239 2920 306 2935 —
333 2894 743 2974 Reliquorum
775 2913 933 2957 saec.
971 2898 1045 2975 3·.
1065 2896 1320 2957 Petrum
1357 2894 1723 2957 testimonia
1759 2892 2056 2972 colligere
2100 2910 2259 2971 opus
2291 2909 2419 2951 non
2453 2896 2579 2961 est,

131 2996 262 3054 quum
283 2990 577 3054 Eusebius
598 2994 771 3055 Caes.
797 2996 1088 3054 accurate
1115 3008 1334 3053 eorum
1360 2992 1706 3053 sententias
1732 2990 2101 3069 complexus
2122 2988 2459 3067 diligenter
2480 3005 2578 3047 ex-

129 3088 278 3155 lfflssat,
299 3088 440 3163 quid
459 3090 528 3150 in
547 3090 746 3151 altera
765 3106 924 3151 saec.
949 3091 1012 3151 3.
1034 3093 1212 3167 parte
1236 3089 1537 3151 ecclesiae
1568 3088 1646 3149 de
1676 3087 1917 3148 ambitu
1946 3086 2206 3147 canonis
2232 3085 2385 3145 Novi
2408 3086 2576 3145 Test.

131 3182 380 3244 senserint.
410 3187 500 3247 Ex
528 3186 670 3248 eius
697 3189 910 3247 autem
934 3186 1142 3247 verbis
1171 3185 1404 3260 elucet,
1437 3186 1753 3265 plerosque
1779 3183 2069 3245 hodierni
2102 3182 2357 3243 canonis
2386 3182 2581 3243 libros

131 3269 179 3327 ib
199 3278 426 3341 omnibus
449 3283 740 3345 ecclesiis
754 3330 770 3357 ‚
784 3300 1014 3363 paucos
1036 3284 1300 3363 reliquos
1332 3280 1500 3362 (epp.
1530 3282 1647 3342 lac.
1668 3326 1683 3353 ‚
1706 3280 1923 3355 Iudae,
1948 3284 1985 3340 2
2012 3280 2205 3353 Petr.‚
2228 3282 2289 3340 2.
2322 3282 2359 3340 3
2380 3278 2579 3358 Ioan.)

133 3382 155 3419 ⁸
174 3371 404 3443 lemt's
431 3396 573 3441 esse
603 3384 892 3458 receptos
910 3426 926 3453 ,
959 3380 1115 3440 alios
1146 3382 1358 3440 autem
1385 3379 1583 3440 libros
1611 3378 1842 3456 partim
1872 3381 1944 3438 ut
1981 3377 2227 3456 spurios
2258 3376 2488 3454 partim
2512 3378 2583 3436 ut

135 3458 402 3534 haereticos
424 3494 564 3537 esse
585 3478 876 3538 reiectos.

144 3678 156 3687 ⁴
184 3599 566 3673 ²Opportunum
592 3608 827 3677 videtur,
857 3607 1036 3681 inquit
1055 3606 1352 3665 Eusebius
1379 3608 1473 3679 (H.
1509 3610 1574 3663 E.
1607 3608 1711 3662 111.
1752 3612 1862 3676 25),
1895 3606 2003 3662 hoc
2034 3606 2157 3663 loco
2196 3604 2365 3661 libros
2403 3606 2471 3661 N.
2513 3606 2576 3659 T.

138 3686 182 3736 *3¹¹¹
199 3684 406 3765 Ecclesia)
436 3696 684 3770 cognitos
709 3696 814 3763 (τὰς
852 3696 1144 3763 δηλοθείσας
1179 3696 1385 3768 γραφάς)
1414 3694 1733 3751 summatim
1761 3709 2065 3751 recensere.
2103 3695 2164 3764 (1.
2199 3696 2270 3764 1.)
2303 3697 2485 3765 Atque
2524 3693 2580 3748 in

141 3769 257 3831 primo
286 3780 484 3849 quidem
513 3785 636 3841 loco
658 3800 930 3856 ponamus
969 3792 1189 3856 oportet
1213 3783 1676 3855 Evanqeliorum
1704 3782 2095 3857 quadriqam,
2132 3797 2299 3854 quam
2335 3782 2583 3853 seqnitur

143 3858 318 3951 *fluum
339 3876 536 3943 Apost.
562 3872 717 3942 liber,
749 3880 875 3944 post
902 3887 1067 3944 quem
1098 3871 1477 3929 numerandae
1509 3869 1852 3927 sunt'Pauli
1879 3869 2166 3944 epistolae
2204 3868 2579 3943 (quatuorde—

145 3956 446 4025 t1m2‚qujbus
477 3977 546 4017 ex
585 3960 780 4017 ordine
814 3959 1184 4017 adnectuntur
1220 3967 1245 4015 1
1288 3960 1536 4016 loannis
1578 3967 1632 4014 et
1680 3965 1705 4015 1
1748 3961 1930 4015 Petri.
1974 3960 2137 4015 Hisce
2174 3956 2504 4029 adiungetur
2526 3960 2581 4012 ει·

141 4030 276 4095 Flam
293 4043 346 4107 (εἴ
362 4050 544 4116 φανείη)
567 4048 960 4123 Apocalypsis
990 4048 1268 4127 loannis,
1299 4046 1368 4103 de
1397 4062 1508 4120 qua
1537 4045 1671 4119 quid
1711 4047 1979 4103 sentiatur
2006 4063 2107 4102 suo
2143 4047 2266 4102 loco
2312 4045 2578 4100 dicemus.

149 4122 272 4193 ‘⁴19¹st
299 4131 354 4187 ki
383 4138 616 4209 quidem
653 4137 803 4193 libri
829 4136 1126 4193 communi
1167 4152 1440 4191 consensu
1467 4138 1604 4191 suut
1630 4138 1850 4207 recepti
1888 4133 1960 4202 (ἐν
1983 4137 2089 4197 τοῖς
2124 4134 2574 4205 ὁμολογουμένοις).

165 4204 190 4257 ¹·
209 4218 244 4266 ²·
263 4224 328 4287 α.)
354 4222 424 4277 Ex
444 4225 507 4280 iis
535 4239 689 4289 vero,
721 4225 823 4299 qui
845 4226 908 4281 in
935 4225 1330 4281 controversia
1359 4228 1696 4290 versantur,
1727 4239 1769 4277 a
1788 4221 2073 4295 plurimis
2104 4230 2303 4279 tamen
2341 4222 2581 4293 qenuz'ni

155 4288 359 4361 habentur
377 4310 484 4383 (τῶν
504 4312 972 4385 δ’ἆντιλεγομένων,
994 4312 1259 4384 γνωρὶμων
1292 4305 1428 4364 δὀὗν
1457 4312 1593 4383 ὅμως
1622 4312 1726 4373 τοῖς
1761 4310 1990 4382 πολλοῖς)
2032 4316 2161 4365 sunt
2198 4308 2457 4379 epistolae
2485 4310 2578 4364 Ια-

155 4383 294 4475 Ῥὺῑθῑ
313 4399 472 4457 Iudae
510 4410 566 4458 et
603 4407 636 4457 2
671 4401 836 4457 Petri
871 4408 928 4456 et
955 4416 1098 4473 quae
1130 4408 1399 4457 vocantur
1431 4406 1486 4455 2.
1529 4408 1584 4455 et
1614 4404 1646 4455 3
1684 4400 1954 4467 Ioannis,
1990 4397 2102 4453 sive
2135 4396 2205 4453 ab
2231 4396 2579 4468 Evangelista

157 4478 228 4525 sve
238 4476 288 4532 th
307 4484 396 4541 alio
419 4489 528 4545 viro
558 4489 897 4560 homonymo
923 4487 1036 4543 sint
1061 4488 1427 4559 conscriptae.
1463 4488 1526 4559 (1.
1560 4492 1613 4543 2.
1646 4487 1720 4554 b.)
1745 4491 1905 4543 Inter
1932 4485 2163 4559 spu-rios
2191 4482 2257 4555 (ἐν
2276 4486 2381 4546 τοῖς
2402 4485 2577 4550 νόθοις)

160 4557 372 4629 “³¹¹⁰eandi
390 4586 506 4633 sunt
533 4586 590 4635 et
611 4576 766 4633 Pauli
793 4580 1033 4633 Actuum
1057 4575 1216 4645 liber,
1243 4584 1302 4631 et
1323 4575 1418 4647 qui
1443 4582 1675 4631 vocatur
1700 4577 1918 4642 Pastor,
1949 4582 2005 4629 et
2030 4572 2388 4645 Apocalypsis
2409 4572 2579 4638 Petri,

163 4640 354 4715 Ra¹·1labae
385 4666 628 4737 epistola,
673 4664 1068 4737 Apostolorum
1113 4664 1406 4733 Doctrina,
1452 4671 1619 4735 atque
1659 4666 1715 4719 si
1755 4662 1953 4734 placet
2003 4661 2065 4732 (εἰ
2101 4661 2295 4734 φανείη)
2334 4663 2580 4718 loannis
