3050 5184
705 320 783 364 m:
824 319 1353 366 scnotAsrrconuu
1395 320 1976 365 INTERPRETATIONE.
2449 280 2457 290 ⁶
2505 306 2619 365 163

204 540 253 629 ξ
302 548 408 608 15.
454 579 545 591 —
584 544 883 607 Aureum
922 540 1287 607 modernae
1324 560 1672 629 exeyeseos
1709 540 2083 606 catholicae
2116 541 2464 608 saeculum

1085 644 1608 737 (1563.-1660.).

134 834 189 890 1.
226 864 315 874 --
346 831 503 891 Inde
531 850 567 891 a
595 832 919 910 patristica
946 835 1149 892 aetate
1177 830 1257 892 ad
1286 830 1720 909 promovenda
1749 828 1955 891 studia
1985 831 2440 909 scripturistica
2469 831 2614 891 nul-

66 928 185 986 lum
216 928 555 990 saeculum
575 929 717 1007 plus
745 927 853 988 illo
879 926 1177 1000 contulit,
1204 928 1372 1005 quod
1396 944 1432 987 a
1460 927 1640 987 finito
1663 926 1939 989 Concilio
1957 926 2325 988 Tridentino
2351 928 2611 989 effluxit.

66 1024 399 1100 Ingentem
429 1024 599 1086 enim
628 1025 1021 1103 egregiorum
1064 1024 1481 1103 interpretum
1509 1040 1848 1085 numerum
1880 1023 2209 1102 produxit,
2244 1024 2356 1101 qui
2391 1041 2617 1103 magno

67 1138 201 1179 rum
234 1121 474 1181 ardore
502 1138 621 1183 nec
656 1122 900 1182 minore
929 1137 1078 1182 cum
1107 1120 1315 1181 fructu
1347 1137 1568 1180 omnes
1598 1119 1963 1197 disciplinas
1993 1120 2477 1199 scripturisticas
2509 1137 2615 1181 ex-

66 1218 424 1278 coluerunt.

124 1338 421 1406 Quidnam
450 1339 547 1395 illo
571 1347 823 1412 tempore
850 1339 908 1395 in
935 1355 1090 1397 sacra
1118 1340 1309 1395 critica
1338 1342 1410 1395 sit
1438 1339 1787 1411 praestitum,
1819 1338 1879 1394 in
1907 1339 2162 1394 Diss.11.
2193 1338 2401 1409 passim
2426 1346 2512 1394 est
2527 1336 2615 1393 in-

66 1424 347 1495 dioetum3
376 1425 659 1483 indefesso
686 1427 1075 1501 theologorum
1102 1427 1261 1483 istius
1289 1426 1486 1483 aetatis
1508 1426 1696 1483 studio
1725 1424 2000 1498 imprimis
2028 1424 2295 1481 debemus
2321 1425 2618 1497 vulgatam

70 1522 313 1570 nostram
350 1512 707 1571 emendatam
736 1520 969 1584 (1592.)‚
997 1514 1268 1573 sixtinam
1308 1514 1613 1571 editionem
1650 1513 1922 1570 versionis
1959 1511 2350 1569 alexandrinae
2387 1518 2610 1581 (158⁷.)‚

74 1601 271 1668 primos
299 1600 528 1657 labores
559 1600 633 1657 ad
658 1602 1063 1659 restituendum
1105 1603 1277 1658 Italae
1304 1610 1522 1658 textum
1563 1605 1789 1670 (1588.)‚
1821 1599 1953 1657 bina
1993 1600 2326 1673 Polyglotta,
2354 1603 2614 1656 Antwer-

76 1690 269 1755 piensia
300 1694 711 1758 (issa-1572.)
741 1698 797 1746 et
817 1690 1150 1747 Parisiensia
1180 1690 1594 1763 (1629.·1645.),
1621 1690 1894 1761 principes
1917 1688 2190 1744 editiones
2219 1688 2614 1744 nonnullarum

76 1777 389 1833 versionum
434 1777 813 1850 antiquarum.
847 1777 935 1835 Ab
962 1778 1120 1833 istius
1147 1779 1343 1834 aetatis
1366 1776 1642 1850 theologis
1687 1777 1839 1832 velut
1879 1792 2020 1831 nova
2058 1775 2350 1847 disciplina
2384 1774 2622 1835 fundata.

76 1872 117 1915 et
144 1866 379 1921 exculta
407 1872 493 1921 est
535 1864 879 1921 Introductio
901 1866 961 1921 in
986 1881 1173 1922 sacras
1198 1865 1540 1937 ScripturaS‚
1572 1864 1644 1921 ab
1678 1864 1858 1937 iisque
1887 1880 2112 1936 quoque
2150 1863 2450 1934 conscripti
2486 1871 2615 1919 sunt

78 1950 221 2017 primi
260 1959 549 2007 tractatus
576 1952 647 2009 de
682 1952 1103 2025 antiquitatibus
1125 1954 1311 2008 sacriS.
1353 1954 1523 2009 Plura
1549 1960 1740 2009 autem
1775 1960 1830 2007 et
1854 1952 2068 2007 maiora
2090 1950 2152 2006 in
2183 1950 2302 2022 ipsa
2339 1951 2614 2024 interpre-

76 2040 269 2095 tatione
302 2040 732 2109 praestiterunt,
764 2056 943 2113 neque
976 2040 1124 2096 ullus
1154 2048 1241 2096 est
1266 2041 1483 2096 Veteris
1511 2048 1612 2095 aut
1645 2040 1786 2097 Novi
1815 2041 1968 2095 Test.
2017 2038 2184 2104 liber,
2217 2039 2312 2110 qui
2341 2054 2470 2095 vere
2505 2039 2615 2094 exi-

76 2126 181 2181 miis
224 2127 653 2183 commentariis
696 2128 793 2185 illa
835 2136 1016 2184 aetate
1057 2144 1171 2184 non
1212 2127 1287 2185 sit
1330 2128 1659 2183 illustratus
1710 2126 1870 2184 Idem
1911 2124 2308 2197 interpretibus
2353 2126 2464 2182 illis
2511 2125 2617 2183 fuit

77 2210 549 2271 hermeneuticum
582 2224 819 2287 systema
833 2258 849 2284 ,
894 2214 1053 2289 quod¹
1072 2215 1351 2287 prioribus
1376 2214 1676 2283 aetatibus;
1719 2215 1892 2287 aliqui
1928 2214 2203 2270 literalem
2229 2229 2454 2269 sensum
2483 2211 2613 2269 dili-

76 2302 277 2369 gentius
324 2301 678 2375 investigant,
736 2303 829 2359 alii
868 2304 1159 2376 allegorias
1185 2302 1577 2376 praediligunt‚
1621 2303 1716 2359 alii
1761 2310 2053 2373 utramque
2099 2302 2614 2374 interpretationem

76 2395 373 2460 temperate
396 2390 655 2447 miscent.
684 2391 1001 2448 Dolendum
1022 2401 1211 2447 tamen
1231 2400 1330 2459 est,
1357 2390 1508 2463 quod
1530 2391 1779 2463 plerique
1799 2392 1856 2447 S.
1877 2390 2250 2463 Augustinum
2268 2390 2446 2445 secuti
2473 2389 2614 2445 mul-

74 2476 311 2545 tiplicem
340 2492 571 2534 sensum
585 2478 863 2535 literalem
881 2478 1225 2536 admiserunt
1248 2477 1488 2551 ideoque
1516 2478 1698 2535 varias
1726 2477 2032 2534 eorundem
2052 2476 2348 2533 verborum
2376 2477 2615 2549 explica-

78 2564 242 2619 tiones
266 2566 424 2621 velut
449 2581 623 2638 aeque
648 2582 805 2623 veras
829 2574 1253 2639 proposuerunt.
1285 2566 1525 2623 Gravius
1553 2575 1657 2635 est,
1685 2564 1834 2637 quod
1863 2582 1898 2621 a
1921 2565 2267 2622 scholasticis
2289 2565 2616 2622 recedentes

78 2650 133 2705 ad
168 2653 641 2725 compositionem
672 2663 729 2710 et
755 2653 1083 2710 divisionem
1114 2654 1453 2727 integrorum
1496 2653 1771 2710 librorum
1810 2668 2009 2724 parum
2051 2651 2413 2722 attenderint,
2448 2653 2526 2708 ita
2554 2660 2618 2707 ut

76 2738 307 2813 singulos
334 2741 523 2812 potius
564 2750 769 2809 textus,
802 2758 973 2814 quam
999 2757 1167 2813 opera
1195 2742 1474 2812 completa
1502 2750 1561 2797 et
1586 2740 1845 2797 absoluta
1873 2756 2152 2812 exponere
2183 2740 2510 2813 plerumque
2537 2740 2614 2795 vi-

78 2824 323 2885 deantur.
369 2828 505 2885 Plus
542 2828 789 2887 trecenti
814 2830 1062 2903 theologi
1096 2838 1321 2885 centum
1365 2828 1477 2885 illis
1504 2830 1664 2885 annis
1706 2828 1818 2883 vita
1855 2836 1985 2884 sunt
2023 2828 2217 2893 functi,
2247 2828 2344 2899 qui
2386 2842 2616 2897 operam

76 2929 223 2971 suam
240 2916 301 2973 in
318 2918 717 2987 promovendis
731 2917 931 2973 studiis
950 2916 1361 2989 sci-ipturisticis
1380 2916 1814 2984 collocaverunt3
1838 2931 2046 2987 paucos
2064 2915 2352 2971 dumtaxat
2372 2930 2440 2970 ex
2460 2929 2615 2986 prae-

78 3000 395 3060 clarioribus
429 3004 843 3061 nominabimus
884 3021 984 3077 pro
1010 3004 1275 3061 varietate
1319 3020 1554 3075 operum
1581 3003 1650 3060 ab
1699 3004 1777 3059 eis
1805 3004 2242 3076 compositorum
2271 3002 2329 3058 in
2369 3002 2614 3075 quinque

81 3090 265 3147 classes
292 3108 393 3147 eos
414 3090 833 3149 distribuentes,
1462 3072 1478 3091 ‘

144 3244 198 3299 2.
232 3276 317 3285 -
346 3242 757 3313 Quaestiones
788 3242 957 3313 illem,
992 3259 1153 3319 quae
1183 3242 1265 3303 ad
1294 3240 1828 3303 introductionem
1857 3243 2077 3302 latiore
2109 3260 2293 3303 sensu
2335 3246 2613 3301 suuitam

84 3343 379 3415 spectant,
414 3342 839 3399 tractaverunt
877 3340 1093 3400 Sixtus
1132 3340 1273 3399 Sen.
1309 3339 1380 3401 Ο.
1412 3338 1638 3399 Praed.
1671 3338 1740 3419 (-1·
1768 3338 2000 3418 1569.)‚
2051 3337 2268 3401 Christ.
2314 3338 2614 3398 Adria-ho-

84 3438 219 3493 min-s
240 3435 313 3513 (ἦ-
336 3433 565 3511 1585.),
590 3436 925 3496 Flaminius
947 3434 1213 3495 Nobilius
1236 3433 1302 3514 (†
1324 3434 1551 3514 1590.),
1579 3437 1724 3496 Ben.
1751 3436 1931 3496 Arias
1949 3434 2272 3496 Montanus
2293 3435 2362 3514 (Ἰ-
2384 3433 2610 3513 1598.),

88 3532 280 3591 Petrus
310 3531 583 3591 Marinus
613 3531 681 3610 (ἦ-
704 3530 931 3611 1608.),
968 3534 1187 3593 Franc.
1215 3530 1411 3593 Lucas
1435 3532 1764 3606 Bruqensis
1795 3531 1863 3613 (†
1893 3530 2123 3613 1619.)‚
2157 3531 2318 3594 Lud.
2351 3532 2426 3591 de
2454 3530 2612 3592 Tena

92 3626 141 3703 ἢ·
168 3626 393 3707 1522),
429 3628 601 3688 loan.
644 3629 947 3703 Mor-inus,
981 3629 1203 3708 Gongr.
1247 3628 1415 3690 Orat.
1450 3627 1520 3709 (†
1551 3630 1789 3709 1659.)‚
1823 3630 2044 3690 Frane.
2080 3629 2500 3705 QuaresmiuS,
2535 3630 2607 3691 Ο.

90 3724 213 3783 uin.
246 3724 318 3803 (†
347 3722 585 3804 1660.).

144 3846 405 3903 Omnium
432 3861 634 3918 agmen
662 3846 860 3902 merito
890 3845 1045 3902 ducit
1070 3847 1275 3903 sixtus
1298 3848 1583 3916 Senensis,
1612 3848 1710 3919 qui
1746 3848 1958 3918 primus
1985 3848 2338 3921 quaestiones
2363 3848 2530 3905 hodie
2557 3848 2616 3902 in
2723 3917 2727 3921 .

94 3931 491 3990 introductione
518 3934 749 3990 tractari
786 3934 975 3990 solitas
998 3950 1029 3989 a
1053 3934 1287 4006 reliquis
1312 3934 1371 3990 in
1393 3950 1493 3990 sua
1529 3954 1554 3985 α
1593 3934 1938 3992 Bibliotheca
1964 3950 2121 3993 sacra
2149 3958 2176 3990 ι»
2214 3936 2488 4007 distinxit,
2519 3935 2620 3991 sed

94 4034 189 4076 non
216 4030 333 4077 tam
368 4021 639 4078 historice
678 4036 848 4093 quam
884 4021 1213 4079 scholastice
1250 4023 1565 4093 explicavit.
1603 4022 1945 4080 Scholastica
1979 4039 2203 4097 quoque
2242 4032 2302 4079 et
2345 4023 2481 4079 satis
2507 4022 2618 4078 dif-

96 4105 198 4164 fusa
224 4118 305 4165 est
330 4108 620 4166 Ludoviei
650 4110 727 4165 de
762 4112 931 4179 Tena,
983 4108 1307 4181 professoris
1343 4110 1768 4181 complutensis,
1804 4132 1830 4163 ι
1861 4112 2092 4185 isagoge
2121 4112 2182 4167 in
2221 4119 2398 4167 totam
2435 4109 2619 4182 Scrip-

96 4202 255 4251 turam
286 4218 335 4265 ν,
366 4197 521 4253 utilis
547 4205 737 4252 autem
766 4196 1180 4268 quaestionibus
1202 4198 1552 4270 dogmaticis,
1577 4213 1718 4270 quae
1747 4197 1820 4255 ad
1841 4198 2314 4255 introductionem
2342 4207 2612 4269 spectant,

96 4285 383 4341 ‹it-curatius
416 4284 703 4357 expositis.
734 4284 969 4341 criticae
1005 4300 1195 4341 sacrae
1231 4285 1473 4341 maxime
1502 4285 1896 4357 impenderunt
1935 4285 2120 4343 studia
2155 4302 2256 4342 sua
2291 4285 2620 4342 Flaminius

100 4370 349 4428 ‚vobc'lius
378 4380 435 4429 et
456 4376 669 4429 Petrus
697 4374 987 4443 Morinus,
1020 4372 1113 4444 qui
1138 4372 1303 4444 primi
1322 4389 1391 4428 ex
1412 4375 1646 4429 Patrum
1666 4374 2089 4446 allegationibus
2117 4375 2404 4446 antiquam
2425 4376 2621 4431 Italam

100 4459 365 4516 restituere
388 4462 576 4518 conati
596 4468 745 4517 sunt.
768 4462 853 4517 De
874 4464 1073 4516 Lucae
1089 4463 1411 4533 Bruqemis
1424 4459 1712 4518 laboribus
1733 4462 1934 4518 criticis
1952 4462 2064 4517 iam
2087 4461 2329 4519 diximus
2343 4486 2358 4533 ς
2373 4465 2622 4521 Ioannes

102 4545 333 4605 florinus
356 4558 575 4619 autem,
604 4565 751 4605 unus
772 4564 842 4605 ex
868 4548 1181 4620 praecipuis
1206 4548 1651 4622 Polyglottorum
1677 4551 1853 4606 Paris,
1881 4548 2214 4622 editoribus,
2249 4566 2417 4623 quam
2445 4552 2623 4625 pluri-

106 4646 236 4690 mum
251 4638 484 4693 contulit
502 4636 575 4694 ad
590 4637 1031 4708 superstitiosam
1043 4637 1427 4693 massorethici
1442 4644 1628 4694 textus
1641 4638 2052 4695 venerationem
2065 4638 2459 4697 destruendam
2475 4666 2489 4711 ;
2507 4642 2624 4698 eius
