3050 5184
1085 345 1161 390 na
1199 346 1543 392 rnorem-ra
1585 347 1747 390 ost-313.
2570 333 2683 392 427

185 480 373 552 partes
411 475 711 556 distingui
749 483 1045 556 possunt,
1087 479 1154 540 in
1193 497 1462 558 quarum
1498 481 1707 560 priore
1741 480 1951 541 divina
1984 481 2227 541 iustitia
2266 477 2583 559 (4‚1-9‚9)‚
2622 479 2687 538 in

185 571 360 632 altera
386 573 784 652 (9,1o-14,10)
811 575 1248 636 misericordia
1278 578 1456 654 quasi
1483 577 1763 654 primum
1793 577 2002 638 locum
2032 581 2226 636 tenet.

243 685 648 742 tamenne-:10
677 690 930 754 (1,1·3‚5)
960 687 1190 743 duobus
1221 689 1430 758 typicis
1446 688 1778 762 prophetae
1796 689 2208 744 matrimoniis
2228 690 2501 744 narratis
2520 693 2576 744 et
2593 704 2686 742 ear:-

181 769 410 842 plicatis
435 773 780 830 relationem
796 778 972 830 Deum
1002 777 1162 832 inter
1182 781 1239 831 et
1261 775 1549 850 populum
1576 777 1773 832 Israel
1796 776 2091 834 illustrat.

247 868 289 912 1.
319 859 608 916 Mulierem
635 861 768 917 olim
794 858 1144 918 fornicariam
1172 862 1374 920 ducere
1404 863 1584 920 iussus
1618 863 1745 918 filiis
1770 864 1885 920 suis
1911 863 2213 936 symbolica
2237 864 2463 920 nomina
2508 864 2691 934 impo-

403 949 516 1014 nit,
552 965 692 1016 quae
727 949 917 1020 populi
951 965 1186 1020 poenam
1223 949 1498 1017 indicant,
1531 950 1630 1007 sed
1666 951 1901 1008 salutem
1938 967 2050 1006 non
2089 951 2389 1007 excludunt
2419 951 2687 1020 (1‚2·2,1).

407 1037 713 1108 Imaginem
739 1035 1078 1092 matrimonii
1096 1037 1338 1094 retinens
1365 1041 1516 1094 Deus
1544 1046 1769 1110 peccata
1799 1039 1990 1110 populi
2017 1039 2169 1094 velut
2196 1039 2384 1094 uxoris
2411 1036 2692 1093 adulterae

407 1124 664 1192 castigat,
691 1124 790 1179 sed
813 1124 1111 1194 poenitenti
1131 1125 1591 1182 instaurationem
1620 1125 1889 1197 promittit
1919 1131 1990 1192 (2,
2007 1131 2218 1190 14-24).

243 1217 290 1266 2.
315 1212 566 1266 Alterum
595 1212 1008 1268 matrimonium
1055 1227 1182 1268 cum
1230 1213 1482 1270 adultera
1525 1217 1729 1282 (3,1-5)
1764 1213 2133 1282 captivitatem
2162 1213 2304 1268 viam
2346 1227 2467 1268 esse
2507 1211 2691 1277 docet,

407 1313 518 1370 qua
547 1299 782 1370 populus
807 1300 1164 1356 messianicae
1186 1300 1378 1356 salutis
1407 1300 1609 1372 dignus
1630 1299 1913 1356 redd-atur.

243 1387 423 1442 Paron
449 1401 609 1442 rans
635 1389 886 1457 (4,1-9,9)
915 1387 1296 1460 reprehendit
1325 1387 1549 1444 scelera
1568 1387 1779 1460 populi
1806 1403 2118 1461 eorumque
2138 1405 2365 1462 poenas
2392 1390 2658 1444 intimat.

245 1481 288 1526 1.
319 1473 534 1530 Prima
553 1475 920 1546 reprehensio
948 1481 1175 1542 (4‚¹·19)
1202 1475 1376 1530 totius
1406 1475 1595 1546 populi
1622 1474 2000 1530 omnimodam
2029 1474 2443 1546 perversitatem
2470 1475 2697 1545 eiusque

409 1576 634 1626 causaS,
661 1560 1026 1618 deiectionem
1049 1578 1080 1617 a
1109 1565 1258 1634 Lege
1286 1571 1342 1618 et
1366 1561 1771 1632 idololatriam,
1802 1577 2035 1634 carpens
2068 1561 2314 1617 subitum
2348 1562 2570 1618 Israelis
2604 1561 2695 1615 in-

409 1649 638 1704 teritum
669 1649 786 1705 iore
813 1650 1123 1706 annuntiat.

245 1741 291 1788 2.
313 1735 528 1792 Altera
553 1742 810 1804 (5‚t-6‚3)
837 1737 1042 1792 ducum
1073 1737 1334 1794 scandala
1357 1737 1745 1808 reprehendit,
1774 1753 1918 1810 quae
1944 1737 2186 1794 reddunt
2215 1751 2451 1808 poenam
2492 1735 2695 1792 ineluc-

409 1824 638 1880 tabilem
670 1827 930 1894 (5,1-14);
959 1824 1345 1896 resipientibus
1368 1834 1557 1882 tamen
1580 1826 1817 1882 salutem
1849 1825 2119 1896 promittit
2148 1825 2449 1893 (5‚15·6‚3).

245 1917 292 1964 3.
325 1913 532 1966 Tertia
559 1915 852 1980 (6,4—7‚16)
879 1913 1060 1968 Deum
1093 1911 1277 1968 omnia
1318 1910 1502 1968 media
1550 1912 1754 1968 frustra
1797 1911 2113 1968 adhibuisse
2157 1910 2400 1968 ostendit
2432 1911 2695 1980 (6,4-11);

412 2007 606 2070 aperta
635 2000 782 2056 enim
807 2007 892 2056 est
919 1999 1108 2071 populi
1133 1999 1414 2072 iniquitas,
1436 2009 1490 2056 et
1513 2001 1752 2056 salutem
1780 1999 2018 2071 quaerit,
2044 1999 2139 2055 ubi
2166 2015 2287 2055 eam
2316 1998 2561 2054 invenire
2590 2013 2699 2052 non

417 2095 601 2158 potest
624 2091 874 2158 (7,1-16).

245 2179 292 2227 4.
325 2178 572 2246 Quarto-
605 2175 860 2244 (8,1-9,9)
892 2177 1094 2246 populo
1133 2176 1301 2232 Israel
1335 2191 1569 2248 poenam
1603 2175 1897 2232 annuntiat
1935 2173 2343 2231 ineluctabilem
2376 2177 2613 2242 (SA—1⁴)
2646 2179 2703 2226 et

413 2264 794 2334 gravissimam
823 2278 923 2334 pro
955 2273 1308 2333 peccatorum
1332 2264 1599 2336 gravitate
1624 2269 1845 2330 (sm-9).

248 2353 484 2406 ALTERA
511 2365 663 2406 rans
691 2356 1022 2420 (9‚10-14,9)
1040 2367 1296 2423 poenam
1323 2354 1748 2415 comminatur,
1780 2366 1920 2422 quae
1944 2350 2030 2406 ad
2053 2350 2309 2406 salutem
2338 2351 2521 2403 ducat.

250 2442 294 2490 1.
325 2440 556 2492 Primus
589 2453 768 2493 semo
805 2438 1470 2507 (9‚1o-10‚15)beneticiis
1498 2439 1632 2493 olim
1672 2439 1880 2510 populo
1920 2438 2194 2508 praestitis
2236 2437 2543 2508 praesentia
2586 2433 2703 2489 eius

415 2533 642 2596 peccata
671 2541 954 2596 opponens
977 2528 1264 2582 iustitiam
1285 2541 1512 2596 poenae
1538 2526 1786 2581 ostendit
1812 2525 2183 2597 (9‚1o-17;—
2208 2527 2441 2591 10‚1-8)‚
2470 2520 2566 2577 sed
2592 2535 2701 2575 me-

413 2612 612 2668 liorem
641 2629 864 2684 quoque
891 2622 1097 2668 sortem
1129 2613 1462 2684 poenitentia
1491 2611 1887 2682 acquirendam
1913 2612 2185 2683 promittit
2213 2615 2501 2676 (10‚9-15>.

247 2705 296 2754 2.
317 2701 496 2756 Alter
511 2701 556 2772 (1
572 2705 772 2767 1,1-12)
791 2700 1070 2756 beneflciis
1085 2700 1283 2756 divinis
1310 2709 1533 2771 peccata
1551 2699 1739 2772 populi
1761 2715 2046 2770 opponens
2060 2700 2467 2754 necessitatem
2484 2711 2705 2766 poenae

415 2787 662 2843 ostendit
686 2789 952 2859 (lm-7),
979 2786 1076 2844 sed
1101 2791 1250 2843 Deus
1281 2787 1549 2860 populum
1575 2803 1690 2842 non
1712 2786 1953 2843 deletum
1980 2788 2049 2842 iri
2077 2784 2345 2857 promittit
2374 2787 2663 2850 (11‚8-12).

248 2880 297 2928 3.
327 2878 552 2930 Tertius
581 2880 944 2942 (12‚1-13‚1v5)
987 2875 1250 2930 Israelitis
1279 2875 1593 2947 exemplum
1627 2873 1969 2944 patriarchae
1998 2871 2165 2928 Iacob
2190 2871 2261 2926 ob
2296 2871 2487 2925 oculos
2516 2869 2701 2940 ponit,

415 2971 480 3018 ut
511 2971 850 3034 quantopere
879 2963 950 3017 ab
978 2979 1044 3018 eo
1073 2961 1361 3018 discedant
1397 2963 1601 3017 clarius
1636 2969 2029 3033 cognoscentes
2056 2976 2112 3015 se
2148 2959 2335 3030 poenis
2365 2958 2559 3030 dignos
2587 2973 2703 3012 csse

417 3047 642 3105 videant
667 3055 905 3118 (12‚1-6.
931 3055 1109 3117 7-14).
1131 3050 1328 3104 Primis
1348 3049 1753 3105 calamitatibus
1778 3065 1893 3104 non
1920 3047 2170 3104 eruditus
2196 3045 2475 3117 graviores
2500 3059 2707 3108 poenas

415 3137 656 3209 populus
677 3153 826 3192 nunc
854 3139 970 3192 luet
997 3139 1250 3207 (lim-8),
1277 3135 1374 3192 sed
1399 3140 1551 3192 Deus
1578 3151 1705 3192 eum
1730 3152 1763 3191 a
1790 3146 1972 3191 morte
2000 3133 2259 3190 liberabit
2289 3133 2579 3201 (13,9-15).

246 3230 294 3278 4.
323 3229 594 3296 Quartus
621 3225 982 3294 (13,15-14‚9)
1010 3225 1196 3295 paucis
1221 3225 1480 3295 proponit
1503 3238 1741 3294 poenam
1767 3222 2152 3278 imminentem
2173 3225 2385 3290 (13‚15;
2418 3225 2583 3288 14‚1)‚
2610 3218 2705 3274 sed

418 3311 699 3368 conversis
721 3327 982 3383 magnam
1011 3312 1283 3383 promittit
1305 3312 1544 3367 salutem
1572 3313 1819 3380 (14‚2-9).

246 3401 556 3458 Erinoous
587 3401 788 3471 (14‚10)
819 3401 1087 3472 populum
1110 3400 1181 3455 ad
1205 3399 1507 3472 prophetae
1536 3399 1701 3454 verba
1731 3398 2014 3454 attendere
2040 3397 2210 3454 iubet.

255 3553 311 3609 4.
341 3585 420 3595 —
451 3551 548 3610 Ad
571 3549 832 3611 indolem
853 3549 1230 3628 Pr0phetiae
1261 3551 1418 3610 Osee
1449 3549 1618 3625 quod
1648 3548 1899 3618 attinet,
1935 3549 2179 3626 integer
2200 3547 2384 3616 liber,
2422 3543 2709 3622 quamvis

193 3645 540 3707 universum
588 3646 721 3707 eius
765 3651 1202 3724 argumentum
1235 3647 1384 3704 satis
1417 3645 1499 3705 sit
1540 3650 1827 3722 apertum
1857 3648 2045 3720 atque
2089 3643 2420 3702 continuus
2453 3641 2709 3717 quidam

192 3743 481 3802 orationis
507 3759 872 3821 progressus
902 3761 1028 3802 non
1060 3743 1241 3820 plane
1272 3743 1494 3810 lateat,
1526 3758 1755 3818 magna
1785 3745 1993 3800 tamen
2022 3741 2265 3800 laborat
2294 3737 2675 3799 obscuritate
2694 3781 2707 3804 ‚

195 3853 339 3910 quae
363 3839 596 3916 partim
627 3856 702 3898 ex
731 3837 1073 3917 prophetae
1105 3838 1357 3898 dicendi
1379 3854 1609 3914 genere
1628 3884 1641 3909 ‚
1671 3837 1902 3914 partim
1933 3853 2009 3896 ex
2038 3836 2228 3895 modo
2249 3880 2264 3906 ‚
2298 3851 2421 3911 quo
2452 3847 2709 3906 compo-

193 3932 334 3993 situs
363 3939 460 3996 est
488 3935 770 4007 libelluS,
803 3936 1096 3994 exoritur.

261 4075 282 4104 α
307 4056 709 4112 Commaticum
737 4055 1070 4126 prophetam
1097 4071 1216 4111 esse
1245 4064 1300 4111 et
1337 4055 1491 4126 quasi
1530 4071 1627 4126 per
1656 4055 1957 4110 sententias
1992 4054 2311 4119 loquentem
2342 4069 2391 4116 n,
2426 4055 2576 4102 recte
2605 4047 2714 4101 iam

197 4144 394 4198 monuit
421 4146 479 4198 S.
513 4145 912 4214 Hieronymus;
946 4143 1250 4198 admodum
1285 4150 1474 4198 autem
1506 4144 1726 4198 conciso
1760 4151 1815 4197 et
1856 4141 2193 4198 sententioso
2232 4134 2451 4192 dicendi
2491 4149 2711 4204 genere,

199 4243 298 4298 quo
331 4231 524 4300 utitur,
565 4247 798 4286 nervosa
829 4229 1051 4300 quidem
1083 4230 1402 4302 gravisque,
1440 4230 1538 4285 sed
1564 4230 1730 4286 etiam
1754 4229 2038 4284 obscurior
2073 4226 2134 4280 fit
2163 4226 2278 4280 eius
2306 4223 2503 4278 oratic.
2534 4219 2711 4286 Adde,

200 4331 314 4371 eum
350 4316 500 4374 haud
527 4333 657 4374 raro
685 4315 951 4374 audacem
981 4333 1100 4373 esse
1134 4319 1191 4372 in
1229 4317 1568 4388 metaphoris
1596 4316 1823 4386 aliisque
1852 4314 2043 4385 figuris
2072 4326 2253 4383 neque
2283 4318 2499 4366 tantum
2540 4308 2717 4362 varias

201 4403 448 4476 imagines
493 4405 688 4460 eadem
733 4404 886 4475 quasi
931 4405 1114 4476 phrasi
1153 4405 1486 4475 coniungere
1515 4413 1613 4459 aut
1638 4403 1707 4458 ab
1731 4418 1841 4456 una
1875 4401 1947 4456 ad
1990 4401 2153 4456 aliam
2184 4397 2373 4470 rapide
2420 4395 2711 4462 transilire,

200 4489 286 4544 sed
313 4493 474 4547 etiam
499 4491 779 4548 interdum
799 4492 1035 4563 imagine
1060 4492 1294 4563 abrupta
1321 4491 1543 4562 proprio
1568 4506 1729 4546 sensu
1750 4503 2062 4544 sermonem
2088 4487 2426 4543 continuare.
2452 4487 2528 4539 At
2545 4484 2715 4538 altera

203 4575 537 4634 obscuritatis
566 4595 730 4635 causa
749 4579 806 4633 in
835 4578 1006 4634 libelli
1029 4580 1238 4650 origine
1271 4579 1373 4634 sita
1402 4595 1520 4632 esse
1551 4587 1698 4633 recte
1724 4575 1942 4632 dicitur.
1968 4577 2191 4632 Summa
2221 4574 2365 4629 enim
2396 4578 2718 4644 argumenta

204 4667 518 4722 concionum
543 4675 704 4722 antea
729 4666 1040 4723 habitarum
1064 4682 1209 4721 novo
1237 4663 1432 4721 ordine
1455 4663 1758 4732 coniunxit,
1783 4663 2047 4734 temporis
2066 4663 2137 4719 ad
2162 4659 2310 4733 quod
2331 4661 2581 4731 siugulae
2604 4673 2719 4726 per-
