3050 5184
957 303 1033 348 ns
1076 301 1355 348 Eris-rota
1402 302 1481 346 AD
1524 303 1829 348 nrassros.
2539 283 2655 346 563

122 439 415 486 0111101110
446 425 687 499 innuit;
723 411 997 504 namque
1040 429 1111 488 ut
1153 426 1918 490 Ethnicochristianorum
1963 429 2208 490 animos
2249 428 2482 506 erigat.
2526 437 2660 481 ma-

117 537 245 598 gna
274 521 582 584 beneficia
620 523 745 583 illis
782 523 847 582 in
890 523 1263 584 memoriam
1306 530 1565 586 revocat
1604 543 1719 604 per
1766 526 2080 586 Christum
2126 527 2344 599 allata,
2391 533 2662 600 quorum

118 615 362 687 ethnici
393 645 643 706 quoque
686 629 1011 689 vocatione
1056 643 1167 688 sua
1203 626 1281 686 ad
1330 625 1521 688 fidem
1559 626 1710 686 facti
1752 627 1880 686 sint
1907 625 2279 705 participes;
2317 626 2426 686 sed
2473 627 2663 687 simul

118 723 385 783 monitis
412 725 549 784 suis
570 741 681 784 eos
704 725 780 785 ab
810 724 1077 784 ethnicis
1106 723 1389 783 moribus
1418 726 1702 796 revocat,
1726 723 1955 800 quibus
1987 727 2370 783 contemtum
2401 723 2662 782 fratrum

116 835 387 880 suorum
416 821 947 881 circumcisorum
973 835 1317 898 provocare
1346 823 1708 898 potuerunt.

184 915 279 970 De
300 923 555 986 tempore
586 916 821 988 scriptae
860 916 1122 986 epistolae
1150 915 1479 985 interpretes
1517 912 1874 970 consentiunt
1893 955 1906 982 ,
1941 914 2202 986 quoniam
2225 917 2524 988 Apostolus
2541 915 2662 972 vin-

116 1003 245 1058 cula
275 1017 379 1058 sua
410 1017 573 1074 saepe
600 1009 1006 1058 commemorat
1034 1006 1165 1071 (3‚1.
1192 1007 1285 1071 133
1315 1007 1439 1072 4,1;
1462 1007 1612 1070 630)
1651 1010 1706 1058 et
1743 1017 1843 1072 per
1881 1001 2106 1058 eosdem
2134 1000 2430 1076 discipulos
2458 1004 2660 1076 Tychi-

116 1105 249 1146 cum
272 1098 329 1146 et
343 1091 667 1146 Onesimum
684 1098 934 1146 nostram
954 1090 1199 1162 aliasque
1218 1089 1481 1162 epistolas
1500 1088 1573 1144 ad
1592 1090 1711 1146 Col.
1735 1098 1791 1145 et
1807 1089 2044 1145 Philem.
2061 1090 2366 1145 transmisit
2381 1095 2524 1160 (e,21
2549 1107 2656 1165 sq.‚

118 1177 251 1233 Col.
279 1181 378 1244 4,7
405 1193 551 1250 sqq.;
582 1177 815 1234 Philem.
852 1185 918 1234 10
946 1193 1066 1250 sqq.
1099 1177 1345 1246 cfr59,4
1365 1192 1418 1247 p.
1442 1181 1589 1244 560).
1617 1175 1912 1232 Difficilius
1930 1175 2210 1244 definitur,
2239 1192 2348 1250 qua
2377 1181 2661 1236 occasione

113 1265 427 1335 Apostolus
472 1265 542 1321 ad
590 1281 713 1320 eam
755 1265 1101 1322 scribendam
1132 1265 1201 1320 sit
1248 1269 1558 1335 permotus;
1591 1265 1786 1320 Patres
1825 1264 1974 1319 enim
2011 1263 2082 1320 de
2127 1263 2220 1320 illa
2263 1264 2452 1334 silent,
2483 1283 2662 1340 neque

114 1352 357 1422 epistola
382 1351 499 1422 ipsa
522 1361 737 1410 certum
764 1353 1029 1409 indicium
1056 1351 1305 1424 praebet.
1337 1353 1418 1407 Ex
1448 1357 1574 1418 1,15
1605 1351 1828 1424 quidem
1857 1359 2116 1423 apparet,
2149 1368 2278 1408 eum
2307 1351 2376 1408 de
2401 1354 2662 1411 ecclesiae

116 1439 385 1510 ephesiae
411 1447 558 1496 statu
583 1438 860 1513 quaedam
888 1440 1201 1508 rescivisse3
1237 1439 1335 1496 sed
1364 1453 1636 1512 quosnam
1663 1438 1890 1494 nuntios
1913 1440 2207 1511 acceperit,
2239 1441 2510 1498 conticere
2532 1450 2659 1500 tan-

113 1535 239 1582 tum
270 1527 434 1596 licet,
462 1528 590 1600 quia
618 1535 1011 1601 argumentum
1044 1527 1419 1600 dogmaticum
1452 1535 1507 1582 et
1536 1526 1746 1583 morale
1775 1525 2020 1600 generali
2049 1525 2292 1598 quodam
2315 1529 2484 1585 modo
2509 1539 2659 1586 trac-

112 1624 293 1671 tatur.
340 1615 537 1672 Thesis
579 1624 795 1686 tamen,
841 1631 1011 1687 quam
1047 1614 1421 1682 demonstrat,
1465 1613 1776 1670 dissensum
1830 1613 2074 1686 aliquem
2126 1614 2662 1674 Iudaeochristianos

114 1703 271 1759 inter
312 1711 371 1759 et
396 1702 704 1776 neophytos
750 1703 1002 1760 ethnicos
1048 1702 1291 1760 adfuisse
1330 1701 1592 1758 insinuat.
1638 1702 1856 1758 Etenim
1899 1701 2476 1775 Ethnicochristianis‚
2521 1722 2660 1778 quos

112 1791 455 1864 praeprimis
480 1791 537 1846 in
574 1799 691 1847 tota
735 1789 964 1863 epistola
1004 1806 1137 1863 prae
1173 1790 1348 1847 oculis
1384 1789 1584 1858 habet,
1621 1791 1923 1861 Apostolus
1953 1789 2012 1844 in
2045 1791 2374 1848 memoriam
2413 1803 2656 1862 revocat,

113 1887 307 1936 morte
338 1877 566 1935 Domini
605 1880 873 1950 parietem
900 1877 1324 1940 intermedium.
1354 1878 1446 1949 qui
1481 1876 1732 1934 ethnicos
1759 1892 1792 1932 a
1822 1877 2044 1933 ludaeis
2071 1879 2390 1951 separabat,
2417 1897 2536 1937 esse
2557 1881 2659 1938 de-

115 1976 434 2032 structum,
463 1967 715 2024 ethnicos
750 1967 1035 2023 vocatione
1066 1981 1165 2022 sua
1193 1966 1445 2021 omnium
1472 1964 1871 2022 beneficiorum
1898 1979 1931 2019 a
1961 1965 2182 2021 Christo
2221 1967 2511 2025 allatorum
2541 1985 2658 2040 par-

116 2056 325 2128 ticipes
350 2053 491 2125 fieri,
521 2071 702 2128 neque
742 2056 893 2110 velut
936 2053 1182 2127 hospites
1228 2051 1325 2110 sed
1370 2047 1523 2109 'velut
1554 2053 1810 2109 concives
1857 2053 2196 2124 (συμπολίτας)
2239 2063 2297 2110 et
2329 2053 2661 2114 domesticos

116 2145 227 2200 Dei
258 2143 317 2199 in
356 2143 657 2200 Ecclesiam
684 2141 923 2199 admitti.
960 2142 1114 2210 Quae
1142 2149 1291 2198 certe
1318 2157 1384 2197 eo
1414 2140 1582 2214 dirigi
1610 2140 1888 2208 videntur,
1911 2149 1971 2196 ut
1995 2140 2660 2202 Ethnicochristianorum

117 2232 295 2288 animi
318 2231 615 2304 erigantur.
641 2229 819 2288 Simili
835 2229 1001 2286 modo
1031 2230 1261 2285 moralia
1284 2239 1601 2301 praecepta,
1623 2227 1823 2302 quibus
1841 2227 2038 2286 fideles
2067 2229 2136 2286 ab
2165 2231 2400 2288 ethnicis
2421 2233 2661 2290 maxime

118 2319 271 2376 vitiis
297 2328 573 2387 arcentur,
606 2318 845 2374 innuunt
870 2318 1121 2374 ethnicos
1144 2316 1455 2389 neophytos
1484 2317 1635 2387 ipsos
1657 2318 1798 2373 vitae
1817 2332 1950 2373 suae
1968 2317 2190 2374 licentia
2212 2334 2403 2376 ansam
2423 2320 2661 2388 dedisse,

116 2423 219 2465 cur
246 2423 279 2464 a
308 2404 830 2464 Iudaeochristianis
858 2405 1293 2478 despicerentur.

184 2497 395 2568 Itaque
418 2493 527 2551 hac
553 2495 669 2551 fere
690 2496 909 2552 ratione
937 2493 1096 2566 origo
1126 2493 1390 2564 epistolae
1418 2493 1742 2564 explicatur.
1769 2495 1956 2564 Quum
1983 2493 2258 2566 'tychicus
2286 2504 2342 2551 et
2370 2497 2664 2554 Onesimus

114 2584 173 2641 in
199 2600 275 2639 eo
302 2583 417 2639 iam
444 2589 657 2652 essent,
682 2590 747 2637 ut
786 2582 1041 2638 Colossas
1082 2580 1589 2654 proficiscerentur,
1628 2582 1898 2652 Apostolo
1940 2581 2090 2638 allati
2132 2591 2261 2637 sunt
2300 2581 2372 2640 de
2401 2583 2664 2641 ecclesiae

116 2672 385 2744 ephesiae
412 2678 563 2728 statu
583 2668 793 2740 nuntii,
823 2670 947 2742 qui,
982 2669 1237 2741 quamvis
1268 2670 1402 2724 satis
1424 2668 1556 2724 honi
1595 2677 1804 2737 essent,
1835 2669 2044 2724 monita
2075 2668 2348 2741 quaedam
2371 2670 2664 2744 neophytis

118 2761 281 2815 utilia
328 2759 449 2832 tore
493 2755 889 2827 ostendebant,
940 2771 1113 2828 quare
1159 2753 1341 2812 subito
1384 2765 1440 2812 et
1476 2771 1606 2812 cum
1655 2755 1895 2828 quadam
1938 2755 2291 2813 festinatione
2335 2756 2438 2814 has
2476 2759 2666 2816 literas

117 2845 384 2914 dictavit,
413 2861 551 2918 quas
576 2845 851 2918 'tychicus
892 2861 991 2917 per
1018 2842 1301 2915 Ephesum
1326 2845 1429 2900 iter
1462 2843 1714 2900 facturus
1740 2842 2002 2901 deferret.
2045 2846 2259 2902 Revera
2305 2843 2666 2902 festinationis

116 2932 415 2991 cuiusdam
462 2933 692 3008 vestigia
738 2933 797 2988 111
840 2933 1069 3004 epistola
1112 2930 1638 3003 deprehenduntur:
1679 2931 1858 3004 stylus
1903 2929 2282 3004 frequentibus
2323 2933 2666 2991 anacoluthis

115 3031 173 3078 et
200 3019 455 3095 periodis
480 3016 773 3093 implicatis
802 3020 997 3077 rudior
1016 3035 1081 3076 30
1110 3018 1405 3088 difficilior,
1439 3019 1726 3076 ohscurior
1752 3018 2178 3092 argumentandi
2211 3020 2354 3076 ratio
2368 3063 2384 3090 ,
2414 3019 2666 3078 idearum

116 3109 444 3167 distributio
486 3109 673 3166 minus
700 3117 979 3177 accurata,
1010 3107 1266 3180 repetitio
1315 3123 1536 3180 quoque
1583 3107 1928 3162 monitorum
1968 3107 2397 3175 nonnullorum,
2443 3125 2586 3180 quae
2610 3110 2668 3166 in

117 3197 364 3271 epistola
404 3195 479 3254 ad
515 3197 635 3254 Col.
674 3197 863 3268 paullo
907 3204 1067 3252 antea
1111 3195 1423 3268 conscripta
1451 3194 1843 3265 explicaverat.
1875 3197 1954 3250 Ex
1991 3195 2099 3250 1130
2128 3193 2474 3251 festinatione
2499 3197 2666 3254 etiam

116 3286 460 3359 explicatur,
492 3300 593 3341 cur
620 3285 921 3356 Apostolus
950 3282 1207 3339 omnibus
1236 3282 1600 3339 allusionibus
1628 3290 1684 3338 et
1713 3281 2136 3338 salutationibus
2168 3282 2382 3340 omissis
2403 3283 2670 3355 Ephesios

116 3374 189 3432 ad
218 3372 533 3446 Tychicum
560 3372 833 3438 remittat,
862 3387 963 3443 per
992 3387 1158 3442 quem
1187 3369 1257 3426 de
1286 3369 1449 3426 rebus
1478 3369 1592 3426 suis
1616 3370 1879 3425 certiores
1903 3369 2013 3426 sint
2040 3368 2331 3428 reddendi.

198 3526 259 3584 3.
294 3557 377 3566 -
404 3521 507 3582 111.
554 3523 882 3582 EmsroLAs
930 3535 1173 3582 n1v1sio.
1219 3523 1393 3580 Duae
1443 3524 1654 3597 partes
1699 3519 1999 3598 distingui
2049 3521 2284 3596 solent,
2333 3521 2670 3602 doymatica

118 3617 455 3698 (1,3-3,21)
498 3617 577 3679 de
620 3617 945 3678 beneficiis
979 3634 1095 3694 per
1132 3615 1446 3676 Christum
1485 3616 1722 3688 allatiS‚
1755 3620 1940 3692 atque
1985 3617 2235 3678 moralis
2277 3617 2558 3698 (4,1-6,8)
2591 3619 2667 3679 de

118 3714 447 3776 nonnullis
476 3714 701 3774 officiis
734 3712 1113 3773 christianis,
1146 3712 1309 3773 lllud
1339 3716 1550 3772 autem
1586 3713 1916 3790 proprium
1955 3712 2146 3774 hahet
2180 3713 2334 3774 haec
2369 3715 2664 3791 epistola,

119 3811 293 3890 quod
321 3811 664 3890 glatiarum
695 3809 959 3882 actioni,
994 3825 1115 3886 qua
1140 3807 1370 3868 Paulus
1402 3807 1698 3886 epistolas
1741 3826 1889 3868 suas
1929 3809 2206 3884 inchoat,
2243 3809 2668 3887 dogmaticum

118 3909 571 3988 argumentum
596 3907 850 3967 inserat.

192 4004 645 4074 inscriptionem
666 4007 801 4069 (1,1.
832 4005 884 4072 2)
910 4001 1162 4072 sequitur
1176 4016 1329 4072 pars
1356 3999 1703 4073 doqmatica
1729 4001 2014 4070 (1‚3-3‚21)
2033 4000 2136 4058 sub
2157 4001 2336 4056 forma
2365 4001 2668 4074 gratiarum

120 4092 381 4149 actionis.

194 4189 243 4236 1.
276 4176 605 4237 Generatim
634 4178 934 4250 Apostolus
980 4177 1098 4232 Deo
1142 4184 1325 4249 grates
1372 4177 1485 4247 agit
1526 4175 1598 4232 de
1637 4191 1736 4233 sua
1778 4175 2258 4249 Ephesiorumque
2303 4177 2572 4234 electione
2599 4177 2671 4236 ad

370 4265 845 4332 iustificationem,
867 4263 1212 4320 redemtione
1235 4279 1331 4335 per
1352 4265 1536 4320 lesum
1555 4265 1856 4333 Christum,
1879 4263 2185 4336 signatione
2206 4279 2305 4336 per
2325 4264 2591 4337 Spiritum
2607 4267 2664 4322 S.

402 4360 425 4410 1
458 4359 586 4409 3-14
622 4376 634 4389 ·

190 4451 245 4500 2.
277 4358 791 4516 speziatimkutem
828 4439 897 4495 de
934 4439 1301 4512 Ephesiorum
1337 4439 1810 4511 perseveratione,
1837 4437 2001 4495 simul
2038 4441 2220 4515 Deum
2255 4439 2578 4509 obsecrans,
2605 4449 2668 4496 ut

378 4545 476 4587 eos
504 4529 679 4603 gratia
725 4542 827 4584 sua
866 4527 1133 4598 illustret,
1168 4543 1275 4599 qua
1326 4527 1630 4584 vocationis
1675 4525 2053 4584 celsitudinem
2094 4527 2422 4600 virtutisque
2449 4525 2666 4584 divinae

376 4616 823 4691 magnitudinem
851 4623 1187 4689 cognoscant
1213 4615 1502 4686 (ma-19).
1533 4618 1748 4686 Quanta
1795 4631 1924 4672 vero
1965 4614 2038 4671 sit
2077 4613 2213 4673 haee
2256 4615 2458 4686 virtus,
2487 4617 2666 4672 elucet
