3050 5184
623 357 698 400 ns
735 352 989 399 vernans
1032 356 1412 403 ‘resumam
1455 356 1647 401 marus
1691 356 2077 401 APOCRYPHIS.
2168 340 2171 345 '
2543 337 2619 399 49

74 486 212 543 dum
241 487 448 547 finem
487 490 702 547 autem
741 504 926 547 suum
957 486 1022 547 in
1060 488 1219 549 duas
1249 488 1479 549 classes
1517 488 1813 549 distribui
1842 466 2137 567 possunt,
2168 492 2476 565 quatenus
2512 487 2620 545 aut

69 584 388 657 perversis
422 587 492 643 et
517 582 796 643 erroneis
835 582 1140 645 doctrinis
1178 585 1601 663 propagandis
1644 589 1820 645 erant
1849 583 2145 645 destinati
2170 589 2277 644 aut
2305 584 2443 660 piae
2484 581 2617 642 cui—

69 677 200 735 dam
229 679 357 738 sed
385 680 648 739 insanae
679 680 1070 740 curiositati·
1053 681 1360 741 inservire
1385 682 1741 743 voluerunt.

127 797 268 852 Uti
245 813 372 853 ram
400 798 674 866 diximus,
701 798 880 871 prima
908 800 1350 874 apocryphorum
1373 801 1590 857 Veteris
1610 804 1760 857 Test.
1792 802 1948 873 origo
1973 800 2205 858 debetur
2227 800 2402 873 magis
2423 799 2620 853 theur-

68 884 244 955 sisque
273 884 550 956 iudaicis,
580 886 676 959 qui
697 886 852 943 libris
875 886 975 943 sub
998 888 1224 945 nomine
1247 888 1593 961 patriarchae
1616 888 1701 943 vel
1733 887 2035 959 prophetae
2059 886 2344 943 cuiusdam
2372 886 2621 942 confictis

67 972 298 1044 anginas
336 989 477 1029 suas
513 982 666 1029 artes
693 973 1088 1032 commendare
1125 976 1450 1043 voluerunt;
1483 985 1649 1047 atque
1679 975 1995 1048 apocrypha
2024 990 2246 1047 quoque
2277 974 2452 1045 prima
2478 973 2620 1028 Novi

65 1061 192 1113 Ten.
225 1060 524 1116 debentur
561 1062 879 1131 haereticis,
911 1061 1003 1133 qui
1032 1062 1281 1119 confictis
1310 1062 1607 1135 evangeliis
1634 1071 1691 1119 et
1717 1062 1930 1119 actibus
1958 1077 2173 1119 errores
2200 1076 2331 1117 suos
2358 1076 2619 1132 spargere

75 1146 422 1203 mabanuir.
461 1146 554 1203 Ab
587 1148 696 1203 illis
723 1156 910 1204 autem
941 1151 1210 1220 perversis
1241 1150 1394 1205 libris
1423 1150 1585 1222 plane
1625 1150 1891 1205 differunt
1917 1150 2042 1218 alii,
2077 1150 2170 1221 qui
2198 1148 2469 1205 similibus
2496 1146 2618 1220 qui-

87 1232 184 1289 dm
209 1236 398 1291 titulis
445 1236 633 1290 ornati
675 1234 772 1290 sed
809 1236 880 1291 ab
909 1235 1261 1304 orthodoxiS,
1296 1237 1398 1293 etsi
1440 1252 1637 1309 parum
1666 1234 2061 1309 prudentibus,
2086 1235 2451 1307 scriptoribus
2490 1244 2619 1289 sunt

97 1320 206 1377 adai.
225 1332 292 1379 ut
319 1324 637 1388 lectorum,
671 1323 765 1394 qui
792 1330 890 1379 aut
919 1322 988 1379 de
1011 1325 1234 1396 antiqua
1263 1324 1708 1395 patriarcharum
1738 1323 1966 1381 historia
1992 1333 2087 1379 aut
2110 1323 2178 1379 de
2205 1324 2313 1379 vita
2343 1322 2619 1392 rebusque

101 1411 480 1475 &Domini
507 1418 569 1465 et
596 1410 994 1481 Apostolorum
1022 1411 1212 1483 plura,
1245 1426 1416 1484 quam
1441 1411 1498 1467 in
1527 1411 1783 1485 genuinis
1816 1410 1974 1467 libris
2002 1420 2324 1476 narrantur,
2355 1409 2493 1465 scire
2518 1407 2619 1464 de-

99 1494 396 1567 ednaham,
433 1498 696 1553 insanam
725 1498 1100 1554 curiositatem
1129 1508 1435 1571 pascerent.
1463 1501 1666 1571 Ingens
1691 1498 1825 1554 olim
1854 1498 2062 1553 exstitit
2090 1498 2378 1569 utriusque
2403 1497 2621 1569 generis

93 1582 318 1641 Ξιιῡωιιι
339 1600 658 1654 numerus,
689 1586 938 1657 plerique
966 1587 1247 1657 perierunt
1275 1594 1442 1657 atque
1467 1600 1535 1641 ex
1564 1585 1882 1655 haereticis,
1910 1586 2003 1657 qui
2027 1592 2341 1657 supersunt,
2370 1584 2621 1655 plerique

85 1684 262 1727 mes
287 1681 436 1729 sunt
462 1671 690 1729 remoti.
718 1674 784 1729 ln
817 1674 1174 1744 sequentibus
1211 1674 1572 1746 paragraphis
1601 1689 1696 1729 eos
1723 1672 2191 1741 enumerabimuS,
2226 1672 2320 1744 qui
2348 1679 2443 1727 aut
2471 1686 2502 1726 a
2524 1686 2619 1726 ca-

78 1756 270 1815 deiicis
295 1759 682 1831 scriptoribus
707 1761 990 1816 nonnullis
1017 1762 1153 1817 olim
1185 1760 1444 1817 divinitus
1475 1762 1726 1832 inspirati
1754 1760 2125 1817 credebantur
2156 1768 2253 1817 aut
2278 1766 2499 1831 propter
2526 1774 2618 1814 ar-

75 1856 383 1913 rumentum
417 1862 590 1903 suum
619 1848 786 1903 etiam
813 1846 980 1903 hodie
1004 1848 1240 1904 utilitate
1269 1863 1368 1904 sua
1394 1864 1510 1905 non
1539 1858 1749 1905 oerent.

466 2034 504 2115 ἓ
534 2038 600 2097 9.
630 2070 716 2082 -
745 2034 841 2098 De
881 2032 1126 2099 Veteris
1156 2032 1561 2099 Testamenti
1581 2032 1765 2099 libris
1792 2032 2218 2122 apocryphis.

135 2226 186 2281 ί.
219 2258 303 2267 —-
321 2224 626 2283 Primum
657 2224 865 2286 locum
899 2225 1062 2285 inter
1089 2225 1332 2287 Veteris
1357 2226 1526 2287 Test.
1552 2225 1912 2303 apocrypha
1936 2229 2153 2286 tenent
2177 2224 2326 2286 libri
2356 2223 2474 2294 illi,
2506 2224 2615 2301 qui

67 2322 120 2376 ut
159 2337 286 2380 una
321 2336 484 2380 cum
527 2322 844 2381 canonicis
882 2321 1151 2382 edantur
1185 2322 1500 2399 permittit
1530 2322 1840 2395 Ecclesia,
1870 2322 2021 2384 licet
2054 2322 2147 2383 eis
2184 2320 2472 2382 divinam
2504 2336 2614 2379 au-

67 2418 432 2477 ctoritatem
457 2420 671 2495 neget.
703 2419 910 2495 Atque
954 2416 1250 2497 Vulqaiae
1279 2417 1541 2495 quidem
1572 2421 1745 2479 extra
1774 2418 2215 2480 canonicorum
2246 2418 2479 2478 seriem
2507 2415 2615 2476 ad-

70 2510 286 2573 duntur
323 2510 482 2573 libra·
521 2514 560 2572 3
602 2518 662 2573 et
701 2516 741 2573 4
778 2514 1017 2575 Esdrae
1049 2516 1112 2574 et
1155 2514 1366 2575 Oratio
1411 2516 1717 2591 Mena-sse,
1762 2515 1926 2575 inter
1961 2532 2119 2592 quos
2156 2515 2397 2575 eminet
2426 2515 2463 2573 3
2498 2512 2616 2573 Es-

71 2608 224 2685 dme,
257 2610 392 2688 qui
421 2625 460 2668 a
487 2609 704 2670 muitis
733 2611 1022 2671 Patribus
1055 2610 1228 2671 velut
1254 2610 1586 2673 canonicus
1611 2617 1709 2671 est
1735 2610 2078 2672 adhibitus

121 2731 292 2785 Liber
335 2734 378 2784 3
415 2730 646 2787 Esdrae
680 2730 764 2785 vel
807 2729 1030 2787 Esdras
1071 2747 1320 2803 yraecm
1354 2730 1569 2805 integer
1610 2730 1727 2788 iere
1749 2730 2028 2788 canonicis
2062 2730 2525 2801 Paralipomenon
2562 2738 2619 2787 et

69 2814 298 2874 duorum
329 2816 408 2873 11.
427 2815 638 2873 Βάτεια
657 2818 906 2889 partibus
927 2826 1162 2888 constat,
1189 2826 1250 2875 ut
1267 2819 1382 2875 duo
1409 2821 1526 2876 sola
1550 2820 1729 2890 capita
1758 2823 1864 2887 (3‚1
1882 2823 2037 2887 -5,6)
2056 2818 2281 2889 propria
2306 2816 2524 2874 habeat.
2553 2820 2617 2874 ln

67 2905 342 2979 plerisque
377 2904 590 2977 graecis
617 2904 898 2963 codicibus
923 2914 1090 2979 atque
1117 2904 1176 2963 in
1203 2906 1550 2965 versionibus
1572 2906 1643 2963 ab
1672 2905 2032 2965 alexandrina
2072 2905 2333 2963 derivatis
2370 2905 2502 2961 olim
2533 2905 2617 2962 lo-

69 3008 176 3049 cum
203 2992 471 3051 obtinuit
499 3001 626 3049 ante
665 2992 808 3051 duos
841 3001 1064 3051 nostros
1099 2994 1160 3051 ll.
1191 2993 1398 3051 Esdrae
1437 2994 1496 3051 in
1534 3009 1709 3051 unum
1730 2994 2085 3061 coniunctos;
2112 2991 2262 3048 unde
2288 2992 2618 3050 concludere

69 3080 252 3153 aliquis
295 3080 514 3153 possit,
552 3082 776 3154 antiqua
815 3082 1056 3137 concilia
1093 3090 1150 3139 et
1185 3083 1404 3150 Patres,
1447 3082 1903 3154 quotiescumque
1944 3080 2015 3141 de
2052 3079 2271 3137 duobus
2306 3080 2365 3137 ll.
2410 3078 2619 3139 Esdrae

71 3166 399 3241 loquuntur,
424 3167 593 3223 etiam
619 3168 770 3225 hunc
797 3170 1022 3225 tertium
1043 3170 1244 3227 canoni
1267 3167 1693 3238 adnumerasse;
1726 3170 1863 3241 quin
1884 3170 2053 3225 etiam
2078 3169 2219 3226 haec
2244 3169 2524 3225 conclusio
2550 3184 2619 3227 ex

71 3271 126 3309 eo
159 3274 280 3313 non
323 3270 532 3327 parum
573 3256 891 3312 confirmari
926 3254 1164 3323 videtur,
1201 3254 1350 3328 quod
1390 3272 1458 3312 ex
1499 3256 1717 3313 duobus
1751 3257 1859 3314 illis
1893 3256 2165 3327 capitibus
2199 3259 2399 3313 Patres
2436 3258 2617 3329 graeci

90 3343 266 3400 Clem.
303 3341 518 3410 Alex„
546 3342 732 3417 Oriq„
755 3342 988 3412 Eia-seb„
1015 3345 1112 3402 SS.
1141 3342 1396 3411 Alban„
1423 3346 1639 3409 Basil„
1667 3344 1991 3415 chrysost.)
2012 3352 2071 3401 et
2090 3344 2248 3401 latini
2268 3346 2385 3410 (SS.
2414 3348 2615 3416 cypr„

75 3433 382 3493 ‚fabr-03„
405 3434 678 3503 Any-use„
709 3434 963 3503 Prosper
999 3434 1226 3505 Aquis.)
1257 3430 1424 3489 verba
1451 3432 1638 3504 aliqua
1676 3431 1827 3487 velut
1854 3428 2037 3487 divina
2072 3432 2477 3503 allegaverunt.·
2500 3431 2619 3489 Ad-

77 3518 384 3575 notandum
425 3526 614 3575 autem
659 3525 770 3587 est,
813 3519 895 3589 a.)
929 3518 1228 3575 Ecclesiam
1265 3518 1470 3575 librum
1510 3518 1659 3575 hunc
1702 3532 2013 3590 ntunquam
2058 3516 2306 3575 absolute
2334 3518 2615 3588 reiecisse,

81 3606 136 3657 t
109 3632 138 3673 ‚2
159 3609 346 3679 longe
370 3605 642 3662 maiorem
660 3606 778 3661 eius
797 3614 1014 3677 partem
1033 3621 1224 3663 revera
1244 3620 1365 3663 esse
1382 3605 1727 3670 canonicam,
1750 3622 1797 3662 e.
1804 3610 1825 3673 )
1852 3604 2093 3663 duorum
2122 3606 2355 3662 istorum
2376 3607 2620 3678 capitum

79 3691 386 3751 doctrinam
413 3693 640 3749 omnino
682 3708 802 3751 esse
835 3692 1184 3765 probandam
1219 3702 1388 3765 atque
1417 3694 1597 3749 solam
1627 3692 2007 3749 narrationem
2036 3692 2457 3751 difficultatibus
2489 3696 2623 3752 satis

83 3782 334 3851 gravibus
355 3779 610 3836 laborare
627 3796 808 3852 neque
834 3795 962 3837 cum
989 3779 1111 3837 aliis
1136 3779 1332 3837 huius
1315 3780 1488 3851 ipsius
1509 3779 1643 3837 libri
1661 3781 1911 3851 partibus
1934 3779 2263 3849 consentire,
2286 3782 2371 3849 d.)
2395 3780 2621 3841 demum

85 3868 190 3925 inde
219 3885 254 3924 a
285 3874 346 3924 5.
378 3868 604 3923 saeculo
633 3867 692 3923 in
718 3865 1046 3937 Occidente,
1092 3876 1259 3941 atque
1285 3874 1435 3924 a-lo.
1466 3882 1612 3924 saec.
1648 3866 1707 3923 in
1744 3867 1969 3924 Oriente
2006 3866 2210 3927 librum
2236 3869 2621 3926 auctoritatem

87 3969 176 4011 non
201 3956 456 4026 amplius
483 3954 792 4025 possedisse
823 3970 930 4011 nec
965 3954 1084 4011 eius
1109 3968 1274 4013 usum
1302 3970 1659 4011 communem
1692 3962 1751 4011 et
1782 3954 2153 4011 universalem
2176 3954 2234 4011 in
2262 3956 2487 4027 antiqua
2514 3958 2621 4011 Ec-

147 4132 323 4187 Liber
357 4137 392 4187 4
435 4130 693 4195 Ereti-ae,
725 4132 821 4203 qui
850 4130 1018 4187 bodie
1052 4132 1322 4204 vulgatae
1358 4130 1689 4187 editionibus
1721 4130 1960 4199 additur,
1991 4145 2059 4186 ex
2089 4129 2306 4188 duobus
2332 4130 2418 4187 vel
2446 4130 2623 4187 tribus

91 4220 332 4289 operibus
353 4219 634 4275 conflatus
660 4227 744 4275 est
770 4226 936 4291 atque
959 4218 1103 4274 inter
1124 4224 1254 4289 ’1,35
1279 4227 1335 4273 et
1364 4224 1433 4273 36
1465 4218 1724 4275 lacunam
1756 4218 1920 4274 habet
1938 4261 1951 4285 ‚
1984 4232 2125 4290 quae
2159 4218 2423 4297 compleri
2442 4226 2622 4288 potest

91 4320 146 4359 ex
173 4306 536 4363 orientalibus
566 4304 911 4363 versionibus
943 4305 1142 4375 (arab,
1169 4306 1342 4374 aeth.,
1371 4321 1504 4378 syr.,
1534 4310 1718 4375 arm.),
1747 4322 1889 4380 quae
1920 4306 2068 4377 ipsae
2100 4303 2317 4361 duobus
2349 4304 2539 4375 primis
2567 4314 2623 4361 et

93 4392 290 4449 duobus
305 4394 519 4451 ultimis
541 4392 810 4467 capitibus
826 4401 1034 4449 arent.
1058 4393 1376 4450 Primitivus
1393 4392 1533 4449 liber
1563 4397 1615 4460 (ιι
1641 4392 1797 4449 Esdr.
1836 4398 2144 4463 3,1-1a,17)
2170 4400 2380 4463 septem
2408 4400 2623 4449 constat

95 4482 368 4537 visionibus
399 4480 470 4537 de
495 4480 734 4537 instante
759 4480 964 4537 iudicio
991 4480 1184 4536 mundi
1213 4480 1561 4553 scriptusque
1590 4480 1807 4537 videtur
1835 4498 1864 4536 a
1897 4480 2101 4537 Iudaeo
2126 4488 2359 4535 exeunte
2388 4494 2531 4536 saec.
2568 4486 2617 4536 1.

97 4582 142 4634 ρ.
165 4568 314 4638 Chr„
346 4568 446 4625 sed
473 4576 806 4627 retractatus
843 4584 875 4625 a
908 4568 1222 4625 Christiano
1252 4566 1394 4625 sorte
1429 4583 1572 4625 saec.
1615 4573 1691 4638 3.;
1731 4568 1953 4641 quando
1992 4566 2103 4623 duo
2133 4568 2311 4639 prima
2339 4575 2395 4623 et
2424 4567 2619 4625 ultima

97 4658 284 4727 capita,
316 4672 460 4731 quae
498 4660 666 4715 etiam
695 4657 1009 4715 Christiano
1046 4656 1346 4725 debentur,
1388 4657 1499 4713 sint
1531 4665 1783 4726 exarata,
1817 4656 2091 4713 incertum
2116 4664 2216 4714 est.
2250 4656 2493 4728 PrimuS,
2526 4655 2620 4729 qui

853 4752 1107 4804 Οοιιιιιιιπ
1139 4752 1418 4803 courum».
1449 4752 1674 4819 Iit-raon.
1706 4778 1767 4789 —
1797 4756 1843 4802 4.
