3050 5184
507 340 583 383 AB
617 339 772 384 ORTO
797 321 1344 385 'PROTESTANTISMO
1383 317 1572 390 Usum-3
1616 338 1696 382 An
1738 338 2173 383 RATIONALlsm
2218 338 2521 409 ominum.
2670 322 2782 382 ΤΠ

262 460 394 543 agit,
410 486 570 545 quam
598 480 918 545 uegetam,
947 487 1124 544 aeque
1149 480 1318 544 atque
1345 470 1483 527 Alb.
1517 471 1819 527 §ebuliens
1836 474 1900 541 (1-
1925 476 2127 539 1750.)‚
2154 472 2250 543 qui
2279 472 2533 529 arabicae
2562 470 2787 543 linguae

263 559 597 629 peritissimus
618 558 1049 632 significationes
1069 574 1268 617 vocum
1295 558 1685 615 hebraicarum
1710 559 1868 615 novis
1885 557 2141 615 indicatis
2168 560 2525 634 etymologiis
2555 558 2787 615 arabicis

263 647 518 702 interdum
553 662 671 709 non
709 646 1004 708 infeliciter
1031 647 1344 719 explicavit.
1377 646 1717 718 Praecipuos
1753 648 2181 703 commentarios
2222 647 2430 705 saeculi
2475 653 2562 703 17.
2608 646 2783 703 colle-

262 742 440 803 gerunt
480 734 731 806 theologi
774 735 943 807 aliqui
971 735 1246 807 anglicani
1290 738 1480 803 (Ιοαπ.
1511 740 1568 791 et
1594 734 1754 789 Rich.
1787 739 2082 791 Pearsons
2113 738 2241 802 etc.)
2270 736 2329 791 in
2356 750 2561 807 magno
2588 749 2773 803 opere.

262 820 391 891 quod
427 820 748 879 inscribitur
777 823 994 899 critici
1029 824 1186 878 sacri
1208 820 1470 891 (Londini
1496 826 1677 891 1660.;
1708 822 1968 879 meliores
2006 821 2277 877 editiones
2307 832 2501 879 auctae
2525 820 2781 877 Francos.

265 908 398 965 1696.
427 918 482 965 et
509 904 820 966 Amstelod.
853 914 1055 980 1698.)‚
1087 908 1288 983 quibus
1318 908 1655 965 addiderunt
1680 908 1895 982 aliquos
1924 917 2181 965 auctores
2206 908 2528 966 catholicos
2560 910 2643 965 Ex
2674 924 2784 981 quo

262 1009 406 1066 opere
429 992 732 1069 multisque
770 997 890 1053 aliis
929 998 1342 1054 commentariis
1367 998 1585 1055 Mami.
1612 998 1787 1053 Polus
1816 999 1879 1067 (†
1910 1002 2091 1065 1679.)
2121 998 2395 1069 excerpsit
2432 1011 2590 1053 suam
2620 1016 2646 1047 «ι
2678 996 2784 1065 Sy-

259 1086 450 1157 nopsz'n
477 1087 832 1142 criticorum
861 1105 888 1137 n
919 1084 1180 1153 (Londini
1211 1090 1394 1153 1669.;
1425 1085 1633 1157 optima
1662 1083 1831 1142 editio
1860 1084 2117 1141 Francos.
2152 1090 2357 1152 1709.).

319 1174 415 1229 Sua
439 1189 552 1229 non
580 1182 776 1229 carent
800 1173 1045 1229 utilitate
1077 1190 1246 1247 opera
1273 1172 1545 1229 nonnulla
1574 1174 1967 1245 protestantica
2003 1172 2074 1229 de
2108 1172 2525 1245 antiquitatibus
2550 1172 2781 1229 biblicis.

259 1261 328 1314 Ex
351 1260 654 1317 Thalmude
684 1260 1154 1333 rabbinorumque
1197 1260 1350 1317 libris
1391 1277 1456 1317 ea
1475 1304 1490 1332 ,
1523 1277 1667 1334 quae
1705 1262 1863 1318 Novo
1890 1264 2040 1317 Test.
2070 1260 2431 1335 intelligendo
2458 1260 2780 1327 inserviunt,

259 1346 583 1415 collegerunt
620 1350 668 1405 Ι.
701 1346 1002 1423 Liqhtfoot
1040 1350 1103 1421 (1-
1149 1348 1328 1413 1675.)
1377 1358 1433 1404 et
1480 1350 1620 1405 Chr.
1671 1348 2009 1422 Schoettqen
2033 1350 2096 1419 Η-
2122 1353 2303 1415 1751.)
2330 1349 2389 1405 in
2418 1350 2533 1405 suis
2560 1368 2585 1398 α
2615 1348 2785 1403 Horis

261 1432 512 1492 hebraicis
538 1445 596 1491 et
630 1434 989 1492 thalmudicis
1025 1457 1072 1489 n.
1101 1436 1516 1509 Geographiam
1553 1452 1765 1493 sacram
1812 1436 2051 1493 excoluit
2086 1438 2157 1491 A.
2204 1435 2433 1491 Reland
2477 1437 2540 1506 (†
2579 1439 2781 1501 1⁷18.>.

261 1522 532 1579 historiam
559 1524 874 1580 naturalem
910 1524 968 1579 S.
995 1523 1257 1580 Bochart
1296 1526 1358 1595 (†
1404 1528 1606 1594 1667.),
1638 1524 1823 1581 civiles
1868 1532 1924 1580 et
1963 1523 2251 1596 religiosas
2274 1522 2609 1580 Iudaeorum
2640 1522 2782 1577 anti-

262 1609 486 1680 quitates
511 1615 766 1668 Ioannes
791 1610 1066 1685 Buoetorf
1089 1618 1355 1685 uterque,
1383 1620 1542 1683 pater
1574 1613 1636 1682 (†
1675 1617 1855 1679 1629.)
1883 1620 1939 1668 et
1966 1610 2113 1668 filius
2148 1613 2211 1683 (†
2242 1615 2444 1679 1664),
2485 1611 2580 1683 qui
2615 1610 2781 1665 etiam

257 1698 432 1754 Bibliis
466 1698 792 1773 rabbinicis,
822 1697 1240 1756 Concordantiis
1268 1698 1569 1770 hebraiciS‚
1601 1700 1793 1756 lexicis
1821 1698 1981 1757 hebr.
2012 1699 2199 1757 chald.
2231 1696 2507 1757 thalmud.
2534 1697 2783 1753 studium

253 1792 419 1841 textus
445 1786 693 1843 hebraici
721 1796 1147 1860 promoverunt,
1175 1786 1365 1845 Thom.
1389 1787 1684 1845 Goodwin
1708 1790 1771 1858 (†
1800 1792 2003 1857 1665.),
2024 1790 2185 1844 Ioan.
2217 1786 2467 1861 Spencer
2484 1787 2547 1856 (†
2577 1776 2805 1850 1695.>.’

251 1874 430 1947 Neque
451 1873 794 1931 omittendus
811 1884 896 1932 est
914 1874 1267 1932 Lutheranus
1287 1877 1337 1932 Ι.
1363 1878 1434 1933 G.
1465 1878 1739 1949 Car-psov
1759 1878 1821 1946 (†
1848 1879 2049 1945 1767.)‚
2077 1876 2251 1949 quiin
2270 1890 2369 1931 sua
2396 1874 2597 1931 Critica
2626 1888 2777 1927 sacra

251 1969 303 2015 et
329 1962 386 2017 in
407 1978 509 2017 sua
537 1962 754 2019 Introd.
784 1963 958 2020 libros
985 1979 1170 2021 sacros
1199 1963 1412 2020 erudite
1435 1962 1707 2021 defendit.

655 2152 692 2234 ἓ
719 2155 824 2216 18.
859 2188 945 2199 -
990 2150 1193 2217 Varia
1229 2149 1682 2217 rationalismi
1708 2148 1937 2215 biblici
1966 2161 2350 2238 systemata.

321 2336 375 2393 l.
407 2368 490 2377 -
520 2334 906 2412 Interpretes
951 2335 1392 2413 protestantici
1435 2351 1659 2397 omnes
1691 2351 1893 2413 usque
1923 2334 2001 2414 ad
2030 2334 2319 2395 medium
2362 2350 2525 2395 saec.
2558 2332 2656 2393 18.
2691 2331 2778 2391 di·

245 2429 452 2489 vinum
479 2430 946 2509 scripturarum
975 2430 1402 2493 characterem
1421 2434 1841 2509 agnoverunt3
1864 2432 1943 2491 ab
1970 2448 2046 2491 eo
2070 2434 2286 2491 autem
2304 2434 2592 2509 tempore
2619 2446 2781 2489 nova

246 2526 592 2604 excogitare
621 2532 970 2605 coeperunt
997 2531 1340 2605 systemata
1366 2527 1859 2601 hermeneutica,
1894 2544 2285 2605 quaequum
2315 2543 2573 2587 omnem
2598 2542 2779 2587 reve-

249 2620 542 2683 lationem
575 2624 1120 2701 supranaturalem
1160 2628 1464 2701 respuant
1491 2622 1687 2702 'atque
1726 2624 1925 2683 solam
1968 2624 2279 2683 rationem
2320 2624 2546 2684 ducem
2594 2638 2781 2699 agno-

245 2734 410 2779 scere
461 2720 910 2797 praetendant,
956 2722 1280 2782 communi
1337 2721 1595 2781 nomine
1637 2721 2045 2780 rationalis-mi
2100 2718 2304 2779 biblici
2344 2719 2777 2796 designantur,

245 2816 596 2876 secundum
614 2816 821 2877 varias
843 2821 1056 2878 autem
1079 2835 1223 2879 suas
1243 2818 1478 2877 formas
1495 2816 1668 2877 varia
1688 2816 1908 2877 sortita
1936 2820 2081 2876 sunt
2104 2816 2379 2875 nomina.

307 2920 502 2991 Usque
530 2916 602 2975 ad
624 2918 872 2975 medium
897 2920 1011 2976 fere
1037 2935 1185 2976 saec.
1221 2928 1306 2977 18.
1337 2921 1615 2994 principes
1642 2919 1972 2991 urbiumque
1999 2918 2354 2991 magistratus
2380 2918 2777 2990 protestantici,

243 3015 432 3078 utpote
459 3008 661 3063 summi
689 3017 966 3065 sectarum
1006 3008 1277 3082 episcopi,
1307 3009 1758 3081 invigilaverant,
1784 3024 1855 3063 ne
1884 3022 1917 3063 a
1941 3008 2055 3063 suis
2079 3006 2355 3079 theologis
2388 3014 2583 3063 contra
2608 3006 2781 3064 libros

241 3093 574 3163 symbolicos
601 3095 920 3167 Scripturae
961 3096 1400 3167 explicarentur3
1443 3104 1692 3153 attamen
1730 3094 1958 3167 quando
2000 3094 2303 3151 deistarum
2344 3094 2689 3168 anglicorum
2728 3103 2783 3150 et

241 3181 912 3254 pseudophilosophorum
941 3183 1268 3257 gallicorum
1295 3198 1464 3255 opera
1485 3183 1693 3255 ubique
1720 3190 2024 3256 propagata
2050 3184 2305 3255 antiquas
2330 3182 2467 3239 fidei
2490 3182 2777 3255 reliqum,

241 3284 374 3340 quas
401 3272 783 3327 protestantes
809 3280 1271 3327 conservaverant
1289 3313 1304 3341 ‚
1331 3269 1665 3328 labefactare
1703 3279 2028 3343 coeperant,
2062 3270 2341 3343 principes
2370 3270 2643 3344 theologis
2670 3271 2782 3327 suis

241 3355 392 3413 trena
420 3358 682 3414 laxarunt
706 3367 764 3414 et
799 3358 1046 3431 theologi
1075 3356 1308 3415 eandem
1343 3358 1748 3430 interpretandi
1774 3359 2054 3415 licentiam
2067 3402 2082 3427 ,
2112 3376 2281 3431 quam
2314 3360 2555 3416 maiores
2586 3374 2782 3415 eorum

243 3454 638 3517 usurpaverant
656 3488 672 3516 ,
702 3446 805 3502 sibi
833 3462 1056 3519 quoque
1085 3445 1454 3503 vindicarunt.
1499 3448 1696 3519 Itaque
1740 3447 1902 3503 multi
1948 3462 2017 3503 ex
2056 3446 2123 3502 iis
2166 3464 2295 3503 cum
2340 3446 2530 3503 deistis
2558 3462 2781 3503 omnem

243 3534 634 3591 revelationem
677 3535 1158 3604 supranaturalem
1174 3578 1188 3604 ,
1235 3550 1459 3591 omnem
1506 3534 1929 3606 inspirationem
1944 3576 1961 3604 ,
2005 3535 2193 3591 omnia
2240 3551 2371 3591 vera
2418 3536 2673 3593 vaticinia
2728 3544 2783 3591 et

241 3622 500 3677 miracula
546 3622 886 3691 reiecerunt3
917 3623 1230 3694 Scripturas
1276 3621 1464 3678 divino
1505 3621 1828 3678 charactere
1873 3622 2132 3694 spoliatas
2180 3622 2377 3680 eodem
2422 3622 2591 3679 modo
2606 3665 2621 3693 ,
2672 3639 2782 3695 quo

247 3708 412 3765 libros
451 3708 718 3781 profanos
753 3724 1130 3783 quoscumque
1145 3754 1159 3781 ,
1204 3710 1557 3781 explicandas
1600 3725 1721 3767 esse
1768 3718 2109 3779 statuerunt3
2152 3711 2371 3767 Veteris
2416 3714 2567 3767 Test.
2613 3710 2785 3767 libros

247 3798 386 3853 enim
411 3796 553 3853 nihil
593 3812 712 3853 esse
750 3798 858 3853 nisi
899 3808 1261 3855 monumenta
1287 3799 1589 3853 nationalia
1632 3796 1973 3855 Iudaeorum
2012 3799 2316 3869 iactat-unt,
2366 3802 2589 3855 Novum
2629 3800 2779 3854 Test.

251 3884 629 3943 collectionem
667 3884 926 3942 dixerunt
960 3885 1231 3942 librorum
1270 3883 1341 3942 de
1378 3876 1600 3942 Christo
1641 3887 2028 3957 tractantium3
2059 3889 2364 3943 Dominum
2392 3888 2462 3943 N.
2500 3902 2600 3960 pro
2628 3902 2783 3943 mero

251 3970 468 4030 homine
507 3972 820 4031 habuerunt
852 3973 1098 4045 sapiente
1132 3972 1358 4046 quidem
1392 3972 1490 4030 sed
1527 3974 1811 4030 erroribus
1842 3974 2111 4045 obnoxi03
2141 3974 2270 4031 ideo
2305 3974 2630 4047 religionem
2668 3974 2785 4029 eius

249 4062 444 4117 multas
468 4060 695 4133 quidem
717 4062 892 4118 bonas
915 4060 1198 4119 doctrinas
1217 4062 1499 4117 continere
1513 4101 1531 4130 ‚
1552 4061 1649 4117 sed
1670 4062 1950 4119 erroribus
1967 4079 2079 4118 non
2099 4077 2290 4119 carere
2307 4060 2781 4133 blasphemarunt.

249 4147 319 4203 Ut
342 4149 483 4206 haec
510 4148 772 4222 dogmata
800 4149 1043 4206 stabilire
1078 4157 1304 4223 possent
1319 4190 1332 4217 ‚
1367 4150 1541 4205 etiam
1579 4148 1821 4205 humana
1852 4150 2154 4207 auctoritas
2188 4148 2463 4205 librorum
2502 4164 2786 4205 sacrorum

251 4232 448 4293 destrui
489 4236 711 4307 debuit3
740 4252 907 4309 quem
939 4237 995 4294 in
1033 4237 1204 4293 finem
1243 4237 1518 4293 criticam
1556 4237 1969 4293 sublimiorem
1996 4238 2517 4311 sublimioremque
2556 4238 2786 4293 herme-

253 4326 540 4382 neuticam
589 4324 1001 4397 excogitarunt,
1044 4340 1284 4397 quarum
1323 4324 1476 4397 prior
1521 4324 1712 4393 docet,
1754 4324 2035 4397 quomodo
2078 4325 2349 4381 librorum
2396 4323 2683 4381 authentia
2734 4334 2791 4382 et

257 4413 509 4469 veracitas
539 4413 971 4485 impugnentur,
992 4413 1166 4469 altera
1197 4410 1466 4481 ostendit,
1496 4411 1779 4485 quomodo
1807 4428 1901 4482 ea,
1925 4428 2066 4485 quae
2095 4414 2285 4469 relicta
2314 4421 2494 4482 erant,
2517 4429 2787 4486 suprana-

255 4500 438 4557 tui-alia
469 4501 616 4557 facta
638 4508 738 4557 aut
761 4498 908 4557 dicta
937 4501 1343 4573 supranaturali
1373 4515 1472 4555 suo
1497 4500 1817 4557 charactere
1844 4502 2149 4573 priventur.

323 4645 381 4703 2.
413 4678 493 4688 --
521 4643 967 4705 Rationalismi
1010 4644 1234 4704 biblici
1264 4659 1510 4722 parenS,
1547 4643 1716 4703 Ioan.
1747 4642 1879 4703 Sal.
1913 4643 2137 4704 Semler
2166 4642 2233 4723 (ἦ-
2267 4644 2471 4725 1791.)
2490 4692 2503 4717 ‚
2534 4646 2636 4705 vix
2663 4664 2787 4706 non
