3050 5184
8 1783 10 1790 “
8 1749 14 1760 “
8 1693 22 1734 ι’·
7 1612 24 1678 ..ι-
8 1491 24 1573 51-
7 815 24 1476 w-r-njvwwa‘
7 657 22 810 „vv---=-.

439 303 516 364 36
554 320 830 365 HISTORIA
873 322 1124 374 CANQNIS
1167 325 1493 378 uratusotm
1536 327 1930 372 TESTAMENTI.
1977 344 2055 354 —
2096 327 2229 372 CAP.
2278 325 2376 370 111.
2423 323 2557 368 CAN.
2605 323 2739 367 uovl
2777 320 2941 366 TEST.
3045 389 3046 396 ἵ

1461 690 1758 765 'CAPUT
1803 699 1934 764 111.

970 919 1326 971 HISTORIA·
1362 921 1686 973 CANONIS
1723 921 1906 972 NOVI
1944 919 2418 972 TESTAMENTI.

491 1134 525 1217 ἓ
553 1137 618 1198 5.
651 1169 738 1182 -
765 1137 862 1199 De
887 1137 1406 1224 apostolic-emm
1431 1138 1832 1228 scriptorum
1860 1137 2115 1226 orz‘qine
2140 1149 2209 1203 et
2222 1136 2456 1226 prima
2487 1135 2891 1202 collectione.

517 1353 569 1410 1.
600 1386 678 1396 -
703 1354 830 1413 Etsi
863 1355 1175 1416 ordinaria
1199 1359 1582 1435 propagandi
1609 1362 1671 1418 et
1700 1355 2107 1418 conservandi
2130 1354 2447 1435 Evangelii
2478 1355 2577 1414 via
2606 1372 2683 1414 ex
2710 1353 2965 1414 institu-

431 1447 601 1509 tione
633 1449 856 1510 Christi
894 1452 977 1512 sit
1009 1453 1396 1531 praedicatio
1427 1460 1490 1515 et
1525 1455 1779 1515 traditio
1824 1455 2011 1515 oralis
2033 1502 2048 1529 ,
2080 1453 2363 1532 Apostoli
2396 1455 2608 1512 tamen
2645 1469 2684 1511 a
2714 1450 2963 1528 Spiritu
3045 1535 3046 1540 γ

431 1545 488 1606 S.
523 1545 778 1624 impulsi
812 1552 875 1608 et
901 1548 1100 1609 adiuti
1133 1549 1277 1610 data
1315 1551 1645 1612 occasione
1680 1551 1983 1612 nonnulla
2016 1551 2093 1611 de
2122 1551 2251 1611 vita
2278 1554 2343 1610 et
2370 1549 2662 1610 doctrina
2700 1547 2957 1608 Domini

429 1640 628 1706 literis
656 1644 1060 1718 mandarunt,
1091 1646 1220 1706 sive
1250 1651 1317 1707 ut
1349 1663 1424 1707 ea
1456 1647 1522 1707 in
1560 1647 1844 1708 fidelium
1888 1648 2261 1708 memoriam
2294 1649 2688 1715 revocarent,
2724 1645 2863 1704 sive
2888 1651 2963 1704 ut
3045 1683 3046 1720 ἦ

419 1757 670 1801 errores
693 1741 784 1801 eis
803 1741 1170 1803 absentibus
1191 1748 1439 1804 exortos
1463 1745 1913 1822 reprimerent,
1940 1745 2066 1804 sive
2090 1748 2159 1804 ut
2184 1742 2525 1821 tepidiores
2551 1741 2629 1802 ad
2648 1740 2959 1800 maiorem
3045 1731 3046 1754 ³

429 1837 735 1896 servorem
767 1838 1136 1910 excitarent;
1169 1857 1375 1916 neque
1403 1843 1618 1900 tamen
1658 1843 1983 1901 universae
2020 1840 2364 1909 Ecclesiae,
2394 1838 2507 1899 sed
2534 1837 2961 1914 singularibus
3045 1863 3046 1902 3

429 1933 715 2012 coetibus
742 1935 837 1994 vel
863 1936 1150 2012 personis
1176 1938 1409 2015 scripta
1438 1954 1550 1997 sua
1573 1937 1858 2016 proxime
1888 1937 2298 1998 destinarunt.
3045 1927 3046 1938 ¹

495 2065 765 2120 Dominus
801 2067 869 2120 N.
911 2065 1154 2122 divinam
1192 2067 1504 2123 doctrinam
1541 2083 1699 2124 suam
1736 2068 1852 2124 sola
1883 2070 2002 2124 viva
2036 2083 2169 2124 voce
2206 2067 2393 2123 docuit
2427 2083 2607 2140 neque
2647 2065 2961 2138 quidquam

423 2167 592 2208 manu
618 2167 718 2208 sua
747 2151 930 2209 divina
972 2155 1343 2225 conscriptum
1369 2154 1652 2226 discipulis
1674 2156 1914 2228 reliquit.
1942 2155 2153 2212 Eodem
2189 2165 2375 2212 autem
2402 2153 2571 2211 modo
2594 2155 2965 2226 Evangelium
3045 2149 3046 2188 ἶ

411 2239 490 2295 ab
518 2241 799 2310 Apostolis
832 2243 1126 2314 propagari
1152 2242 1343 2298 voluit.
1375 2245 1629 2313 Namque
1658 2243 1784 2298 licet
1816 2261 1929 2298 non
1955 2243 2326 2314 prohibuerit,
2356 2243 2679 2315 quominuS,
2710 2245 2961 2298 necessi-
3045 2275 3046 2284 κ

421 2336 534 2384 tate
566 2329 650 2383 vel
679 2329 913 2384 utilitate
937 2328 994 2385 id
1023 2330 1354 2400 postulante,
1385 2330 1559 2386 literis
1586 2331 1853 2387 nonnulla
1886 2333 2369 2404 consignarentur,
2404 2330 2557 2386 vivae
2590 2331 2737 2386 vocis
2766 2337 2963 2386 tamen
3045 2349 3046 2390 t

425 2415 888 2487 praedicationem
913 2425 969 2472 et
995 2417 1206 2473 oralem
1228 2416 1584 2474 traditionem
1620 2435 1750 2475 eum
1781 2421 1930 2475 velut
1963 2420 2107 2475 viam
2135 2418 2471 2474 ordinariam
2503 2417 2790 2474 doctrinae
2828 2435 2964 2480 suae

423 2503 808 2577 propagandae
836 2513 891 2561 et
917 2505 1323 2562 conservandae
1349 2506 1683 2574 instituisse,
1713 2516 1930 2578 praeter
1952 2507 2125 2562 multa
2152 2508 2257 2564 alia
2273 2549 2287 2575 ,
2315 2522 2457 2578 quae
2486 2505 2594 2562 hoc
2620 2507 2745 2563 loco
2776 2522 2961 2578 expo·
3045 2507 3046 2580 s

421 2607 551 2648 nere
578 2594 919 2664 superfluum
944 2601 1046 2663 est,
1078 2594 1345 2651 vocabula
1371 2595 1488 2666 ipsa
1518 2593 1739 2664 docent,
1774 2595 1971 2666 quibus
1992 2596 2049 2651 in
2078 2596 2233 2650 Novo
2262 2597 2411 2650 Test.
2442 2593 2693 2650 doctrina
2724 2594 2965 2666 eiusque
3045 2583 3046 2650 J

420 2681 818 2753 promulgatiO,
855 2682 1218 2751 conservatio,
1252 2684 1553 2754 acceptatio
1589 2683 2000 2756 designantur¹.
2030 2684 2221 2755 Neque
2248 2682 2307 2738 id
2333 2683 2643 2749 mirabitur,
2676 2683 2773 2754 qui
2816 2692 2967 2740 tem-

419 2770 569 2840 poris
593 2769 740 2826 illius
768 2771 1040 2826 rationem
1065 2785 1132 2827 ac
1161 2771 1482 2842 praesertim
1507 2772 1792 2843 Evangelii
1820 2779 2077 2827 naturam
2106 2769 2553 2826 consideraverit.
2582 2771 2668 2825 De
2696 2769 2965 2827 doctrina

419 2859 566 2914 enim
595 2859 834 2929 practica
873 2858 1155 2931 agebatur,
1186 2873 1327 2931 quae
1353 2859 1612 2916 omnibus
1638 2858 1860 2931 quidem
1897 2859 2238 2927 hominibus,
2268 2858 2369 2915 sed
2406 2857 2653 2929 proxime
2690 2863 2965 2931 pauperi-

417 2945 520 3002 bus
547 2945 819 3003 destinata
855 2946 1110 3002 homines
1143 2947 1390 3018 integros
1428 2948 1503 3002 ita
1536 2957 1859 3003 convertere
1894 2945 2113 3016 debuit,
2146 2956 2209 3002 ut
2244 2947 2522 3003 erroribus
2560 2945 2825 3003 omuibus
2856 2949 2961 3006 de-

421 3035 608 3105 positis
647 3034 938 3106 pravisque
985 3035 1154 3091 animi
1195 3034 1537 3105 passionibus
1577 3034 1865 3092 debellatis
1907 3034 1965 3090 id
2002 3050 2189 3091 amare
2232 3035 2561 3112 inciperent,
2600 3034 2765 3106 quod.
2790 3047 2965 3094 antea
3045 3035 3046 3066 ¹

419 3120 544 3176 odio
573 3120 901 3189 habuerant,
922 3121 1089 3193 idque
1111 3120 1311 3190 odisse,
1340 3122 1490 3194 quod
1508 3121 1834 3179 dilexerant.
1855 3125 2003 3178 Num
2024 3121 2157 3178 talis
2175 3121 2423 3179 doctrina
2448 3137 2753 3193 paucorum
2781 3139 2959 3181 anno·
3045 3117 3046 3120 ’

417 3225 543 3264 rum
571 3209 744 3280 spatio
774 3225 805 3263 a
836 3208 1185 3280 ierosolymis
1214 3223 1386 3281 usque
1423 3208 1495 3265 ad
1521 3209 1746 3266 ultimos
1772 3211 1987 3282 imperii
2014 3210 2225 3266 romani
2252 3210 2390 3266 fines
2418 3210 2712 3282 propagari
2740 3215 2963 3282 potuis·
3045 3203 3046 3246 3

417 3305 528 3364 set,
558 3298 604 3353 si
643 3297 891 3368 Apostoli
937 3297 1286 3369 ierosolymis
1323 3297 1490 3368 quieti
1526 3296 1829 3354 residentes
1872 3297 2175 3354 scribendis
2212 3297 2501 3354 dumtaxat
2530 3298 2680 3353 libris
2720 3313 2961 3371 operam
3045 3325 3046 3330 1

417 3384 694 3441 dedissent
715 3383 1180 3456 Evangeliumque
1206 3400 1317 3440 non
1355 3385 1476 3440 viva
1517 3401 1651 3441 voce
1693 3394 1749 3440 et
1773 3387 2070 3450 miraculiS,
2096 3385 2196 3443 sed
2238 3385 2396 3441 libris
2419 3401 2721 3457 propagare
2746 3389 2963 3446 voluis·

417 3477 575 3530 sent?
596 3471 821 3529 Domini
846 3472 1016 3546 igitur
1042 3472 1559 3544 exemplumsecuti
1583 3474 1837 3544 Apostoli
1862 3483 2090 3529 cunctas
2117 3481 2293 3530 terras
2319 3483 2678 3546 peragrantes
2704 3474 2963 3534 divinam

418 3561 727 3618 doctrinam
775 3577 870 3617 ore
926 3559 1318 3631 praedicabant
1363 3561 1753 3632 miraculisque
1798 3560 2226 3629 confirmabant,
2254 3569 2421 3634 atque
2466 3578 2582 3617 non
2625 3571 2856 3620 tantum
2906 3568 2963 3622 in

418 3650 724 3706 Palaestina
748 3647 1102 3720 finitimisque
1121 3648 1411 3719 provinciis
1425 3691 1440 3716 ,
1461 3648 1560 3704 sed
1578 3651 1791 3705 Romae
1817 3649 1931 3704 iam
1950 3647 2213 3704 fundatae
2240 3657 2400 3706 erant
2418 3649 2702 3718 ecclesiae,
2726 3655 2963 3723 quando

420 3739 626 3811 primus
655 3754 721 3793 ex
753 3737 957 3793 Christi
992 3736 1271 3807 discipulis
1297 3737 1368 3806 (S.
1399 3735 1730 3806 Matthaeus)
1762 3737 1944 3808 aliqua
1981 3735 2051 3792 de
2087 3737 2310 3792 Domini
2344 3738 2429 3793 sui
2466 3737 2575 3792 vita
2605 3745 2662 3794 et
2692 3737 2963 3798 doctrina

417 3825 764 3897 conscripsit3
817 3823 888 3880 ad
933 3825 1099 3880 finem
1145 3833 1332 3880 autem
1378 3823 1639 3896 vergebat
1685 3824 1923 3894 primum
1968 3824 2247 3881 saeculum
2292 3824 2678 3892 christianum,
2728 3831 2966 3898 quando
3045 3841 3046 3844 ’

417 3916 644 3972 ultimus
676 3915 746 3986 (S.
777 3915 1025 3981 loannes)
1061 3911 1226 3968 libros
1262 3927 1390 3968 suos
1428 3912 1873 3983 coapostolorum
1898 3928 2125 3968 suorum
2156 3912 2311 3968 libris
2340 3911 2574 3969 addidit.
2602 3915 2967 3987 Longissime

478 4111 544 4174 (1)
573 4106 778 4159 Domini
805 4105 1035 4156 doctrina
1057 4105 1267 4169 eiusque
1293 4105 1587 4168 propagatio
1609 4104 1745 4154 bisce
1766 4104 2066 4170 plerumque
2088 4105 2347 4155 vocabulis
2366 4106 2726 4169 exprimuntur
2756 4125 2769 4155 =
2796 4110 2961 4173 λόγος,

413 4191 551 4252 λόγος
576 4193 701 4240 θεοῦ
729 4186 810 4236 vel
839 4186 1045 4248 Κυρίου,
1074 4185 1214 4250 λόγος
1250 4187 1396 4242 ἀκοῆς
1435 4184 1575 4247 (Gal.
1610 4189 1717 4245 6,6;
1755 4185 1879 4235 Luc.
1911 4191 2019 4242 5,1;
2054 4191 2075 4234 1
2108 4185 2286 4235 Thess.
2326 4189 2463 4245 2,13;
2500 4189 2612 4236 Act.
2652 4190 2770 4246 &25
2802 4191 2961 4250 etc.);

417 4270 714 4331 εὐαγγέλιον,
749 4267 1155 4326 εὐαγγελίζεσθαι,
1201 4263 1540 4325 sonnatium-vie
1574 4263 1741 4326 (Rom.
1774 4271 1875 4324 ¹‚13
1913 4266 2034 4314 Luc.
2063 4267 2169 4322 9‚6;
2200 4263 2337 4326 Eph.
2369 4267 2478 4324 4,ss
2516 4263 2664 4326 Θυιὰς
2694 4267 2957 4332 κήρυγμα,

413 4349 692 4412 κηρύσσειν,
717 4347 859 4410 κῆρυξ
883 4346 925 4408 (1
963 4346 1088 4393 Cor.
1119 4347 1224 4404 2,4;
1252 4343 1426 4392 Mam.
1457 4346 1593 4402 10,7;
1627 4347 1646 4391 ¹
1696 4344 1826 4392 Tim.
1852 4346 1931 4401 2,7
1970 4344 2115 4406 etc.);
2148 4342 2415 4408 μαρτυρία,
2448 4349 2735 4409 μαρωρεῖν,
2774 4349 2965 4413 μάρτυς
3045 4395 3046 4398 ,

416 4429 548 4488 (Act.
579 4431 746 4486 22,18;
775 4429 942 4482 23,11;
971 4430 1047 4482 1,8
1075 4423 1219 4484 etc.);
1245 4422 1524 4484 παράδοσις,
1550 4422 1859 4480 παραδιδόναι
1882 4422 1929 4485 (2
1961 4422 2136 4472 Thess.
2164 4428 2302 4482 2‚15;
2330 4425 2451 4472 Luc.
2483 4429 2562 4480 1,2
2582 4423 2725 4485 εἴα).
2748 4424 2965 4478 Fideles

415 4506 659 4556 (ficantur
685 4505 895 4564 ἀκούειν,
917 4505 1208 4570 ἀκροᾶσθαι,
1233 4503 1474 4564 δέχεσθαι,
1495 4501 1888 4564 παραλαμβάνειν
1911 4499 2121 4550 verbum
2144 4515 2231 4552 ore
2250 4499 2599 4564 praedicatum
2624 4499 2787 4566 (Epic.
2818 4511 2963 4566 1,13;

412 4589 518 4636 Iac.
557 4589 691 4645 1,22;
721 4589 749 4632 2
778 4583 897 4632 Cor.
929 4585 1094 4643 11,14;
1129 4581 1240 4631 Col.
1273 4585 1352 4640 2,6
1379 4581 1529 4642 etc.);
1553 4579 1704 4630 iidem
1727 4591 1833 4632 esse
1860 4593 1923 4630 ex
1946 4579 2141 4630 auditu
2163 4580 2343 4630 asserit
2366 4581 2419 4630 S.
2449 4581 2643 4631 Paulus
2674 4581 2851 4645 (Rom.
2884 4593 2961 4642 10,

413 4669 498 4731 173
528 4665 645 4717 Gal.
674 4661 774 4726 3,2)
797 4665 891 4712 etc.
