3050 5184
423 315 538 374 372
581 329 656 372 DE
681 327 820 371 vm.
853 327 1110 372 TESTAM.
1143 325 1334 369 Limus
1358 325 1760 370 Pnopflssncls.
1789 344 1867 353 --
1892 321 2023 369 'CAR
2060 325 2103 367 1.
2136 322 2211 365 DE
2240 318 2562 365 Pnoptmns
2592 313 2901 361 UMVERSE.

419 459 706 528 rebantur,
733 461 846 515 iam
869 459 1206 530 completum
1230 456 1484 513 viderunt
1510 457 1749 529 ideoque
1776 458 1836 513 in
1858 473 1956 512 sua
1988 454 2355 525 descriptione
2380 451 2539 507 initio
2570 449 2755 504 statim
2783 446 2945 500 finem

419 545 817 616 adimet-unt,
849 556 1016 618 atque
1049 546 1246 602 crescit
1271 545 1597 615 difficultas,
1630 548 1675 601 si
1712 545 1863 617 prior
1892 551 2145 610 eventus,
2173 541 2438 613 quoniam
2470 549 2635 611 typus
2664 544 2785 592 erat
2810 535 2945 589 alte-

419 634 562 702 riuS,
594 635 890 706 posteriori
917 634 1020 690 snit
1060 633 1255 689 similis
1289 633 1706 706 prophetaeque
1732 634 1793 689 in
1828 648 1926 688 sua
1971 629 2336 700 descriptione
2365 629 2435 684 ab
2474 643 2585 682 uno
2615 630 2670 695 (a
2696 627 2849 697 typo)
2878 620 2947 674 ad

419 722 658 778 alterum
685 720 779 788 (ad
807 722 1136 794 antitypum)
1163 722 1504 778 transierunt
1530 720 1841 792 iterumque
1869 719 1941 776 ad
1969 720 2209 791 priorem
2238 722 2612 783 reverterunt,
2644 721 2707 767 nt
2742 709 2813 766 de
2840 726 2947 764 una

419 809 538 868 sola
561 824 621 866 re
645 825 808 882 agere
834 808 1144 865 videantur.
1173 809 1345 865 Sicuti
1370 825 1476 864 nos
1507 809 1725 865 coelum
1754 815 2092 864 nocturnum
2119 807 2394 860 intuentes
2420 803 2706 858 stellarum
2736 797 2947 853 distan-

417 898 522 953 tias
559 899 738 954 varias
775 913 887 953 non
920 897 1312 966 discernimuS,
1345 905 1440 952 aut
1473 895 1778 966 picturam,
1808 897 1865 950 in
1903 911 2011 966 qua
2044 891 2476 965 scenographiae
2510 895 2804 962 praecepta
2836 901 2947 940 non

417 993 548 1040 sunt
575 985 892 1053 observata,
922 1000 1037 1040 non
1063 985 1181 1040 sine
1217 983 1399 1040 studio
1436 993 1695 1040 accurato
1723 983 2111 1055 intelligimus,
2146 983 2220 1036 ita
2256 979 2557 1052 prophetae
2586 976 2801 1033 futuras
2826 989 2944 1038 res,

418 1072 522 1128 etsi
547 1072 710 1145 longa
741 1072 961 1129 saecula
989 1088 1082 1128 eas
1111 1081 1294 1128 essent
1321 1079 1673 1142 separatura,
1706 1071 1765 1127 in
1794 1070 1993 1126 eodem
2022 1069 2215 1141 plano,
2246 1077 2309 1124 ut
2338 1069 2411 1123 ita
2440 1066 2715 1129 dicamus»,
2744 1063 2951 1134 positas

419 1157 676 1216 viderunt
705 1159 942 1232 ideoque
975 1159 1036 1219 in
1066 1159 1143 1216 eis
1178 1158 1555 1216 describendis
1582 1159 1650 1215 ab
1688 1175 1799 1215 una
1826 1158 1897 1213 ad
1924 1158 2187 1221 alteram,
2218 1155 2482 1226 temporis
2519 1151 2828 1209 intermedii
2858 1165 2949 1203 ra-

419 1248 566 1303 tione
587 1263 704 1303 non
731 1247 918 1304 habita
934 1289 949 1316 ,
977 1247 1338 1304 transierunt.

487 1334 825 1405 Difficultas,
851 1350 991 1406 quac
1021 1352 1086 1390 ex
1105 1334 1210 1391 hac
1239 1334 1590 1392 describendi
1608 1335 1823 1390 ratione
1846 1335 2111 1402 exoritur,
2132 1332 2331 1404 partim
2358 1331 2623 1387 historica
2650 1336 2951 1384 eventuum

417 1421 854 1480 consideratione
880 1423 1128 1490 solvitur,
1155 1423 1356 1492 partim
1385 1423 1520 1478 locis
1549 1421 1855 1490 parallelis,
1877 1422 1934 1478 in
1959 1421 2157 1494 quibus
2184 1421 2294 1477 duo
2324 1427 2580 1485 eventus,
2612 1416 2707 1488 qui
2736 1413 2807 1470 ab
2837 1432 2951 1470 uno

421 1510 688 1581 propheta
725 1511 882 1581 quasi
905 1510 1166 1582 coniungi
1199 1509 1474 1579 videntur,
1502 1518 1759 1566 accurate
1796 1518 2179 1565 secernuntur.
2208 1507 2482 1564 Dominus
2512 1507 2577 1562 N.
2606 1505 2666 1559 in
2701 1502 2952 1559 destruc-

415 1597 580 1654 tionis
613 1597 766 1654 urbis
805 1598 1105 1654 Ierusalem
1132 1605 1189 1654 et
1223 1597 1406 1653 ultimi
1428 1597 1616 1653 iudicii
1653 1598 2026 1669 praedictione
2054 1595 2293 1652 eundem
2323 1594 2705 1666 propheticum
2732 1608 2953 1648 morem

417 1687 570 1757 sequi
601 1687 854 1742 voluerat
879 1686 1118 1752 (Manli.
1148 1690 1266 1755 203
1300 1687 1412 1740 iam
1441 1701 1573 1741 vero
1602 1695 1726 1756 post
1754 1685 2185 1741 destructionem
2216 1682 2369 1739 urbis
2392 1698 2494 1738 nos
2522 1680 2689 1737 hodie
2716 1679 2954 1736 definire

419 1789 735 1844 possumuS,
763 1788 905 1844 quae
937 1772 1005 1827 ad
1031 1772 1272 1844 priorem
1311 1773 1466 1828 illum
1506 1781 1767 1828 eventum
1803 1788 1917 1828 non
1950 1779 2227 1843 spectant,
2262 1778 2431 1842 atque
2462 1768 2656 1825 eadem
2694 1769 2953 1839 praedic-

414 1861 522 1929 tio,
551 1868 716 1931 prout
739 1875 770 1914 a
798 1861 855 1916 S.
887 1861 1040 1916 Luca
1065 1859 1306 1915 refertur
1335 1861 1488 1928 (Luc.
1521 1865 1633 1928 21),
1665 1859 1737 1916 ad
1765 1859 1877 1916 duo
1908 1860 2004 1917 illa
2026 1858 2229 1915 iudicia
2269 1857 2339 1913 de
2380 1858 2521 1914 urbe
2555 1855 2863 1913 Ierusalem
2900 1866 2957 1912 et

416 1947 486 2002 de
521 1947 731 2002 mundo
759 1947 1018 2003 universo
1057 1945 1420 2004 discernenda
1457 1964 1572 2002 non
1611 1963 1809 2019 pamm
1845 1949 2015 2003 iuvat.
2050 1944 2261 2002 Eadem
2290 1945 2503 2001 ratione
2538 1945 2707 2001 etiam
2738 1945 2955 2016 antiqui

418 2035 610 2091 Iudaei
646 2043 904 2092 accurata
938 2034 1382 2091 consideratione
1419 2035 1679 2092 historiae
1713 2043 1769 2090 et
1804 2034 2189 2091 vaticiniorum
2218 2033 2611 2102 parallelorum
2644 2047 2709 2088 ea
2738 2048 2955 2104 eogno-

417 2138 569 2178 scere
599 2130 928 2193 potuerunt,
959 2139 1102 2194 quae
1129 2125 1280 2179 Deus
1307 2123 1378 2178 ad
1407 2138 1602 2180 eorum
1628 2123 1865 2178 salutem
1894 2123 1999 2178 illis
2022 2121 2375 2178 manifestare
2400 2121 2671 2176 voluerat.

497 2289 589 2369 d.)
615 2289 922 2361 Quoniam
954 2306 1068 2369 per
1095 2290 1372 2352 visiones
1398 2290 1744 2368 prophetae
1775 2290 2247 2358 erudiebantur,
2276 2289 2833 2365 frequentissimus
2860 2296 2957 2350 est

425 2393 484 2448 in
511 2385 828 2447 vaticiniis
857 2404 1010 2447 usus
1035 2387 1414 2464 imaginum;
1437 2403 1643 2462 neque
1675 2387 1843 2446 enim
1870 2385 2180 2446 abstracto
2207 2384 2399 2445 modo
2419 2385 2661 2444 futuras
2682 2402 2784 2444 res
2808 2405 2957 2463 pro-

417 2486 688 2561 ponunt,
725 2482 836 2542 sed
866 2482 1275 2560 imaginibus,
1307 2498 1464 2560 quas
1492 2482 1618 2561 ipsi
1650 2482 1963 2554 viderant,
1998 2498 2107 2543 eas
2131 2485 2621 2560 repraesentant.
2647 2482 2959 2558 Imagines

415 2583 626 2640 autem
677 2578 823 2640 illae
866 2579 1092 2656 partim
1137 2595 1211 2638 ex
1250 2579 1507 2655 antiqua
1546 2577 1764 2657 populi
1812 2577 2073 2638 historia
2118 2582 2264 2639 sunt
2305 2577 2664 2646 desumtae‚
2718 2579 2961 2655 partim

417 2675 800 2753 symbolicae
827 2679 993 2735 sunt.

484 2787 760 2856 Quoniam
781 2797 940 2842 vetus
967 2787 1294 2844 oeconomia
1331 2787 1543 2859 integra
1574 2796 1693 2843 erat
1720 2803 1898 2843 novae
1924 2795 2107 2859 typus»,
2138 2787 2263 2843 ideo
2290 2788 2442 2843 Deus
2472 2803 2537 2842 ex
2564 2787 2661 2842 illa
2684 2786 2964 2843 desumsit

412 2875 710 2949 imagines,
741 2874 941 2947 quibus
970 2874 1154 2932 sutura
1182 2874 1471 2947 prophetis
1497 2874 1897 2930 manifestaret.
1930 2876 2073 2930 Hine
2094 2875 2319 2930 Messias
2344 2873 2453 2930 illis
2476 2874 2789 2930 ostenditur
2809 2884 2864 2930 et
2888 2876 2963 2929 al)

414 2962 494 3018 eis
519 2971 962 3035 repraesentatur
990 2971 1278 3034 tamquam
1305 2977 1541 3035 magnus
1562 2978 1662 3019 rex
1686 2962 2073 3032 theocraticuS,
2100 2971 2385 3034 tamquam
2408 2965 2549 3018 alter
2572 2961 2773 3030 David,
2804 2964 2963 3018 cuius

411 3065 619 3106 nomen
655 3051 841 3121 ipsum
873 3048 1108 3106 Messiae
1149 3050 1487 3118 attribuitur,
1520 3059 1615 3106 aut
1642 3059 1931 3122 tamquam
1968 3066 2203 3123 magnus
2241 3049 2539 3122 propheta,
2568 3050 2661 3122 qui
2689 3050 2962 3107 docturus

415 3137 486 3193 sit
513 3153 706 3193 omnes
729 3145 950 3209 gentes,
975 3144 1073 3193 aut
1098 3146 1387 3210 tamquam
1411 3153 1662 3194 summus
1690 3137 1947 3194 sacerdos
1964 3181 1979 3206 ,
2008 3139 2101 3211 qui
2126 3153 2185 3195 se
2206 3139 2387 3210 ipsum
2412 3138 2651 3194 offerens
2673 3136 2965 3194 deleturus

414 3225 486 3280 sit
513 3226 695 3280 omnia
726 3233 969 3294 peccata.
1004 3226 1146 3281 Item
1174 3240 1349 3292 regno
1374 3225 1701 3282 messianico
1727 3227 1956 3298 eiusque
1979 3225 2229 3282 hostibus
2252 3224 2629 3282 describendis
2649 3225 2961 3281 inserviunt

411 3327 504 3368 res
530 3320 586 3368 et
612 3311 799 3367 hostes
827 3311 984 3384 regni
1017 3311 1277 3380 davidici,
1311 3321 1478 3385 atque
1505 3313 1689 3370 cultus
1714 3315 1857 3368 Novi
1882 3315 2225 3370 Testamenti
2256 3312 2586 3370 describitur
2621 3313 2959 3384 imaginibus

414 3416 480 3455 ex
506 3407 690 3456 vetere
717 3401 869 3456 cultu
900 3399 1186 3457 desumtis.

481 3489 533 3543 Α
562 3487 759 3559 quibus
792 3487 1058 3544 differunt
1081 3488 1352 3562 imagines
1388 3489 1752 3562 symbolicae,
1791 3506 2029 3561 quarum
2066 3490 2351 3546 involucro
2388 3488 2669 3545 interdum
2700 3505 2791 3544 res
2828 3505 2958 3560 pro-

415 3574 595 3647 phetis
622 3575 1090 3632 ostendebantur:
1114 3576 1226 3633 duo
1247 3575 1450 3633 calathi
1468 3575 1701 3633 ficorum
1722 3577 2128 3649 portendebant
2156 3578 2421 3634 Ieremiae
2450 3577 2725 3633 diversam
2750 3588 2959 3632 sortem

416 3664 669 3720 exsulum
691 3673 748 3719 et
776 3662 1112 3720 Iudaeorum
1131 3665 1187 3720 in
1207 3665 1384 3737 patria
1408 3665 1728 3721 relictorum
1748 3668 1966 3732 (Ierem.
1996 3669 2141 3736 24.),
2162 3666 2397 3721 uncinus
2426 3681 2721 3736 pomorum
2748 3669 2959 3721 Amos-o

413 3753 792 3807 maturitatem
834 3753 990 3826 regni
1034 3754 1207 3809 Israel
1250 3752 1322 3808 ad
1361 3751 1631 3810 iudicium
1671 3757 1824 3821 (Am.
1871 3753 1945 3824 8.)
1988 3762 2093 3810 etc.
2138 3753 2293 3821 Quae
2336 3752 2589 3826 symbola
2636 3753 2854 3809 rariora
2905 3757 2957 3808 in

415 3840 817 3911 antiquiorum,
855 3840 1226 3912 frequentiora
1266 3841 1324 3896 in
1355 3841 1640 3897 iuniorum
1664 3840 1924 3913 (maxime
1946 3840 2195 3897 Danielis
2222 3849 2279 3897 et
2304 3839 2630 3908 Zachariae)
2656 3841 2960 3898 visionibus

413 3927 692 3999 leguntur.
727 3929 854 3983 Huc
891 3928 1059 3984 etiarn
1092 3935 1345 3999 spectant
1376 3929 1621 3985 actiones
1654 3929 1988 4002 symbolicae
2010 3933 2107 3996 (Is.
2146 3935 2247 3998 2⁰3
2274 3932 2480 3985 [erem.
2520 3933 2607 3986 19.
2639 3933 2797 3996 etc.),
2830 3947 2956 3987 nam

412 4031 523 4070 non
553 4016 684 4070 solis
715 4014 924 4082 verbiS,
958 4015 1054 4070 sed
1088 4016 1257 4071 etiam
1295 4016 1606 4073 actionibus
1634 4017 1748 4072 suis
1777 4016 2080 4088 prophetae
2108 4016 2329 4073 erudire
2359 4018 2627 4088 populum
2656 4017 2954 4075 debebant.

445 4137 454 4146 ·
478 4105 735 4159 Ceterum
758 4103 810 4157 in
832 4102 1168 4174 propheticis
1187 4103 1522 4176 imaginibus⁴
1546 4103 1881 4175 explicandis
1898 4113 2160 4161 caveatur
2186 4113 2433 4177 oportet,
2456 4119 2527 4160 ne
2550 4104 2697 4160 ultra
2718 4106 2953 4163 modum

411 4200 750 4261 premantur,
783 4205 848 4246 ac
877 4190 921 4244 si
945 4191 1161 4263 singula
1198 4205 1264 4246 ac
1291 4191 1659 4247 minutissima
1688 4207 1942 4264 quaeque
1978 4191 2189 4264 aliquid
2226 4191 2633 4264 portenderent.
2668 4195 2954 4250 Poeticum

407 4279 554 4334 enim
585 4277 804 4334 dicendi
843 4278 1074 4334 modum
1099 4294 1130 4334 a
1159 4279 1440 4350 prophetis
1471 4279 1793 4351 frequenter
1824 4278 2075 4337 adhiberi
2104 4279 2372 4349 diximus;
2400 4279 2524 4336 ideo
2562 4281 2733 4336 etiam
2768 4281 2843 4338 ab
2884 4286 2957 4338 eis

407 4367 674 4436 imagines
715 4367 928 4437 poetice
969 4376 1310 4423 exornantur
1337 4376 1394 4423 et
1427 4368 1843 4440 perpoliuntur;
1876 4368 2097 4425 errandi
2132 4368 2304 4441 igitur
2338 4369 2583 4440 periculo
2618 4383 2743 4424 sese
2779 4387 2955 4444 expo-

407 4463 568 4507 neret
593 4492 609 4518 ,
643 4453 737 4522 qui
758 4453 882 4524 illa,
912 4471 1054 4527 quae
1078 4465 1306 4512 ornatus
1333 4458 1508 4528 gratia
1538 4465 1668 4512 sunt
1694 4455 1911 4528 addita,
1942 4455 2015 4514 ad
2043 4473 2161 4512 rem
2196 4457 2371 4528 ipsam
2404 4458 2683 4528 pertinere
2718 4457 2960 4515 arbitra-

415 4547 581 4594 retur.
605 4539 812 4597 Altera
829 4549 1020 4600 autem
1035 4558 1106 4600 ex
1124 4551 1283 4615 parte
1299 4559 1412 4599 non
1435 4545 1647 4600 minore
1665 4559 1793 4601 cum
1814 4560 1947 4601 cura
1966 4543 2274 4600 cavendum
2294 4552 2376 4600 ωε
2388 4585 2405 4614 ,
2427 4561 2498 4600 ne
2524 4561 2653 4602 cum
2680 4548 2961 4620 plerisque

407 4626 758 4683 rationalistis
787 4629 970 4686 omnia
1000 4645 1098 4702 pro
1117 4630 1282 4688 nudis
1310 4632 1651 4688 ornamentis
1678 4632 1903 4704 poeticis
1932 4632 2262 4704 babeamuS,
2286 4631 2485 4704 quibus
2504 4642 2724 4704 praeter
2750 4651 2947 4709 vagam
