3050 5184
915 862 1275 940 SEOTIO
1329 864 1764 941 ALTERA.

807 1114 1171 1198 Conspectus
1198 1118 1488 1183 historiae
1517 1135 1861 1201 exegeseos.

1097 1408 1395 1477 CAPUT
1443 1411 1571 1476 III.

672 1632 768 1681 DE
807 1632 1498 1683 INTERPRETATIONE
1540 1632 1999 1684 IUDAEORUM.

243 1850 277 1932 ς’
312 1854 376 1915 ’1.
423 1885 514 1897 --
551 1847 1011 1937 Antiquorum
1047 1848 1460 1915 Iudaeorum
1498 1859 1859 1937 systemata
1897 1848 2394 1914 hermeneutica
2474 1936 2480 1941 .

607 2014 998 2074 (Thalmudistae
1008 2050 1020 2075 ,
1049 2014 1282 2083 Karaitae
1296 2053 1307 2075 ,
1337 2016 1681 2075 Alexandrini,
1704 2015 2065 2076 Kabbalistae).

161 2210 206 2266 1.
235 2242 306 2254 -
339 2209 580 2271 Omnes
610 2210 849 2286 antiqui
880 2210 1088 2270 ludaei
1124 2210 1446 2288 duplicem
1477 2228 1733 2271 sensum
1773 2210 2104 2289 (literalem
2138 2214 2199 2270 et
2236 2208 2600 2287 mysticum)

105 2302 148 2360 in
170 2304 500 2384 Scripturis
525 2304 940 2367 admiserunt.
975 2306 1424 2367 Thalmudistae
1440 2312 1649 2368 autem
1668 2353 1681 2377 ,
1707 2324 1903 2385 quum
1928 2322 2147 2367 omnes
2168 2324 2308 2367 suas
2337 2324 2599 2367 consue-

107 2399 316 2461 tudines
345 2403 656 2479 temporis
686 2402 949 2464 decursu
981 2408 1222 2463 exortas
1254 2420 1328 2464 ex
1363 2406 1529 2481 Lege
1560 2402 1793 2481 scripta
1820 2403 2099 2463 derivare
2138 2404 2399 2475 vellent,
2432 2402 2599 2462 mul-

107 2494 310 2571 tiplices
341 2498 740 2575 singulorum
770 2503 1056 2560 textuum
1095 2518 1314 2561 sensus
1345 2504 1736 2573 statuerunt,
1768 2505 1953 2577 atque
1983 2500 2049 2560 in
2080 2500 2209 2559 suis
2241 2499 2600 2577 explicatio-

107 2592 248 2653 nibus
287 2611 490 2673 quum
527 2594 902 2655 authenticis
945 2594 1302 2676 (Halae-ha),
1346 2600 1484 2657 tum
1526 2596 1789 2675 privatis
1829 2594 2188 2675 (Hayqada)
2230 2596 2318 2655 ita
2358 2595 2604 2683 evagati·

107 2694 244 2761 sunt,
277 2696 350 2752 ut
382 2708 603 2751 eorum
633 2693 1068 2753 commentarii
1101 2691 1537 2774 (Midrascltim)
1568 2694 1672 2753 vix
1702 2692 1888 2753 ullius
1918 2693 2045 2753 sint
2073 2693 2281 2771 pretii.

153 2811 376 2869 Iudaeos
403 2819 534 2868 ante
559 2812 860 2869 adventum
883 2813 1108 2870 Domini
1136 2816 1204 2871 N.
1238 2822 1458 2885 praeter
1480 2814 1769 2879 literalem,
1781 2814 1951 2870 etiam
1972 2814 2218 2886 typicum
2238 2828 2285 2869 s.
2310 2811 2607 2883 mysticum

109 2898 486 2969 scripturarum
518 2916 741 2958 sensum
773 2900 1060 2957 admisisse
1075 2945 1088 2971 ‚
1115 2918 1228 2957 non
1253 2910 1470 2958 tantum
1496 2918 1563 2957 ex
1587 2904 1778 2973 paucis
1799 2901 2146 2958 documentis
2168 2899 2397 2956 iudaicis
2419 2914 2604 2970 super-

111 2985 296 3043 stitibus
338 2994 458 3055 (Ps.
505 2990 790 3045 Aristeae
831 2990 1062 3061 epistola
1093 2989 1162 3045 de
1205 2990 1418 3063 origine
1448 3006 1589 3045 vers,
1638 2991 1819 3057 alex-3
1862 2989 2207 3046 Aristobuli
2228 2986 2475 3060 fragm),
2508 2986 2605 3042 sed

109 3076 306 3132 maxime
337 3092 406 3132 ex
437 3077 1009 3149 argumentationibus
1049 3078 1256 3145 elucet,
1289 3076 1490 3149 quibus
1531 3078 1589 3133 S.
1634 3078 1975 3135 Matthaeus
2008 3078 2068 3133 in
2094 3093 2193 3133 suo
2221 3075 2515 3147 Evangelio
2552 3082 2608 3130 et

107 3162 148 3215 S.
185 3166 404 3221 Paulus
447 3164 510 3219 in
550 3180 636 3235 ep.
686 3165 756 3221 ad
799 3165 970 3222 Hebr.
1009 3173 1268 3232 utuntur3
1316 3165 1456 3221 duos
1494 3165 1621 3220 illos
1667 3165 1837 3222 libros
1878 3166 2027 3222 enim
2075 3164 2295 3221 Iudaeis
2334 3164 2609 3219 conversis

114 3251 316 3314 proxime
345 3252 656 3309 destinatos
682 3252 846 3309 fulsse
873 3262 1109 3309 constat.
1136 3255 1217 3309 Ex
1242 3254 1553 3325 Evangeliis
1582 3262 1766 3309 autem
1790 3254 1955 3310 etiam
1978 3262 2228 3325 apparet,
2252 3252 2609 3308 Pharisaeos

111 3352 188 3393 mm
213 3356 401 3397 omnes
439 3341 758 3397 arbitr-arias
793 3357 921 3397 suas
948 3341 1270 3398 traditiones
1299 3358 1364 3396 ex
1395 3341 1576 3397 verbis
1607 3343 1771 3414 Legis
1806 3341 2078 3398 deducere
2106 3341 2339 3397 voluisse
2374 3338 2610 3411 ideoque

115 3427 230 3482 miris
249 3430 432 3485 modis
457 3429 674 3485 literam
703 3430 866 3502 Legis
887 3431 1219 3486 contorsisse
1253 3428 1355 3495 (cfr
1380 3430 1590 3486 Mattla.
1622 3435 1784 3499 23‚16
1806 3446 1928 3502 sqq.
1960 3430 2110 3503 etc.).
2136 3428 2345 3485 Eadem
2366 3433 2454 3485 via
2481 3442 2610 3500 pro-

113 3518 244 3580 gressi
271 3533 470 3573 eorum
499 3532 862 3587 successores,
893 3518 1364 3584 Tltalmudistae‚
1400 3533 1466 3573 eo
1497 3517 1856 3587 devenerunt,
1888 3527 1949 3574 ut
1978 3518 2205 3590 singulis
2231 3516 2470 3573 textibus
2494 3531 2612 3571 sex·

116 3614 236 3657 <enta
275 3606 452 3661 millia
484 3606 854 3678 legitimarum
895 3594 1414 3678 interpretationum
1453 3604 1849 3662 adscriberent.
1882 3607 2061 3675 Quem
2096 3606 2157 3661 in
2182 3606 2351 3662 tinem
2397 3612 2613 3675 praeter

115 3712 296 3759 sensum
325 3703 646 3776 proprium
682 3694 960 3783 (91933579),
985 3704 1080 3776 qui
1110 3703 1220 3759 illis
1252 3711 1372 3759 erat
1405 3712 1501 3758 aut
1530 3690 1763 3758 literalis
1792 3693 1995 3783 (Ὧι-τέῳ,
2017 3704 2266 3775 simplex)
2298 3710 2395 3758 aut
2417 3711 2602 3757 trans-

115 3802 388 3877 Ιᾱιιιεξτῖῦ,
415 3812 701 3878 arcanus),
747 3808 1116 3867 distinxerunt
1155 3809 1498 3865 derivatum
1530 3798 1754 3895 (Πιρᾎἶῐ,
1781 3809 2109 3880 quaesitus),
2155 3807 2250 3879 qui
2295 3815 2393 3864 aut
2432 3806 2602 3877 logica

115 3912 425 3971 conclusione
448 3930 480 3969 e
501 3923 660 3971 textu
683 3916 894 3970 eruitur
927 3905 1133 3993 (ῑὺηᾞ)
1171 3922 1268 3971 aut
1292 3930 1358 3970 ex
1382 3930 1494 3970 uno
1521 3914 1767 3969 alterove
1793 3912 2059 3969 vocabulo
2085 3913 2379 3984 separatim
2398 3918 2601 3978 sumto,

119 4012 252 4073 immo
275 4036 340 4076 ex
369 4036 483 4076 una
517 4020 762 4077 alterave
789 4021 947 4076 litera
981 4020 1271 4076 arbitrarie
1301 4020 1609 4075 desumitur
1630 4011 1792 4101 (7792,
1818 4017 1969 4091 quod
1995 4018 2283 4085 innuitur).
2316 4016 2605 4088 Duplicem

117 4118 277 4179 deinde
315 4108 662 4200 distinguunt
700 4126 1242 4198 interpretationem3
1285 4124 1452 4197 prior·
1478 4127 1593 4180 sola
1637 4133 1931 4196 praecepta
1969 4132 2176 4195 spectat
2222 4131 2277 4179 et
2320 4120 2607 4178 Halacha

123 4204 288 4295 ἰἰξᾎῃ)
327 4224 578 4285 vocatur,
619 4215 747 4287 quia
787 4213 1094 4271 secundum
1123 4228 1245 4270 eam
1281 4213 1669 4270 incedendum
1699 4223 1810 4281 est,
1842 4222 1937 4267 aut
1961 4213 2125 4268 etiam
2155 4213 2285 4284 quia
2309 4226 2405 4281 per
2432 4208 2608 4265 maio-

27 4376 38 4387 ,
123 4328 188 4367 res
211 4296 264 4372 se
293 4334 414 4373 eam
433 4335 464 4373 a
488 4320 681 4390 Moyse
707 4318 1011 4374 audivisse
1041 4319 1367 4390 gloriantur,
1403 4318 1717 4375 Schemata
1756 4316 2070 4410 (κξιξᾩιρὴ
2101 4320 2278 4375 altera
2300 4314 2621 4388 explicatio-

121 4430 692 4506 nesilhsstrationesque
709 4434 889 4489 omnis
905 4433 1122 4507 generis
1142 4434 1408 4502 continet,
1431 4430 1532 4488 sed
1552 4432 1684 4505 quia
1702 4442 1924 4489 tantum
1944 4433 2157 4502 privata
2180 4440 2283 4500 est,
2311 4432 2619 4505 Haqqada

51 4557 62 4568 .
127 4516 277 4603 {33:33
299 4520 381 4593 id,
413 4520 564 4596 quod
591 4520 785 4593 fertur)
823 4521 1153 4593 appellatur.
1188 4522 1346 4577 Prior
1374 4536 1605 4591 prorsus
1642 4520 1937 4577 arbitraria
1971 4528 2084 4589 est,
2126 4534 2193 4575 ex
2231 4520 2407 4576 altera
2437 4518 2619 4575 tradi-

125 4632 312 4692 nonalis
335 4637 732 4695 nonnullorum
761 4636 1150 4706 vaticiniorum
1175 4635 1469 4707 explicatio
1499 4637 1581 4691 uti
1609 4635 1779 4693 etiam
1810 4634 2208 4691 vocabulorum
2234 4634 2509 4691 rariorum
2536 4634 2615 4691 si-

1319 4745 1406 4791 147
