3050 5184
461 338 539 397 50
567 353 846 397 msronu
877 352 1121 405 cANoms
1153 354 1485 407 u‘rmusoue
1517 354 1915 397 Tesrsunnri.
1942 372 2019 381 -
2040 354 2170 399 cAr.
2194 354 2277 397 w.
2304 354 2467 397 unm
2495 352 2852 397 APOCRYPm
2874 350 3008 394 me.

461 484 845 555 primigenium
889 486 1089 543 librum
1128 486 1442 543 adhibuisse
1479 485 1704 555 dicitur,
1746 495 1830 543 est
1864 490 1920 543 S.
1960 486 2266 554 Barnabas,
2312 483 2409 542 sed
2452 484 2646 540 merito
2686 483 3009 547 dubitatur,

461 587 596 627 num
618 574 673 628 S.
697 572 978 629 Barnabas
998 590 1063 629 ex
1091 575 1428 647 apocrypho,
1459 590 1531 631 an
1559 573 1859 648 apocryphi
1886 584 2081 630 auctor
2104 589 2171 630 ex
2198 573 2483 630 Barnabae
2501 572 2739 645 epistola
2763 572 3009 627 hauserit

462 660 655 729 verba,
703 677 844 733 quae
890 664 1203 718 'communia
1244 662 1469 719 hahent.
1519 664 1743 719 Certum
1783 671 1967 719 autem
1998 671 2084 719 est
2122 663 2468 720 Clementem
2503 662 2676 719 Alex.
2728 676 2871 716 eum
2918 675 3009 731 pro

461 746 646 804 divina
671 748 997 806 auctoritate
1025 750 1321 823 allegasse,
1349 760 1514 823 atque
1544 750 1695 807 haud
1724 766 1851 809 raro
1880 750 2075 807 eadem
2103 752 2315 807 ratione
2342 765 2469 807 eum
2496 749 2757 805 adhibuit
2780 751 2847 804 S.
2880 752 3009 803 Am·

465 836 722 905 orosius,
775 837 945 893 immo
993 839 1260 895 nonnulla
1308 840 1424 895 eius
1476 838 1641 895 verba
1688 840 1856 895 etiam
1900 840 1956 895 in
2002 838 2277 911 liturgiam
2327 839 2559 894 latinam
2602 846 2739 893 sunt
2788 844 3009 905 recepta

463 928 514 989 <4
544 924 716 981 Esdr.
753 930 900 989 235.
934 931 1021 981 37.
1063 930 1172 994 45),
1212 929 1502 983 Praeterea
1534 929 1725 984 Patres
1750 926 1859 996 illi,
1892 928 1986 999 qui
2024 926 2257 983 Esdram
2282 926 2539 983 dixerunt
2568 933 3009 982 restauratorem

461 1012 870 1081 scripturarum
897 1014 1110 1069 Veteris
1134 1016 1284 1072 Test.
1317 1013 1729 1087 deperditarum
1758 1018 1944 1086 (supra
1974 1018 2005 1083 §
2040 1022 2091 1071 3.
2117 1021 2151 1070 2
2183 1031 2234 1084 p.
2269 1019 2375 1083 17),
2409 1013 2553 1069 hanc
2578 1014 2929 1069 sententiam
2952 1026 3009 1065 ex

461 1102 549 1154 Ps.
578 1100 753 1156 Esdra
779 1100 1026 1157 hausisse
1056 1110 1338 1173 putantur.
1371 1103 1744 1159 Nihilominus
1772 1102 1977 1160 librum
2004 1118 2122 1159 esse
2156 1102 2537 1175 apocryphum
2576 1100 2739 1173 facile
2784 1099 3009 1157 demon-

461 1196 688 1243 stratur.
719 1188 857 1244 Inde
885 1206 916 1244 a
941 1205 1086 1245 saec.
1114 1195 1166 1244 3.
1187 1191 1246 1245 in
1273 1191 1504 1247 ecclesia
1534 1206 1730 1263 graeca
1758 1190 1870 1247 iam
1896 1190 2159 1247 oblivioni
2186 1198 2269 1246 est
2292 1189 2474 1260 datuS,
2496 1190 2555 1245 in
2580 1189 2759 1245 latina
2792 1194 3009 1258 praeter

461 1274 519 1331 S.
549 1276 902 1333 Ambrosium
925 1293 1087 1353 nemo
1117 1295 1244 1333 eum
1281 1278 1338 1333 in
1367 1278 1579 1334 honore
1609 1278 1829 1341 habaiu
1862 1278 2141 1335 erroribus
2166 1278 2491 1351 dogmaticis
2514 1292 2627 1332 non
2654 1276 2837 1347 plane
2866 1282 3009 1329 caret

463 1369 519 1417 et
545 1371 718 1420 scatet
743 1363 956 1421 fabellis
983 1364 1292 1421 rabbiniciS.

535 1452 744 1509 Oratio
781 1456 1061 1511 Manasse
1089 1453 1192 1521 (cfr
1219 1461 1252 1508 2
1279 1459 1425 1509 Par.
1459 1460 1640 1519 33,12.
1682 1460 1765 1521 18)
1796 1455 1883 1526 pia
1918 1461 2029 1518 est,
2060 1453 2160 1509 sed
2195 1470 2309 1509 non
2346 1452 2687 1515 authentica,
2720 1451 2865 1523 quia
2902 1448 3009 1503 eius

464 1538 789 1612 primigenia
811 1542 998 1615 lingua
1022 1552 1106 1597 est
1129 1558 1344 1614 graeca.
1372 1546 1422 1598 A
1447 1542 1659 1613 graecis
1686 1542 2002 1599 auctoribus
2030 1557 2139 1597 non
2164 1555 2397 1613 magnae
2422 1539 2777 1597 auctoritatis
2802 1538 3009 1608 aliquo-

461 1626 562 1683 ties
589 1637 672 1683 est
699 1630 932 1701 allegata
949 1672 962 1698 ,
989 1630 1046 1685 in
1071 1629 1294 1703 liturgia
1323 1646 1552 1687 armena
1582 1629 1765 1687 adhuc
1794 1629 2105 1687 adhibetur.

540 1799 596 1855 2.
632 1828 713 1841 —-
739 1796 1128 1858 Editiom'bus
1152 1802 1392 1875 praecis
1429 1798 1633 1859 additi
1662 1799 2073 1859 inveniuntur
2100 1798 2207 1858 Ps.
2240 1800 2375 1858 151.
2408 1796 2689 1873 Davidis,
2724 1797 2811 1855 18
2838 1794 3007 1857 Psal-

459 1892 549 1953 mi
589 1892 964 1969 Salomonis,
1010 1896 1068 1954 3.
1119 1901 1176 1955 et
1220 1899 1259 1955 4
1308 1894 1578 1956 Machab.
1627 1895 1799 1969 libri,
1853 1896 1963 1973 qui
2007 1894 2073 1955 in
2117 1894 2453 1957 Occidente
2504 1894 2637 1953 sere
2699 1891 3004 1970 incogniti

463 1989 652 2048 etiarn
681 1992 746 2049 in
770 1990 1024 2052 Oriente
1049 1991 1334 2070 plerique
1359 2009 1483 2052 non
1505 2009 1796 2071 magnam
1824 1992 2179 2053 habuerunt
2212 1992 2666 2051 auctoritatem.

533 2106 625 2157 Ps.
663 2109 805 2173 151.‚
833 2120 943 2177 quo
969 2104 1144 2160 David
1169 2120 1329 2161 suam
1351 2106 1422 2161 de
1448 2105 1675 2161 Goliath
1706 2106 1992 2162 victoriam
2020 2105 2288 2169 celebrat,
2320 2112 2615 2160 venustum
2646 2112 2735 2158 est
2756 2115 3001 2161 carmen,

461 2190 617 2247 cuius
661 2191 846 2247 divina
887 2192 1042 2263 origo
1077 2193 1236 2248 nullo
1279 2202 1605 2266 argumento
1644 2193 1927 2265 probatur.
1980 2194 2135 2249 Licet
2182 2194 2239 2248 in
2276 2192 2435 2249 bonis
2469 2191 2757 2248 nonnullis
2796 2190 3003 2263 graecis

461 2276 739 2335 codicibus
777 2288 944 2351 atque
975 2280 1143 2337 etiam
1176 2295 1210 2336 a
1241 2282 1298 2337 S.
1335 2280 1639 2337 Athanasio
1665 2280 1893 2352 reliquis
1920 2281 2152 2337 Psalmis
2192 2278 2535 2349 adnectatur,
2567 2280 2885 2335 recentiore
2922 2285 3002 2329 ta-

461 2382 590 2422 men
618 2376 864 2439 tempore
893 2365 1111 2424 videtur
1134 2368 1404 2425 Psalterio
1436 2367 1688 2437 additus,
1720 2370 1849 2441 quia
1876 2370 2102 2441 antiqua
2132 2370 2309 2424 versio
2336 2368 2509 2424 latina
2546 2384 2675 2423 eum
2702 2364 2995 2441 ignoravit.

530 2452 759 2511 Psalmi
778 2454 1098 2511 octodecim
1122 2456 1462 2513 Salomonis
1489 2456 1846 2527 probabiliter
1869 2471 1901 2511 a
1930 2458 2018 2527 pio
2041 2456 2283 2529 quodam
2313 2458 2517 2511 Iudaeo
2538 2464 2667 2511 sunt
2684 2451 2996 2526 compositi,

464 2550 757 2613 postquam
785 2544 1078 2613 Pompeius
1107 2544 1441 2618 lerosolyma
1482 2544 1786 2616 occupavit.
1828 2548 1891 2600 In
1926 2544 2114 2617 paucis
2149 2543 2357 2617 graecis
2392 2542 2674 2600 codicibus
2704 2542 2997 2598 inveniun-

458 2637 572 2698 tur,
597 2644 632 2685 a
652 2632 744 2686 Ps.
773 2631 1076 2686 Athanasio
1108 2640 1161 2687 et
1195 2632 1506 2703 Nicephoro
1534 2631 1679 2688 inter
1705 2632 1768 2685 τὰ
1796 2631 2156 2704 ἀντιλεγόμενα
2182 2641 2563 2696 numerantur,
2596 2632 2665 2687 ab
2700 2631 2829 2686 aliis
2859 2627 2995 2684 anti-

463 2718 584 2789 quis
618 2717 976 2789 scriptoribus
1003 2735 1116 2775 non
1143 2728 1669 2777 commemorantur.

531 2805 706 2862 Liber
733 2814 764 2862 3
793 2806 1288 2863 Machabaeorum
1313 2809 1757 2879 persecutionem
1783 2805 2061 2880 quandam
2096 2816 2284 2864 narrat
2301 2849 2316 2878 ,
2350 2822 2520 2879 quam
2548 2806 2742 2863 Iudaei
2773 2806 2991 2862 alexan·

461 2893 607 2949 drini
643 2902 878 2951 exeunte
916 2910 1060 2951 saec.
1102 2901 1156 2951 3.
1187 2912 1239 2951 a.
1278 2895 1411 2951 Chr.
1454 2911 1484 2950 a
1519 2896 1837 2953 Ptolemaeo
1875 2898 1968 2951 IV.
2001 2894 2355 2967 Philopatore
2384 2895 2530 2965 passi
2564 2910 2683 2950 esse
2716 2894 2991 2951 dicuntur.

460 2980 558 3037 sed
589 2998 730 3053 quae
753 2998 883 3038 cum
910 2982 1373 3039 Machabaeorum
1399 2982 1629 3039 historia
1653 3000 1767 3039 non
1795 2982 2073 3039 cohaeret.
2108 2982 2399 3039 canonicis
2425 2982 2580 3038 libris
2602 2980 2993 3037 adnumeratur

459 3070 519 3124 in
540 3085 662 3126 can.
695 3076 782 3126 85.
814 3074 1032 3141 Αροεῑ.,
1061 3070 1120 3125 in
1147 3070 1308 3127 bonis
1335 3069 1619 3128 codIcibus
1644 3072 1791 3127 inter
1816 3070 2113 3128 canonicos
2136 3069 2432 3137 invenitur,
2456 3088 2487 3126 a
2515 3068 2872 3125 Theodoreto
2900 3080 2990 3137 pro

462 3157 786 3213 auctoritate
809 3158 1094 3229 allegatur.
1125 3158 1233 3214 Sed
1256 3161 1346 3214 Ps.
1379 3159 1587 3214 Athan.
1617 3167 1674 3215 et
1700 3158 1930 3230 Niceph.
1957 3158 2113 3214 illum
2136 3174 2357 3230 quoque
2384 3159 2529 3215 inter
2556 3156 2619 3211 τὰ
2640 3156 2989 3225 ἀντιλεγόμενα

461 3255 778 3310 numerant,
810 3244 1006 3315 reliqui
1027 3245 1124 3302 illo
1153 3247 1236 3301 usi
1266 3262 1376 3301 non
1403 3255 1549 3302 sunt.

533 3332 711 3389 Liber
732 3339 768 3389 4
795 3332 1292 3389 Machabaeorum
1323 3342 1407 3390 est
1433 3334 1625 3389 concio
1663 3332 1964 3406 quaedam,
2000 3333 2060 3390 in
2094 3348 2204 3405 qua
2231 3342 2447 3402 auctor,
2478 3340 2540 3389 ut
2567 3334 2843 3391 rationem
2875 3343 2987 3384 mo-

463 3418 610 3476 tibus
638 3420 852 3476 animae
878 3419 1152 3477 dominari
1186 3421 1386 3478 debere
1414 3420 1784 3491 demonstret,
1818 3438 1917 3493 pro
1952 3422 2205 3493 exemplo
2234 3420 2396 3477 affert
2427 3421 2719 3477 historiam
2748 3414 2987 3477 Eleazari

463 3515 780 3579 septemque
809 3509 1044 3564 fratrum
1075 3510 1625 3576 Machabaeorum&
1656 3509 1845 3565 Maca.
1885 3516 2019 3579 6,18
2051 3514 2233 3581 sqq.);
2262 3508 2576 3578 Eusebius,
2613 3510 2671 3565 S.
2710 3510 2987 3571 Hierony-

463 3610 616 3659 mus,
648 3596 1080 3669 philaster-qius
1123 3598 1446 3654 concionem
1479 3597 1627 3653 hanc
1662 3596 1745 3652 Fl.
1798 3596 2033 3669 Iosepho
2078 3598 2287 3653 auctori
2320 3597 2657 3665 attribuunt,
2698 3597 2849 3652 unde
2888 3594 2985 3647 iam

465 3684 673 3751 elucet,
721 3684 1052 3754 primitivam
1099 3686 1401 3741 Ecclesiam
1449 3685 1532 3741 illi
1579 3685 1821 3740 divinam
1877 3686 2263 3741 auctoritatem
2316 3700 2430 3740 non
2484 3685 2827 3752 attribuisse,
2874 3680 2987 3736 licet

465 3773 521 3828 S.
551 3772 852 3844 Gregorius
873 3775 1012 3829 Naz.
1045 3782 1099 3829 et
1127 3774 1270 3829 forte
1295 3774 1460 3830 etiam
1488 3775 1547 3830 S.
1578 3772 1907 3829 Ambrosius
1938 3773 2033 3829 illa
2062 3773 2171 3829 sint
2198 3773 2300 3829 usi.

544 3942 603 4000 3.
635 3972 716 3985 —
739 3940 794 4001 A
823 3942 978 4001 Novi
1008 3943 1059 4002 T
1057 3950 1158 4001 est.
1190 3942 1573 4019 scriptoribus
1596 3942 1848 4020 allegari
1874 3941 2197 4002 immerito
2223 3940 2517 4003 dicuntur
2542 3940 2693 4002 liber
2725 3932 2979 4001 Henoctn

469 4039 739 4099 ascensio
765 4038 1010 4115 Moysis,
1048 4040 1433 4117 Apocalypsis
1465 4040 1717 4115 Moysis,
1748 4038 2028 4099 Ascensio
2063 4038 2290 4114 Isaiae,
2332 4038 2715 4120 Apocalypsis
2754 4036 2913 4117 Eliae
2930 4030 2987 4089 el

467 4132 751 4196 Ieremiae
776 4136 1188 4215 apocryphum
1213 4134 1558 4212 quoddam.

537 4248 715 4305 Liber
749 4248 982 4305 Henoclt
1013 4248 1313 4321 antiquitus
1351 4248 1512 4305 valde
1546 4257 1881 4321 propagatus
1908 4256 1965 4305 et
1999 4265 2032 4305 a
2064 4250 2402 4305 Tertulliano
2436 4266 2537 4321 pro
2566 4249 2749 4305 divino
2782 4243 2981 4303 habitus

466 4334 594 4393 inde
620 4353 652 4393 a
679 4353 820 4393 saec.
852 4342 903 4393 5.
935 4338 994 4393 in
1023 4335 1250 4393 ecclesia
1286 4336 1457 4392 latina
1488 4345 1542 4391 et
1580 4352 1773 4409 graeca
1810 4337 1971 4409 plane
2007 4337 2301 4409 disparuit;
2333 4345 2523 4394 nostro
2560 4346 2747 4394 tamen
2782 4326 2981 4391 sacello

468 4424 666 4479 iterum
695 4425 934 4480 innotuit
961 4423 1312 4497 apocryphus
1347 4423 1572 4496 quidam
1610 4424 1845 4480 Henoch
1884 4440 1948 4481 ex
1977 4425 2271 4497 Aethiopia
2294 4426 2523 4491 allatuS,
2553 4426 2645 4498 qui
2678 4432 2761 4481 tot
2794 4412 2983 4477 sabellis

469 4509 710 4567 ridiculis
749 4521 940 4581 scatet,
980 4520 1042 4567 ut
1082 4513 1281 4568 merito
1317 4510 1619 4579 dubitetur,
1658 4527 1731 4568 an
1769 4511 1917 4568 idem
1954 4514 2047 4569 ille
2082 4513 2154 4569 sit
2190 4514 2437 4578 libelluS,
2481 4530 2645 4585 quem
2686 4515 2743 4569 S.
2781 4504 2979 4566 ludam

469 4604 540 4665 (v.
571 4603 681 4666 14.)
705 4599 965 4671 allegasse
990 4608 1320 4672 putaverunt
1348 4600 1512 4672 aliqui
1543 4603 1751 4657 Patres.
1782 4602 2039 4657 Ceterum
2070 4600 2293 4673 adnota,
2324 4602 2655 4676 Apostolum
2676 4616 2747 4656 ne
2774 4588 2977 4652 verbulo

470 4685 692 4756 quidem
719 4685 1005 4757 indicasse,
1037 4702 1096 4743 se
1127 4687 1352 4743 librum
1382 4689 1581 4759 citare3
1614 4704 1738 4743 cum
1770 4688 1960 4743 multis
1988 4688 2111 4747 aliis
2137 4688 2296 4761 haec,
2328 4705 2469 4763 quae
2492 4689 2683 4757 tradit,
2712 4681 2979 4743 traditione
