3050 5184
453 325 528 369 DE
571 325 896 370 EVANGELII
940 325 1252 369 SECUNDUM
1291 324 1490 368 Lucan
1533 323 1960 368 DssanA'rtoNE
2001 325 2078 366 ET
2122 323 2287 367 FINE.
2530 307 2649 366 483

103 455 374 512 omnibus
400 455 516 511 suis
541 456 846 523 itineribus,
881 464 1184 526 antequam
1212 454 1506 526 gentilibus
1529 453 1891 527 praedicaret,
1925 452 2145 511 Iudaeis
2172 454 2371 512 obtulit
2398 455 2648 524 Evange-

103 543 246 599 lium
277 547 434 609 (Act.
465 549 645 613 13,14.
675 549 954 612 46314,1-‚
994 548 1180 610 16,13;
1217 549 1339 611 17,2
1363 547 1515 609 ete).

185 697 253 754 8.
291 727 369 738 -
393 695 588 754 Porro
618 694 812 754 simili
839 694 1112 766 ratione,
1147 710 1270 769 qua
1299 692 1358 754 S.
1403 693 1632 752 Paulus
1665 692 2193 753 universalitatem
2231 692 2449 752 salutis
2488 707 2648 750 mes-

105 790 387 850 sianicae
418 807 670 868 semper
697 790 998 861 asseruit,
1029 789 1090 851 S.
1123 788 1318 850 Lucas
1349 789 1414 848 in
1443 789 1778 867 Evangelio
1810 807 1927 848 suo
1960 789 2024 848 id
2057 789 2176 849 sibi
2217 787 2545 866 proposuit
2581 793 2651 846 ut

106 887 403 956 doceret,
437 886 631 946 Iesum
659 905 778 947 esse
808 909 838 940 «
877 887 1173 959 salutare,
1204 885 1366 965 quod
1389 890 1635 965 paravit
1658 885 1817 946 Deus
1839 891 1981 946 ante
2004 883 2221 963 faeiem
2260 889 2521 944 omnium
2548 901 2651 961 po-

105 983 430 1060 palorum,
461 985 660 1044 lumen
699 983 782 1044 ad
807 983 1224 1044 revelationem
1260 982 1523 1058 yentium
1552 987 1609 1042 et
1650 983 1912 1060 qloriam
1950 981 2142 1059 plebis
2182 999 2323 1040 suae
2366 979 2559 1040 Israel
2580 998 2645 1052 »;

105 1080 331 1156 quodsi
346 1083 540 1138 maior
560 1080 928 1140 Iudaeorum
945 1097 1086 1158 pars
1099 1078 1357 1157 plor-iam
1375 1081 1567 1154 qentis
1579 1097 1727 1138 >suae
1748 1097 1871 1138 non
1889 1083 2259 1154 αρηοεσενεε,
2292 1077 2358 1136 id
2378 1076 2500 1136 illis
2510 1076 2651 1136 solis

107 1195 236 1236 esse
269 1176 716 1236 attribuendum
737 1221 754 1250 ‚
803 1181 1087 1253 quoniam
1124 1176 1509 1254 praeiudiciis
1554 1179 1677 1234 suis
1714 1175 2011 1235 occaecati
2038 1177 2387 1252 effecissent,
2430 1179 2501 1234 ut
2537 1174 2653 1232 sibi

107 1279 236 1334 iam
263 1292 392 1333 non
419 1279 567 1333 esset
603 1277 668 1332 in
699 1277 1188 1334 resurrectionem
1219 1271 1322 1332 sed
1356 1276 1420 1330 in
1451 1274 1713 1331 ruinam.

179 1389 250 1441 In
280 1386 568 1458 prooemio
599 1384 824 1457 quidem
850 1385 1136 1458 Evangelii
1163 1387 1218 1442 S.
1249 1387 1428 1440 Lucas
1454 1385 1677 1454 asserit,
1706 1400 1763 1441 se
1786 1399 1975 1442 rerum
2002 1385 2446 1454 evangelicarum
2476 1383 2651 1438 histo-

105 1475 254 1528 riam
279 1473 528 1539 tradere,
546 1481 610 1528 ut
632 1475 868 1529 lectores
897 1494 924 1525 α
946 1479 1342 1545 cognoscerent
1361 1473 1470 1539 (vel
1489 1473 1673 1544 potius
1698 1493 1711 1527 :
1738 1480 1995 1528 accurate
2016 1477 2431 1544 cognoscerent)
2451 1470 2651 1527 doctri-

103 1577 342 1628 narum,
373 1575 508 1632 quas
533 1561 672 1616 orali
693 1561 1038 1617 institutione
1059 1549 1424 1632 acceperant,
1460 1559 1846 1616 certitudinem
1870 1581 1931 1629 »ς
1962 1560 2058 1615 illa
2084 1560 2253 1631 igitur
2280 1558 2570 1614 dumtaxat
2594 1557 2651 1612 in

101 1648 448 1705 memoriam
475 1664 736 1704 revocare
761 1658 819 1704 et
846 1649 1164 1706 testimonio
1193 1665 1324 1717 suo,
1352 1647 1502 1718 quod
1535 1647 1785 1714 diligenti
1812 1657 1866 1704 et
1904 1647 2115 1704 sollerti
2146 1646 2485 1703 innitebatur
2505 1648 2651 1703 inve-

103 1736 428 1808 stigationi,
461 1736 790 1792 confirmare
819 1737 1019 1805 voluit,
1052 1751 1194 1808 quae
1219 1735 1484 1808 neophyti
1511 1737 1622 1790 iam
1656 1734 1989 1804 didicerant;
2016 1735 2137 1792 illos
2160 1735 2307 1792 enim
2333 1734 2530 1803 libros,
2560 1735 2651 1807 qui

105 1839 364 1896 eousque
389 1823 448 1880 in
478 1823 714 1880 eundem
753 1824 922 1881 finem
959 1823 1255 1896 conscripti
1283 1832 1470 1891 erant,
1501 1823 1574 1878 ad
1602 1839 1731 1878 eum
1768 1821 2173 1894 assequendum
2204 1824 2389 1879 minus
2422 1822 2653 1879 idoneos

101 1911 303 1968 babuit
335 1915 548 1980 (1‚1-4).
581 1916 655 1968 At
684 1913 775 1968 hic
805 1913 984 1982 potius
1013 1921 1096 1968 est
1124 1921 1384 1968 externus
1412 1910 1699 1980 scriptoris
1721 1911 1876 1978 finis3
1907 1912 2159 1966 internus
2186 1927 2316 1966 vero
2344 1910 2470 1966 libri
2502 1911 2653 1967 idem

101 2003 196 2056 ille
239 2008 356 2068 est,
394 2015 565 2072 >quem
595 2003 650 2056 S.
693 2001 926 2066 Paulus,
962 2001 1118 2055 cuius
1149 1996 1611 2070 praedicationem
1645 1999 1819 2054 literis
1848 1998 2141 2054 mandasse
2176 1996 2405 2055 tradunt
2432 2001 2647 2063 PatreS,

103 2091 158 2143 in
205 2087 592 2145 catechesibus
634 2089 748 2142 suis
788 2095 1108 2157 prosecutus
1137 2096 1266 2154 -est;
1311 2086 1542 2142 Actibus
1582 2091 1775 2158 Apost.
1816 2095 2002 2142 autem
2046 2095 2103 2142 et
2132 2086 2376 2157 epistolis
2418 2087 2653 2158 paulinis

101 2183 354 2242 constat,
383 2175 650 2246 Apostolo
678 2175 926 2247 gentium
953 2190 1172 2246 semper
1199 2174 1368 2230 fuisse
1404 2173 1805 2242 laborandum,
1840 2183 1902 2230 ut
1938 2172 2333 2230 iudaizantium
2361 2174 2651 2230 doctorum

107 2289 130 2313 a
165 2262 690 2334 transfigurandum
724 2279 782 2318 se
819 2264 872 2317 in
911 2263 1204 2334 Apostolos
1241 2262 1446 2318 Christi
1485 2281 1508 2314 ι
1548 2269 1781 2318 conatus
1818 2271 1875 2316 et
1900 2260 2181 2317 doctrinas
2212 2262 2519 2329 refelleret,
2560 2263 2651 2336 qui

103 2349 422 2422 pharisaico
464 2351 658 2422 spiritu
695 2349 844 2406 ducti
883 2351 1014 2406 solis
1053 2347 1274 2406 Iudaeis
1311 2367 1342 2404 a
1384 2350 1605 2404 Christo
1650 2350 1885 2405 salutem
1920 2365 2039 2404 esse
2080 2350 2308 2405 allatam
2346 2348 2649 2418 docebant,

103 2437 346 2494 ethnicis
376 2453 507 2492 vero
537 2439 652 2492 eius
691 2447 903 2507 partem
929 2437 1236 2510 negabant,
1267 2438 1371 2492 nisi
1401 2452 1496 2507 per
1537 2436 1879 2492 Iudaismum
1915 2436 1983 2492 ad
2019 2437 2297 2493 Christum
2328 2436 2654 2494 accederent

100 2537 312 2582 etcum
343 2539 484 2580 nova
515 2523 764 2581 doctrina
785 2525 1080 2581 christiana
1099 2527 1386 2596 antiquam
1405 2527 1609 2598 Legem
1630 2525 1909 2580 iudaicam
1930 2525 1988 2580 in
2012 2541 2071 2580 se
2090 2525 2450 2596 susciperent.
2472 2529 2649 2595 Quam

99 2615 170 2670 ob
201 2628 440 2670 causam
467 2615 524 2668 S.
547 2613 752 2670 Paulus
770 2613 934 2669 toties
959 2614 1017 2668 in
1044 2612 1290 2684 epistolis
1309 2612 1781 2668 universalitatem
1808 2613 2001 2668 salutis
2028 2613 2389 2669 messianicae
2410 2630 2653 2671 asserere

99 2701 326 2768 debuit,
360 2708 528 2771 atquc
557 2701 746 2772 procul
777 2701 943 2756 dubio
969 2701 1136 2756 etiam
1166 2701 1223 2755 in
1242 2699 1620 2756 catechesibus
1642 2699 1905 2756 continuo
1930 2701 2081 2756 illam
2113 2699 2293 2756 thesin
2322 2701 2650 2771 inculcavit,

100 2807 252 2863 quae
275 2789 638 2860 praecipuum
667 2796 1054 2860 argumentum
1083 2788 1368 2844 constituit
1397 2788 1665 2860 epistolae
1686 2789 1759 2843 ad
1790 2791 1952 2844 Rom.
1980 2806 1995 2843 ε
2032 2809 2057 2840 α
2089 2789 2450 2861 Evangelium
2482 2789 2655 2847 virtus

100 2889 182 2934 est
215 2876 378 2932 omni
405 2875 674 2944 credenti,
702 2876 906 2932 Iudaeo
927 2877 1166 2947 primum
1188 2885 1244 2931 et
1264 2876 1477 2932 Graeco
1499 2897 1552 2931 »-
1576 2878 1631 2932 S.
1656 2877 1837 2931 Lucas
1867 2891 2021 2942 vero,
2052 2877 2097 2931 si
2126 2875 2385 2932 ecclesias
2402 2878 2655 2948 paulinas

99 2968 154 3022 in
181 2981 258 3021 ea
285 2963 427 3032 fide,
457 2980 624 3035 quam
667 2964 806 3019 orali
833 2964 1181 3020 institutione
1209 2972 1566 3035 acceperant,
1598 2963 1931 3019 confirmare
1970 2964 2167 3030 voluit,
2203 2963 2437 3020 eandem
2468 2963 2651 3020 thesin

97 3057 152 3110 in
179 3069 292 3108 suo
321 3051 623 3124 Evangelio
653 3051 1036 3108 demonstrare
1064 3051 1276 3108 debuit.

167 3139 360 3206 Quem
389 3138 448 3193 in
475 3139 644 3194 tinem
669 3138 854 3195 thesin
885 3139 1182 3205 Matthaei,
1217 3141 1401 3194 Iesum
1429 3155 1551 3194 esse
1580 3140 1839 3194 Messiam
1868 3140 1923 3194 in
1952 3140 2099 3211 Lege
2127 3140 2459 3210 promissum
2478 3181 2491 3207 ,
2524 3156 2652 3196 eum

99 3227 242 3282 thesi
274 3227 474 3292 Marci,
499 3229 684 3282 lesum
708 3243 828 3282 esse
855 3226 1056 3282 Filium
1083 3227 1206 3294 Dei,
1229 3227 1385 3298 quasi
1413 3227 1698 3282 coniunxit
1720 3235 1777 3282 et
1802 3235 2098 3298 utramque
2126 3226 2289 3283 simul
2314 3227 2654 3285 demonstra-

101 3314 173 3369 vit
197 3312 510 3369 ostendeus
535 3314 816 3370 Christum
839 3331 1032 3384 pacem
1060 3315 1415 3370 annuntiasse
1442 3315 1531 3382 iis,
1564 3314 1657 3387 qui
1684 3315 1847 3388 longe
1876 3313 2117 3379 fuerunt,
2146 3325 2201 3370 et
2227 3315 2313 3382 iis,
2338 3317 2432 3388 qui
2458 3332 2649 3390 prope,

97 3411 270 3473 atque
299 3417 403 3473 per
429 3402 611 3473 ipsum
639 3418 834 3458 omnes
859 3403 920 3457 in
941 3419 1051 3458 uno
1083 3403 1292 3474 Spiritu
1311 3418 1593 3458 accessum
1615 3403 1821 3458 habere
1851 3402 1923 3458 ad
1942 3405 2160 3459 Patrem
2183 3405 2345 3474 (Eplt.
2372 3411 2502 3474 2‚17
2522 3411 2653 3478 sq.).

105 3491 166 3544 ld
209 3489 653 3545 luculentissime
686 3505 754 3544 ex
793 3489 858 3544 iis
880 3491 991 3545 iam
1035 3491 1244 3558 elucet,
1285 3505 1425 3562 quae
1453 3488 1524 3545 de
1549 3490 1835 3562 Evangelii
1861 3488 2227 3546 destinatione
2252 3492 2512 3548 diximus,
2539 3494 2655 3550 Etsi

101 3586 188 3632 tot
215 3577 509 3644 vaticinia,
541 3586 675 3647 quot
702 3579 758 3634 S.
791 3578 1136 3646 Matthaeu5‚
1175 3593 1289 3633 non
1327 3577 1553 3645 afferat,
1597 3595 1662 3634 ex
1693 3578 1915 3634 duobus
1948 3579 2138 3648 primis
2166 3580 2438 3648 capitibus
2468 3588 2649 3636 tamen

107 3664 297 3720 ludaei
325 3664 386 3718 in
421 3665 565 3730 Iesu,
597 3664 709 3719 iilic
735 3664 982 3735 Davidis,
1015 3681 1045 3720 e
1073 3665 1283 3736 virgine
1310 3665 1368 3720 in
1398 3665 1619 3720 civitate
1646 3663 1874 3721 Davidis
1903 3675 2055 3735 nato,
2086 3682 2121 3722 a
2151 3668 2375 3723 senibus
2400 3667 2653 3723 Simeone

105 3761 158 3804 et
189 3757 356 3806 Anna
398 3753 616 3822 agnito,
658 3753 913 3808 Messiam
955 3767 1120 3808 suum
1155 3751 1490 3825 promissum
1519 3767 1853 3824 cognoscere
1892 3755 2193 3822 potuerunt
2227 3763 2283 3809 et
2316 3753 2650 3821 debuerunt3

113 3848 284 3910 atque
309 3838 520 3894 ethnici
547 3854 612 3894 ex
641 3838 836 3895 iisdem
865 3839 1134 3910 capitibus
1160 3840 1218 3896 iu
1241 3837 1440 3896 eodem
1469 3840 1611 3909 lesu,
1642 3847 1728 3895 tot
1755 3839 2057 3909 miraculiS,
2081 3857 2221 3912 quae
2240 3843 2297 3895 in
2316 3840 2459 3895 illius
2487 3841 2656 3911 ipsius

117 3935 171 3981 et
206 3928 266 3981 in
302 3927 420 3981 eius
460 3929 834 3998 praecursoris
867 3927 1290 3986 annuntiatione
1319 3942 1384 3986 ac
1409 3927 1697 3983 nativitate
1726 3927 1869 3983 facta
1899 3937 2055 3996 sunt,
2088 3929 2423 4000 glorificato,
2456 3928 2653 3986 Filium

119 4015 382 4069 Altissimi
421 4029 751 4086 cognoscere
786 4023 1085 4086 potuerunt
1124 4023 1178 4070 et
1207 4013 1539 4074 debuerunt.
1574 4017 1750 4072 Porro
1789 4015 1883 4072 ubi
1927 4019 2078 4071 lesus
2105 4017 2278 4087 prima
2312 4016 2423 4070 vice
2452 4017 2657 4072 docens

113 4101 406 4157 exhibetur
437 4105 728 4170 ΗΑΒ-30),
765 4102 954 4159 ludaei
991 4123 1016 4154 «ι
1046 4102 1298 4159 Unctum
1325 4123 1354 4155 n
1388 4104 1596 4176 Spiritu
1630 4107 1687 4162 S.
1719 4104 1789 4158 ab
1821 4103 1962 4159 isaia
1988 4108 2155 4171 (61,·1)
2182 4103 2527 4174 praedictum
2559 4120 2653 4159 co-

115 4189 481 4259 gnoscebant,
514 4189 605 4262 qui
635 4190 833 4246 missus
860 4199 1006 4246 esset
1028 4191 1410 4262 evangelizare
1438 4192 1772 4265 pauperibus
1802 4200 1857 4247 et
1894 4190 2127 4246 liberare
2156 4191 2419 4261 σειρῆνος,
2452 4191 2655 4246 ethnici

117 4293 250 4331 vero
279 4293 334 4332 se
364 4293 582 4349 quoque
625 4278 768 4335 inter
803 4279 927 4335 illos
964 4295 1232 4349 pauperes
1260 4287 1317 4334 et
1342 4280 1589 4350 captivos
1620 4295 1737 4336 esse
1777 4279 2174 4345 edocebantur,
2207 4293 2443 4350 quorum
2485 4295 2649 4336 causa

113 4373 342 4418 venerat
379 4367 666 4421 Dominus
714 4369 927 4422 Revera
961 4366 1021 4420 in
1061 4367 1164 4421 hac
1199 4367 1514 4422 narratione
1558 4383 1837 4422 summum
1875 4367 2030 4436 quasi
2059 4374 2446 4437 argumentum
2484 4369 2651 4424 totius

116 4453 395 4522 Evangelii
423 4455 764 4525 proponitur,
795 4453 944 4525 quod
974 4462 1154 4512 totum
1183 4455 1239 4509 in
1275 4471 1342 4511 eo
1368 4465 1465 4524 est,
1501 4462 1564 4509 ut
1590 4455 1861 4510 infinitam
1891 4453 2328 4509 misericordiam
2364 4456 2645 4525 ostendat,

113 4553 224 4609 qua
252 4541 520 4596 Dominus
558 4555 749 4596 omnes
787 4542 1014 4598 omnino
1053 4542 1307 4598 homines
1344 4543 1717 4614 amplectitur.
1759 4542 1921 4598 Solus
1947 4542 2002 4596 S.
2036 4543 2215 4598 Lucas
2242 4541 2403 4598 nobis
2432 4553 2644 4613 narrat,

111 4627 396 4696 quomodo
435 4630 712 4686 Dominus
756 4631 1017 4688 misertus
1063 4631 1134 4688 sit
1181 4631 1495 4702 peccatricis
1532 4635 1677 4698 <7,37
1708 4635 1875 4703 sqq.),
1915 4629 2151 4688 Zachaei
2190 4632 2465 4703 publicani
2500 4637 2638 4700 (19,1
