3050 5184
369 266 486 324 464
528 281 602 323 m:
645 280 781 324 Novl
813 280 978 324 TEs‘r.
1025 278 1209 322 unius
1247 275 1603 320 msromcis.
1638 291 1717 303 ¹—
1744 276 1875 320 CAP.
1912 279 1955 320 1.
2006 279 2081 322 1)ss
2124 281 2482 326 ssvANGELns
2518 279 2865 326 SYNOPTICIS.

437 411 524 482 d.)
549 416 809 468 Attamen
835 411 987 466 hisee
1015 411 1229 482 integer
1255 405 1637 478 Evangelistae
1666 406 1790 462 finis
1818 409 2091 465 contineri
2114 427 2229 466 non
2258 421 2458 482 potest.
2492 411 2703 467 Etenim
2726 411 2767 464 si
2792 412 2878 466 Iu-

371 497 538 554 daeos
565 513 860 556 conversos
881 499 937 554 in
963 497 1074 553 fide
1102 495 1452 562 confirmare,
1479 494 1616 550 alios
1645 495 2027 568 contribules,
2062 499 2157 570 qui
2183 498 2363 555 bonae
2396 507 2554 556 erant
2578 499 2878 555 voluntatis.

372 586 440 640 ad
469 588 768 642 Ecclesiam
797 585 1074 643 adducere
1101 584 1295 653 voluit,
1321 583 1633 640 necessario
1660 581 1924 640 solvenda
1964 594 2085 642 erat
2116 587 2207 642 illa
2234 587 2493 656 obiectio,
2524 602 2661 658 quac
2696 601 2757 640 ex
2794 587 2883 640 Ec-

373 674 568 729 clesiae
591 675 756 729 initiis
779 690 877 730 sua
907 681 1104 746 sponte
1127 669 1476 728 exoriebatur
1508 691 1522 725 :
1558 671 1838 742 quomodo
1867 671 1947 739 fit,
1980 681 2043 728 ut
2071 674 2245 741 IesuS,
2278 675 2325 730 si
2348 681 2433 730 est
2460 689 2621 730 verus
2650 673 2878 734 Messias,

374 777 404 815 a
433 761 674 833 legitima
703 761 893 834 populi
919 759 1247 816 auctoritate
1289 767 1344 814 et
1372 758 1583 814 maiore
1620 756 1954 815 Iudaeorum
1992 769 2149 831 parte
2176 778 2288 818 non
2328 764 2692 835 agnoscatur?
2718 776 2812 815 cur
2838 760 2885 813 in

374 865 605 921 regnum
633 850 1041 917 messianicum,
1073 847 1145 903 ad
1175 847 1325 919 quod
1349 846 1569 901 Iudaeis
1592 845 1833 917 primum
1860 846 1947 903 ius
1974 849 2259 919 competit,
2291 849 2451 922 pauci
2480 847 2671 905 ludaei
2696 856 2751 904 et
2776 847 2887 918 plu-

373 937 494 992 rimi
524 938 754 1008 gentiles
778 937 1023 992 intrant?
1049 937 1266 992 Revera
1287 934 1432 990 hanc
1459 933 1829 990 obiectionem
1854 935 1911 990 S.
1932 936 2251 993 Matthaeus
2278 938 2542 993 continuo
2571 951 2706 1008 prae
2732 935 2889 990 oculis

375 1023 542 1079 habet
568 1040 800 1096 eamque
827 1023 991 1079 solvit
1009 1039 1108 1095 per
1133 1029 1316 1078 totum
1344 1020 1547 1077 librum
1566 1019 1892 1090 ostendenS‚
1920 1022 2158 1080 Iudaeos
2182 1033 2238 1080 et
2263 1025 2503 1080 maxime
2526 1039 2717 1080 eorum
2740 1021 2890 1078 duces

377 1111 718 1182 praeiudiciis
746 1121 801 1167 et
841 1111 1079 1182 peccatis
1115 1110 1229 1166 suis
1265 1110 1366 1166 sibi
1404 1109 1552 1180 ipsos
1592 1108 1735 1164 viam
1776 1110 1970 1166 salutis
2012 1111 2391 1182 praeclusisse,
2426 1113 2661 1185 gentiles
2702 1111 2889 1166 maiore

374 1213 502 1254 cum
526 1198 960 1271 promptitudine
987 1197 1060 1255 ad
1087 1211 1211 1253 eam
1237 1213 1296 1253 se
1327 1211 1703 1269 praeparasse.
1737 1195 1845 1252 Piis
1871 1197 1983 1253 illis
2020 1200 2356 1270 pastoribus,
2397 1215 2537 1271 quos
2588 1198 2796 1271 primos
2832 1197 2889 1252 ad

377 1287 598 1343 Domini
626 1301 886 1359 praesepe
914 1284 1126 1342 venisse
1172 1283 1342 1342 refert
1380 1287 1436 1342 S.
1469 1285 1677 1352 Lucas,
1720 1286 2121 1354 praetermissis
2162 1289 2217 1343 S.
2264 1287 2581 1344 Matthaeus
2630 1287 2802 1358 Magis
2836 1301 2889 1340 ex

373 1382 622 1429 extremo
649 1375 878 1430 Oriente
900 1373 1314 1430 accurrentibus
1335 1373 1565 1442 opponit
1589 1391 1615 1423 α
1636 1372 1911 1443 principes
1934 1383 1991 1429 et
2018 1372 2335 1430 sacerdotes
2354 1396 2409 1442 n,
2435 1375 2531 1446 qui
2560 1374 2739 1447 Magis
2767 1373 2889 1428 viam

377 1462 597 1532 quidem
625 1462 939 1530 ostendunt,
971 1461 1068 1517 sed
1095 1462 1201 1532 ipsi
1227 1458 1488 1516 socordes
1519 1459 1576 1514 in
1612 1459 1793 1515 vicina
1829 1461 2133 1518 Ierusalem
2173 1471 2484 1518 remanent.
2524 1462 2771 1517 Vixdum
2796 1464 2887 1515 Pe-

378 1558 524 1605 trum
550 1559 716 1622 caput
741 1550 1020 1606 Ecclesiae
1048 1564 1180 1604 suae
1208 1547 1548 1616 instituerat,
1591 1547 1861 1603 Dominus
1899 1564 1958 1604 se
1986 1550 2161 1606 multa
2200 1551 2311 1622 pati
2348 1559 2609 1620 oportere
2640 1548 2891 1623 praedixit

381 1657 409 1687 ι
438 1653 469 1692 a
497 1637 804 1694 senioribus
827 1646 883 1694 et
911 1637 1104 1693 scribis
1130 1644 1188 1692 et
1216 1634 1553 1706 principibus
1580 1633 1933 1691 sacerdotum
1962 1655 2015 1704 n,
2044 1653 2213 1708 quam
2236 1638 2678 1709 praedictionem
2699 1635 2894 1708 repetiit

375 1733 506 1781 ante
533 1726 790 1782 ultimum
819 1740 982 1781 suum
1017 1725 1122 1780 iter
1153 1723 1664 1794 ierosolymitanum
1700 1727 1913 1792 (16‚21;
1953 1729 2120 1793 20,18
2160 1730 2289 1796 sq.).
2320 1724 2696 1781 Praedictioni
2725 1733 2891 1780 autem

307 1875 316 1885 ‚
376 1822 636 1868 eventum
661 1812 1007 1884 respondisse
1025 1810 1268 1867 ostendit
1294 1809 1638 1879 MatthaeuS,
1673 1826 1845 1881 quum
1875 1811 1935 1866 in
1962 1820 2079 1867 tota
2112 1813 2382 1882 passionis
2410 1812 2734 1868 narratione
2766 1833 2789 1862 α
2818 1827 2888 1865 se·

379 1900 559 1956 nioroe
585 1909 642 1956 et
669 1899 938 1972 principes
967 1898 1279 1954 sacerdotes
1310 1921 1336 1947 n
1369 1898 1575 1969 primas
1603 1907 1785 1969 partes
1814 1899 1987 1971 egisse
2022 1909 2077 1956 et
2114 1908 2240 1971 post
2266 1909 2505 1956 mortem
2542 1909 2602 1956 et
2632 1915 2891 1956 resurrec-

375 1987 582 2044 tionem
605 1989 834 2045 Domini
860 1989 1028 2042 etiam
1053 1987 1346 2058 discipulos
1371 1987 1487 2041 eius
1513 1986 1802 2042 calumniis
1828 1995 2143 2058 persecutos
2170 2003 2291 2042 esse
2318 1988 2541 2043 referat.
2570 1991 2831 2044 Attamen
2856 1987 2893 2042 si

377 2074 582 2132 ducum
609 2078 828 2147 eulpam
851 2075 1041 2130 multis
1063 2073 1255 2142 refert,
1278 2073 1465 2145 populi
1491 2074 1659 2144 ipsius
1688 2073 2031 2130 horrendum
2059 2083 2346 2146 peccatum
2371 2091 2485 2132 non
2510 2090 2743 2146 prorsus
2768 2083 2895 2129 tacet

376 2164 600 2233 (2⁷‚25)·
628 2163 882 2219 Profecto
909 2161 1101 2217 Iudaei
1127 2161 1398 2224 conversi,
1430 2161 1529 2235 qui
1563 2160 1701 2216 haec
1738 2162 2015 2234 legebant,
2056 2178 2171 2218 non
2200 2171 2466 2234 poterant
2500 2179 2621 2218 non
2652 2161 2895 2219 admirari

375 2250 516 2306 iusta
547 2252 651 2306 Dei
675 2250 872 2306 iudicia
903 2271 916 2305 :
957 2271 982 2300 α
1027 2250 1152 2322 quia
1195 2249 1474 2305 auferetur
1495 2266 1529 2304 a
1572 2248 1728 2304 vobis
1764 2265 1997 2322 regnum
2037 2251 2137 2305 Dei
2176 2260 2232 2305 et
2260 2249 2482 2306 dabitur
2510 2251 2665 2322 genti
2695 2249 2895 2306 facienti

377 2337 590 2395 fruetus
617 2340 732 2394 eius
761 2359 786 2390 n
821 2341 1123 2408 (21,28-31.
1149 2343 1263 2405 43),
1293 2337 1615 2408 praesertim
1656 2337 1701 2392 si
1728 2337 1800 2392 ad
1828 2336 1995 2393 fidem
2027 2336 2400 2406 attenderunt,
2431 2353 2603 2408 quam
2645 2340 2897 2394 Dominus

377 2425 524 2497 apud
563 2427 813 2482 ethnicos
841 2426 1154 2483 inveniebat
1181 2429 1322 2494 (8,5;
1367 2431 1567 2493 15,31;
1603 2431 1767 2492 27,54
1810 2424 1893 2481 cfr
1935 2432 2089 2495 11,21
2124 2441 2247 2498 sqq.
2278 2431 2427 2493 ete.).
2464 2457 2537 2466 —
2576 2427 2681 2483 Cui
2712 2426 2895 2482 ducum

373 2515 571 2586 culpae
595 2513 848 2570 addenda
879 2522 960 2570 est
986 2529 1240 2586 perversa
1266 2513 1691 2569 Pharisaeorum
1710 2511 1982 2582 doctrina,
2012 2513 2080 2569 ad
2110 2529 2279 2586 quam
2298 2523 2489 2585 utpote
2508 2513 2583 2570 ad
2614 2515 2897 2570 maximum

379 2604 658 2676 Evangelii
688 2602 1145 2673 impedimentum
1170 2600 1383 2672 primus
1418 2601 1765 2672 Evangelista
1794 2613 2013 2671 semper
2040 2599 2297 2657 attendit.
2330 2601 2719 2659 Pharisaicum
2752 2601 2895 2674 spiri-

374 2701 516 2762 tum,
551 2693 642 2764 qui
670 2691 935 2764 sanguine
959 2689 1360 2745 abrahamitico
1391 2696 1446 2743 et
1475 2697 1700 2743 externa
1727 2687 1893 2760 Legis
1924 2687 2311 2745 observatione
2348 2689 2592 2746 confisus
2627 2692 2897 2760 poeniten·

379 2780 510 2836 tiam
533 2780 734 2850 renuit,
755 2780 864 2834 iam
894 2795 922 2834 a
950 2779 1006 2834 S.
1031 2779 1237 2833 Ioanne
1259 2779 1417 2848 Bapt.
1447 2776 1832 2848 impugnatum
1856 2775 2025 2831 refert
2045 2781 2157 2844 (3,7
2178 2781 2354 2848 sqq.);
2387 2776 2592 2834 deinde
2614 2779 2897 2835 Domiuum

378 2868 616 2923 ostendit
657 2867 1022 2939 phar1saieam
1069 2865 1337 2920 iustitiam
1377 2862 1719 2919 reiieientem
1764 2865 1910 2932 (5,2o
1952 2869 2099 2936 sqq.)
2137 2865 2512 2936 continuoque
2546 2881 2681 2922 cum
2718 2865 2896 2921 Phari-

377 2956 516 3011 saeis
541 2957 948 3022 colluctantem,
983 2969 1158 3025 usque
1204 2951 1339 3007 dum
1379 2951 1566 3022 paucis
1606 2957 1735 3007 ante
1782 2951 2095 3022 passionem
2136 2950 2330 3008 diebus
2370 2951 2896 3008 vehementissimam

374 3045 528 3099 illam
554 3044 864 3098 orationem
903 3050 1096 3096 eontra
1134 3039 1360 3095 eosdem
1402 3037 1629 3102 habuit,
1669 3059 1694 3088 α
1738 3039 1832 3110 qui
1870 3037 2139 3094 claudunt
2175 3055 2409 3111 regnum
2446 3041 2736 3096 coelorum
2779 3047 2891 3094 ante

379 3131 630 3187 homines
649 3146 828 3201 neque
851 3131 952 3200 ipsi
978 3131 1187 3184 intrant
1214 3143 1318 3182 nec
1346 3126 1483 3182 alios
1510 3127 1698 3182 sinunt
1716 3128 1926 3182 intrare
1953 3149 1977 3177 »
2013 3132 2304 3197 (23,1-39).
2336 3128 2443 3196 Qui
2468 3127 2705 3184 adhaec
2726 3127 2893 3183 omnia

371 3218 690 3286 attenderit,
719 3216 876 3273 facile
916 3214 1198 3282 concedet,
1244 3214 1592 3271 Matthaeum
1620 3214 1789 3269 etiam
1824 3215 2101 3286 explicare
2140 3214 2405 3283 voluisse,
2440 3231 2541 3270 eur
2580 3215 2683 3272 filii
2711 3215 2893 3272 domus

373 3308 486 3361 sint
515 3305 672 3361 eiecti
693 3307 751 3361 in
781 3321 1081 3376 eorumque
1113 3306 1234 3359 loco
1258 3300 1503 3359 extranei
1523 3301 1749 3372 recepti.

1038 3490 1307 3546 Quat-:sno
1333 3487 1397 3536 V.
1425 3513 1488 3522 —
1513 3486 1591 3534 De
1612 3488 1759 3546 primi
1784 3487 2042 3548 Evangelii
2064 3489 2246 3538 ordine.

455 3654 551 3710 1⁶2.
587 3684 656 3692 —
693 3650 826 3709 Fini
859 3667 969 3708 suo
1002 3648 1355 3726 dogmatico
1392 3649 1455 3705 et
1481 3645 1874 3723 apologetico
1904 3647 2181 3707 intentus
2206 3647 2269 3707 S.
2308 3647 2663 3708 Matthaeus
2696 3649 2758 3706 in
2785 3663 2898 3706 ma-

369 3765 491 3826 gna
521 3747 664 3807 libri
695 3746 792 3806 sui
818 3751 994 3825 parte
1022 3741 1422 3824 (4‚12-14‚12)
1445 3747 1808 3819 temporum
1828 3743 2070 3803 ratione
2101 3745 2382 3822 seposita
2410 3762 2513 3804 res
2542 3749 2751 3822 gestas
2780 3761 2897 3803 ser-

375 3861 716 3921 monesque
743 3841 996 3902 Domini
1028 3858 1104 3900 ex
1130 3839 1320 3900 variis
1350 3838 1632 3918 publicae
1658 3838 1823 3898 vitae
1855 3839 2133 3917 periodis
2163 3841 2430 3918 colligit,
2458 3845 2525 3901 ut
2544 3841 2755 3901 Iesum
2776 3855 2895 3898 esse

377 3942 666 4000 Messiam
710 3940 1128 4012 demonstret;
1161 3939 1498 4015 postquam
1537 3953 1685 3994 vero
1718 3935 1924 3995 thesin
1968 3953 2147 3996 suam
2188 3936 2653 3998 demonstravit
2685 3941 2748 3996 et
2777 3937 2898 3995 illu-

371 4039 620 4103 stravit,
653 4037 732 4097 ad
761 4034 1271 4112 chronologicum
1301 4032 1587 4092 ordinem
1615 4032 1976 4103 revertitur,
2002 4050 2189 4110 quem
2222 4035 2287 4092 in
2316 4033 2579 4092 historia
2608 4031 2895 4093 infantiae

373 4140 622 4196 secutus
651 4137 803 4194 erat.

439 4249 786 4318 Quicumque
813 4247 916 4301 tria
943 4245 1223 4317 synoptica
1253 4241 1551 4314 Evangelia
1576 4243 1721 4298 inter
1747 4257 1807 4296 se
1830 4243 2257 4313 comparaverit,
2288 4245 2479 4299 statim
2504 4241 2889 4313 deprehendet,

367 4335 593 4389 easdem
623 4351 706 4389 res
728 4343 907 4406 gestas
934 4332 1268 4403 eosdemque
1297 4345 1582 4386 sermones
1612 4329 1837 4384 Domini
1866 4329 2029 4401 plane
2053 4329 2269 4386 diverso
2294 4344 2442 4386 nexu
2470 4329 2785 4402 frequenter
2808 4343 2889 4382 re-

371 4421 531 4490 ferri,
571 4431 632 4476 ut
656 4421 877 4476 evidens
905 4421 992 4488 sit,
1024 4437 1139 4475 non
1171 4433 1364 4474 omnes
1389 4417 1784 4489 chronologico
1812 4417 2007 4473 ordine
2032 4433 2125 4473 eas
2152 4417 2427 4474 retulisse.
2450 4419 2589 4474 Cum
2616 4419 2672 4473 S.
2714 4421 2886 4485 Augu·

369 4513 512 4560 stlno
539 4515 744 4576 autem,
777 4509 1038 4578 quoniam
1069 4508 1124 4562 S.
1157 4505 1474 4562 Matthaeus
1513 4520 1728 4574 eorum,
1762 4519 1905 4577 quae
1935 4513 2159 4574 narrat,
2190 4505 2349 4561 testis
2381 4505 2735 4561 immediatus
2766 4500 2884 4566 fuit,

369 4593 526 4646 multi
551 4594 684 4647 olim
703 4594 757 4647 in
782 4593 962 4663 primo
991 4594 1282 4665 Evangelio
1303 4593 1551 4651 ordinem
1576 4593 2030 4666 chronologicum
2050 4592 2467 4666 quaesiverunt,
2500 4605 2691 4649 verum
2718 4587 2875 4646 hodie
