3050 5184
706 318 781 361 nn
824 315 1071 361 ueneno
1116 316 1191 358 nr
1233 312 1654 357 msrmc‘noun
1697 311 2152 357 rnopnn'rnnun.
2586 291 2698 349 367

169 450 580 527 antiquioreS,
614 449 723 527 qui
762 465 961 525 usque
1000 447 1077 507 ad
1118 446 1301 507 Oziae
1343 444 1649 524 (Azariae)
1681 446 1936 505 circiter
1967 446 2236 503 aetatem
2269 440 2585 509 vixerunt,
2623 436 2698 497 ad

167 547 330 607 solos
358 547 651 623 aequales
680 562 829 607 suos
860 542 1182 623 ⁸docendos
1213 546 1276 603 et
1304 541 1708 619 corrigendos
1743 559 1779 600 a
1809 543 1936 600 Deo
1976 544 2150 599 erant
2178 537 2389 606 missi,
2424 535 2700 594 iuniores

168 659 308 704 vero
351 661 479 703 non
520 642 729 715 minus
772 640 1043 719 posteris
1084 654 1289 715 quam·
1317 638 1688 715 aequalibus
1738 635 2100 697 erudiendis
2147 638 2328 695 erant
2371 629 2696 698 destinati,

169 756 350 815 quare
384 739 574 799 etiam
601 754 923 797 sermones
954 754 1099 796 suos
1136 734 1408 795 scribere
1450 738 1597 794 sunt
1627 734 1802 806 iussi,
1838 732 1990 792 dum
2020 732 2412 807 antiquiores
2453 730 2702 805 praeter

168 836 379 895 aetatis
410 853 559 896 suae
590 834 923 895 historiam
952 832 1110 893 nihil
1142 831 1473 911 scripsisse
1506 830 1937 907 perhibentur.

236 958 389 1012 luter
417 957 756 1027 antiquiores
784 953 1212 1027 praeclarissimi
1249 960 1379 1007 sunt
1418 953 1566 1007 Elias
1594 960 1650 1006 et
1677 950 1918 1019 EliseuS,
1959 950 2058 1021 qui
2097 950 2200 1004 toti
2237 949 2294 1002 in
2341 963 2406 1002 eo
2435 954 2613 1014 erant,
2639 955 2702 999 ut

167 1058 387 1099 coaevos
416 1043 489 1099 ab
512 1042 826 1101 idololatria
855 1048 1179 1097 revocarent
1203 1048 1300 1097 aut
1322 1039 1381 1095 in
1420 1041 1569 1111 Lege
1593 1040 1898 1095 retinerent
1934 1058 1947 1093 ε
1987 1036 2309 1093 ardentibus
2336 1034 2446 1089 suis
2473 1034 2698 1089 concio-

168 1129 317 1187 nibus
338 1129 661 1186 auditorum
692 1127 859 1186 corda
890 1129 1108 1184 mollire
1136 1127 1502 1194 conabantur,
1535 1124 1844 1198 insignibus
1868 1125 2152 1181 miraculis
2181 1120 2555 1195 prodigiisque
2579 1136 2699 1176 ver-

168 1217 243 1273 bis
267 1218 381 1273 suis
411 1216 581 1273 fidem
618 1216 1010 1285 conciliabant,
1050 1216 1251 1285 impios
1288 1213 1596 1280 terrebant,
1623 1213 1741 1284 pios
1778 1211 2229 1281 consolabantur,
2265 1211 2440 1266 multa
2473 1223 2698 1280 quoque

166 1304 578 1375 praedicebant,
610 1306 711 1359 sed
741 1304 927 1359 omnia
957 1310 1081 1374 post
1110 1302 1277 1358 breve
1318 1309 1541 1373 tempus
1567 1308 1864 1367 eventura3
1896 1299 1967 1355 de
1994 1300 2196 1355 Messia
2245 1307 2430 1354 autem
2473 1296 2699 1367 eiusque

166 1408 327 1471 regnp
356 1391 499 1447 nihil
526 1392 882 1447 annuntiasse
906 1392 1183 1461 leguntur.
1215 1392 1439 1461 Integra
1466 1389 1636 1461 igitur
1665 1402 1860 1444 eorum
1887 1400 2018 1443 cura
2047 1386 2106 1440 in
2134 1385 2328 1441 aetatis
2359 1399 2492 1440 suae
2521 1382 2697 1440 homi-

169 1478 317 1533 nibus
339 1477 727 1535 convertendis
750 1476 1182 1548 coercendisque
1210 1492 1330 1533 sese
1354 1474 1696 1543 continebat,
1725 1490 1896 1545 quare
1926 1489 2066 1545 opus
2101 1490 2214 1529 non
2243 1479 2390 1541 erat,
2418 1479 2481 1527 ut
2507 1472 2696 1527 vatici-

166 1564 249 1621 nia
272 1581 369 1621 sua
398 1566 517 1621 iam
543 1567 768 1636 impleta
806 1564 1247 1621 transmitterent
1273 1564 1532 1635 posteris.
1573 1562 1794 1621 Similes
1837 1561 2062 1618 fuerunt
2102 1560 2439 1631 antiquiores
2477 1574 2698 1623 omneS,

168 1654 251 1723 qui
272 1668 471 1725 regum
502 1653 724 1725 quidem
748 1668 837 1707 res
864 1660 1047 1725 gestas
1074 1651 1432 1721 scripserunt,
1462 1658 1525 1704 ut
1555 1648 1787 1721 posteris
1815 1648 2132 1705 testimonio
2163 1655 2346 1703 essent
2374 1646 2612 1702 iustitiae
2637 1662 2702 1701 ac

165 1740 567 1797 misericordiae
604 1739 850 1807 divinae,
882 1737 1137 1795 vaticinia
1176 1747 1361 1794 autem
1389 1753 1485 1793 sua
1505 1779 1520 1805 ‚
1559 1739 1603 1793 si
1634 1752 1776 1809 quae
1805 1736 2128 1805 ediderunt,
2161 1735 2335 1791 literis
2371 1750 2485 1790 non
2517 1734 2695 1789 consi-

168 1838 417 1898 guar-unt.

228 1915 313 1971 Ab
340 1923 581 1972 exeunte
615 1923 801 1970 autem
830 1930 974 1970 saec.
1008 1920 1061 1971 9.
1093 1922 1148 1970 et
1175 1915 1400 1971 ineunte
1431 1930 1579 1969 saec.
1615 1919 1650 1968 8
1685 1928 1775 1969 res
1811 1922 1894 1968 est
1929 1921 2160 1967 mutata.
2195 1911 2410 1966 Etenim
2441 1911 2700 1981 quoniam

169 2020 258 2057 nec
296 2004 604 2073 primorum
638 2001 1039 2073 prophetarum
1075 2002 1301 2057 monitis
1342 2008 1439 2057 aut
1480 1999 1778 2073 prodigiis,
1819 2016 1923 2059 nec
1953 1998 2258 2055 minoribus
2300 1998 2703 2054 calamitatibus

168 2110 193 2143 a
222 2094 335 2146 Deo
372 2090 559 2145 missis
596 2090 695 2145 filii
732 2090 905 2146 Israel
941 2088 1012 2145 ad
1052 2089 1453 2161 poeniteutiam
1490 2095 1619 2145 sunt
1655 2078 1920 2157 adducti,
1950 2086 2292 2161 gravioribus
2329 2088 2518 2157 poenis
2556 2088 2704 2141 Deus

168 2194 346 2233 eorum
372 2178 618 2233 cervices
648 2176 901 2249 frangere
933 2176 1199 2246 decrevit,
1232 2186 1295 2233 ut
1322 2176 1600 2233 humiliati
1633 2176 1706 2233 ad
1731 2176 1914 2233 divina
1947 2176 2218 2247 promissa
2249 2173 2559 2245 recipienda
2585 2190 2702 2229 sese

171 2272 574 2337 praepararent.
614 2267 725 2321 Pro
752 2280 955 2337 magna
990 2274 1178 2321 autem
1212 2280 1311 2320 sua
1350 2263 1728 2321 misericordia
1766 2278 1972 2335 poenas
2003 2262 2126 2319 illas
2164 2260 2378 2317 dudum
2415 2271 2574 2318 antea
2603 2279 2700 2317 vo-

169 2353 261 2408 luit
284 2352 667 2420 manifestare,
700 2361 761 2408 ut
784 2368 895 2408 una
924 2368 991 2408 ex
1016 2361 1175 2424 parte
1199 2352 1405 2423 populo
1428 2361 1649 2423 tempus
1671 2350 2088 2420 concederetur,
2117 2367 2226 2423 quo
2251 2366 2344 2407 eas
2365 2349 2700 2421 poenitentia

170 2450 277 2496 acta
307 2458 339 2496 a
358 2458 421 2497 se
441 2448 737 2508 averteret,
760 2440 932 2496 altera
962 2457 1029 2497 ex
1055 2448 1214 2512 parte
1242 2440 1622 2511 impediretur,
1647 2455 1716 2495 ne
1735 2439 2022 2496 Israelitae
2050 2438 2107 2493 in
2131 2439 2482 2495 ethnicorum
2505 2455 2704 2494 manus

172 2527 347 2585 traditi
366 2543 427 2585 se
458 2529 643 2599 potius
660 2543 692 2582 a
715 2526 1035 2584 fortioribus
1062 2526 1314 2583 hostibus
1338 2526 1604 2595 devictos,
1628 2542 1796 2598 quam
1818 2542 1852 2582 a
1879 2527 2120 2583 Domino
2139 2541 2242 2582 suo
2263 2527 2485 2596 punitos
2507 2526 2702 2583 crede-

183 2626 311 2671 rent.
345 2618 545 2687 Itaque
574 2614 644 2670 ab
670 2616 894 2671 ineunte
924 2630 1065 2672 saec.
1099 2622 1153 2670 8.
1183 2629 1359 2687 regno
1388 2615 1562 2671 Israel
1579 2615 1869 2685 captivitas
1898 2614 2191 2687 assyriaca,
2223 2630 2396 2685 regno
2428 2613 2564 2670 luda
2601 2613 2701 2669 de-

170 2704 385 2758 structio
415 2701 571 2759 urbis
592 2701 899 2773 templique
923 2712 979 2757 et
1006 2702 1260 2759 exsilium
1284 2702 1676 2775 babylonicum
1700 2701 2016 2757 annuntiari
2044 2709 2240 2772 coepta
2263 2709 2410 2757 sunt.
2442 2705 2701 2756 Attamen

168 2806 231 2846 ne
252 2792 491 2862 populus
509 2790 843 2863 gravissimis
861 2790 1027 2846 minis
1046 2790 1374 2862 perterritus
1392 2789 1463 2845 de
1488 2789 1946 2860 promissionibus
1963 2790 2098 2845 olim
2127 2789 2366 2860 acceptis
2386 2788 2704 2860 desperaret

166 2876 533 2947 dubitaretve,
562 2880 713 2933 Deus
739 2892 839 2949 per
877 2876 1119 2933 iuniores
1148 2877 1447 2948 prophetas
1464 2878 1590 2935 illas
1613 2878 1902 2933 renovavit
1928 2878 2193 2949 novisque
2222 2876 2492 2933 vaticiniis
2519 2876 2589 2931 de
2625 2875 2704 2930 su-

166 2974 282 3021 turo
298 2966 505 3023 Messia
528 2966 759 3037 eiusque
780 2980 953 3037 regno
976 2965 1273 3021 universali
1295 2968 1610 3022 accuratius
1641 2964 1910 3021 definivit.
1935 2966 2087 3034 Quas
2112 2965 2295 3020 minas
2315 2974 2371 3020 et
2389 2964 2702 3035 promissio-

168 3068 281 3117 neS,
304 3069 482 3125 quum
506 3068 621 3109 non
646 3053 833 3108 statim
867 3062 1050 3109 essent
1076 3051 1413 3123 implendae,
1448 3056 1600 3107 Deus
1627 3068 1742 3107 non
1769 3052 1887 3109 sola
1911 3052 2032 3107 viva
2057 3067 2192 3108 voce
2215 3052 2579 3125 promulgari,
2607 3050 2704 3107 sed

168 3140 321 3195 etiam
338 3140 513 3197 literis
530 3140 845 3213 consignari
874 3140 1067 3209 voluit,
1091 3150 1153 3195 ut
1172 3140 1409 3212 posteris
1426 3156 1543 3195 non
1565 3140 1750 3197 minus
1769 3156 1938 3212 quam
1963 3138 2284 3212 aequalibus
2307 3140 2704 3211 prophetarum

170 3227 513 3296 inservirent3
552 3228 801 3301 utrisque
847 3229 999 3283 enim
1035 3236 1197 3283 erant
1237 3227 1562 3285 destinatae.
1599 3229 1876 3299 Aequales
1913 3244 2042 3283 suos
2075 3227 2376 3299 prophetae
2419 3226 2706 3299 descriptis

171 3312 355 3371 suturis
381 3314 796 3373 calamitatibus
816 3314 887 3370 ad
910 3316 1313 3386 poenitentiam
1339 3315 1620 3371 adducere
1643 3315 1822 3370 autin
1856 3318 2004 3387 Lege
2028 3316 2264 3371 retinere
2289 3315 2551 3372 volebant
2567 3358 2582 3385 ,
2610 3332 2703 3387 po-

170 3410 333 3460 steros
356 3420 491 3460 vero
511 3402 765 3474 edocere,
794 3418 905 3475 quo
936 3404 1122 3459 animo
1150 3404 1542 3459 tribulationes
1567 3402 1780 3461 dudum
1810 3410 1970 3459 antea
1996 3403 2351 3459 annuntiatas
2368 3404 2615 3475 recipere
2641 3420 2706 3461 ac

169 3490 399 3558 perferre
425 3490 715 3560 deberent,
746 3500 811 3547 ut
832 3492 1025 3547 salutis
1052 3492 1409 3548 messianicae
1432 3491 1740 3563 promissae
1765 3489 1964 3562 dignos
1989 3506 2050 3547 se
2077 3490 2392 3548 redderent.

239 3660 298 3719 3.
340 3694 423 3703 -
472 3659 753 3720 Iuniores
794 3659 1173 3737 prophetae,
1222 3660 1333 3736 qui
1390 3660 1662 3739 posteris
1707 3658 2000 3719 vaticinia
2055 3677 2164 3721 sua
2217 3660 2469 3739 scriptis
2527 3661 2706 3721 libris

170 3756 675 3825 transmiserunt,
708 3754 896 3833 vulgo
923 3755 1204 3816 sedecim
1233 3759 1673 3829 numerantur,
1707 3759 1979 3833 quatuor
2000 3760 2251 3817 maiores
2279 3762 2341 3817 et
2371 3756 2706 3816 duodecim

172 3854 453 3926 minores;
477 3850 805 3913 addendus
834 3856 1046 3913 autem
1078 3857 1173 3913 est
1196 3852 1461 3925 Barucb‚
1482 3853 1666 3913 cuius
1695 3853 1946 3913 libellus
1975 3854 2130 3913 olim
2155 3854 2534 3931 plerumque
2560 3870 2704 3914 cum

174 3945 462 4009 Ieremiae
494 3948 809 4008 vaticiniis
835 3952 970 4009 erat
994 3948 1389 4011 coniunctus..

237 4067 421 4126 ludaei
440 4070 498 4125 in
524 4085 625 4125 suo
650 4086 865 4127 canone
884 4086 996 4125 non
1016 4071 1123 4126 nisi
1146 4070 1469 4143 quindecim
1490 4072 1790 4144 prophetas
1801 4081 2120 4141 numerant,
2142 4073 2365 4137 isaiam,
2389 4071 2701 4137 Ieremiam‚

173 4152 507 4213 Ezechielem
534 4166 589 4213 et
617 4156 911 4215 duodecim
938 4159 1215 4227 Minores3
1242 4160 1491 4216 Danielis
1517 4160 1726 4217 librum
1755 4177 1886 4217 vero
1914 4162 1972 4216 in
1999 4160 2164 4216 tertia
2193 4160 2420 4215 canonis
2443 4159 2528 4214 sui
2549 4167 2704 4229 parte

176 4240 306 4297 inter
332 4244 711 4318 hagiographa
726 4245 953 4315 habent,
983 4247 1113 4319 quia
1132 4250 1342 4319 qratia
1362 4246 1590 4321 quidem
1615 4248 1941 4320 prophetica
1960 4249 2266 4304 instructus
2290 4246 2458 4303 fuerit
2478 4247 2697 4311 Daniel,

175 4327 263 4384 sed
284 4331 339 4386 in
360 4332 581 4389 ethnica
606 4333 735 4389 aula
761 4334 906 4391 inter
928 4334 1183 4391 ethnicos
1219 4335 1427 4408 degens
1452 4352 1688 4391 munere
1715 4335 2044 4407 prophetico
2067 4351 2182 4391 non
2206 4336 2276 4390 sit
2312 4333 2559 4401 functus3
2591 4337 2696 4391 Ec-

177 4414 326 4473 clesia
354 4427 543 4477 tamen
573 4435 793 4492 semper
836 4421 1127 4478 Danielem
1168 4422 1349 4479 tribus
1390 4424 1510 4480 aliis
1553 4424 1704 4479 velut
1755 4430 2017 4495 quartum
2063 4421 2392 4495 prophetam
2433 4422 2698 4479 maiorem

182 4500 380 4575 adiecit,
400 4509 483 4563 uti
512 4508 681 4565 etiam
706 4508 955 4566 libellum
978 4511 1195 4567 Baruch
1226 4526 1445 4583 semper
1471 4512 1619 4569 iuter
1641 4510 1997 4583 propheticos
2023 4510 2221 4569 babuit
2250 4526 2378 4569 eum
2404 4510 2554 4567 velut
2581 4524 2701 4581 par-

176 4592 275 4646 tem
296 4593 417 4651 libri
445 4596 717 4653 Ieremiae
745 4596 1119 4655 considerans·
