<?xml version="1.0" encoding="UTF-8"?>
<!DOCTYPE html PUBLIC "-//W3C//DTD XHTML 1.0 Transitional//EN"
    "http://www.w3.org/TR/xhtml1/DTD/xhtml1-transitional.dtd">
<html xmlns="http://www.w3.org/1999/xhtml" xml:lang="en" lang="en">
 <head>
  <title>
</title>
<meta http-equiv="Content-Type" content="text/html;charset=utf-8" />
  <meta name='ocr-system' content='tesseract 3.04.00' />
  <meta name='ocr-capabilities' content='ocr_page ocr_carea ocr_par ocr_line ocrx_word'/>
</head>
<body>
  <div class='ocr_page' id='page_1' title='image "./historicaeetcri00corngoog_0642.png"; bbox 0 0 3050 5184; ppageno 0'>
   <div class='ocr_carea' id='block_1_1' title="bbox 398 295 1858 360">
    <p class='ocr_par' dir='ltr' id='par_1_1' title="bbox 398 295 1858 360">
     <span class='ocr_line' id='line_1_1' title="bbox 398 295 1858 360; baseline 0.003 -6"><span class='ocrx_word' id='word_1_1' title='bbox 398 295 515 354; x_wconf 79' lang='lat'><strong>632</strong></span> <span class='ocrx_word' id='word_1_2' title='bbox 1472 315 1858 360; x_wconf 70' lang='lat' dir='ltr'><strong>ApresoicES.</strong></span> 
     </span>
    </p>
   </div>
   <div class='ocr_carea' id='block_1_2' title="bbox 389 441 2931 4736">
    <p class='ocr_par' dir='ltr' id='par_1_2' title="bbox 396 441 2916 940">
     <span class='ocr_line' id='line_1_2' title="bbox 400 441 2916 520; baseline 0.002 -25"><span class='ocrx_word' id='word_1_3' title='bbox 400 458 507 511; x_wconf 86' lang='lat' dir='ltr'><strong>que</strong></span> <span class='ocrx_word' id='word_1_4' title='bbox 526 441 663 498; x_wconf 86' lang='lat' dir='ltr'>nihil</span> <span class='ocrx_word' id='word_1_5' title='bbox 690 443 938 514; x_wconf 79' lang='lat' dir='ltr'><strong>profecto</strong></span> <span class='ocrx_word' id='word_1_6' title='bbox 958 445 1169 513; x_wconf 83' lang='lat' dir='ltr'><strong>obstat,</strong></span> <span class='ocrx_word' id='word_1_7' title='bbox 1198 445 1495 517; x_wconf 86' lang='lat' dir='ltr'><strong>quominus</strong></span> <span class='ocrx_word' id='word_1_8' title='bbox 1508 446 1786 515; x_wconf 88' lang='lat' dir='ltr'><strong>dicamus,</strong></span> <span class='ocrx_word' id='word_1_9' title='bbox 1811 450 2094 504; x_wconf 88' lang='lat' dir='ltr'><strong>Romanos</strong></span> <span class='ocrx_word' id='word_1_10' title='bbox 2123 449 2378 504; x_wconf 82' lang='lat' dir='ltr'><strong>Marcum</strong></span> <span class='ocrx_word' id='word_1_11' title='bbox 2403 461 2638 520; x_wconf 78' lang='lat' dir='ltr'>rogasse</span> <span class='ocrx_word' id='word_1_12' title='bbox 2654 487 2670 514; x_wconf 90' lang='lat'><strong>,</strong></span> <span class='ocrx_word' id='word_1_13' title='bbox 2697 455 2762 501; x_wconf 89' lang='lat' dir='ltr'><strong>ut</strong></span> <span class='ocrx_word' id='word_1_14' title='bbox 2788 461 2916 515; x_wconf 79' lang='lat' dir='ltr'><strong>prae-</strong></span> 
     </span>
     <span class='ocr_line' id='line_1_3' title="bbox 399 529 2910 608; baseline 0.001 -25"><span class='ocrx_word' id='word_1_15' title='bbox 399 529 732 586; x_wconf 80' lang='lat' dir='ltr'><strong>dicationem</strong></span> <span class='ocrx_word' id='word_1_16' title='bbox 760 533 913 587; x_wconf 83' lang='lat' dir='ltr'><strong>Petri</strong></span> <span class='ocrx_word' id='word_1_17' title='bbox 940 533 1085 589; x_wconf 88' lang='lat' dir='ltr'><strong>libro</strong></span> <span class='ocrx_word' id='word_1_18' title='bbox 1114 533 1638 605; x_wconf 82' lang='lat' dir='ltr'><strong>comprehenderet,</strong></span> <span class='ocrx_word' id='word_1_19' title='bbox 1671 537 1856 592; x_wconf 89' lang='lat' dir='ltr'><strong>Deum</strong></span> <span class='ocrx_word' id='word_1_20' title='bbox 1881 543 2068 592; x_wconf 89' lang='lat' dir='ltr'><strong>autem</strong></span> <span class='ocrx_word' id='word_1_21' title='bbox 2093 537 2268 608; x_wconf 85' lang='lat' dir='ltr'><strong>gratia</strong></span> <span class='ocrx_word' id='word_1_22' title='bbox 2297 551 2396 591; x_wconf 88' lang='lat' dir='ltr'><strong>sua</strong></span> <span class='ocrx_word' id='word_1_23' title='bbox 2421 535 2857 607; x_wconf 84' lang='lat' dir='ltr'><strong>Evangelistam.</strong></span> <span class='ocrx_word' id='word_1_24' title='bbox 2875 545 2910 586; x_wconf 77' lang='lat' dir='ltr'><strong>u:</strong></span> 
     </span>
     <span class='ocr_line' id='line_1_4' title="bbox 400 615 2908 693; baseline 0.001 -22"><span class='ocrx_word' id='word_1_25' title='bbox 400 615 645 673; x_wconf 78' lang='lat' dir='ltr'><strong>fidelium</strong></span> <span class='ocrx_word' id='word_1_26' title='bbox 676 619 928 690; x_wconf 87' lang='lat' dir='ltr'><strong>petitioni</strong></span> <span class='ocrx_word' id='word_1_27' title='bbox 956 630 1251 689; x_wconf 80' lang='lat' dir='ltr'><strong>annueret,</strong></span> <span class='ocrx_word' id='word_1_28' title='bbox 1292 622 1605 693; x_wconf 74' lang='lat' dir='ltr'><strong>impulisse3</strong></span> <span class='ocrx_word' id='word_1_29' title='bbox 1637 631 1736 678; x_wconf 89' lang='lat' dir='ltr'><strong>aut</strong></span> <span class='ocrx_word' id='word_1_30' title='bbox 1775 623 2152 680; x_wconf 88' lang='lat' dir='ltr'><strong>conditionem</strong></span> <span class='ocrx_word' id='word_1_31' title='bbox 2179 623 2447 680; x_wconf 88' lang='lat' dir='ltr'><strong>ecclesiae</strong></span> <span class='ocrx_word' id='word_1_32' title='bbox 2475 622 2796 679; x_wconf 85' lang='lat' dir='ltr'><strong>corinthiae</strong></span> <span class='ocrx_word' id='word_1_33' title='bbox 2825 635 2908 674; x_wconf 76' lang='lat' dir='ltr'><strong>ean</strong></span> 
     </span>
     <span class='ocr_line' id='line_1_5' title="bbox 398 697 2912 782; baseline 0 -22"><span class='ocrx_word' id='word_1_34' title='bbox 398 703 565 761; x_wconf 83' lang='lat' dir='ltr'><strong>fuisse</strong></span> <span class='ocrx_word' id='word_1_35' title='bbox 579 747 593 770; x_wconf 92' lang='lat'><strong>,</strong></span> <span class='ocrx_word' id='word_1_36' title='bbox 618 723 759 780; x_wconf 80' lang='lat' dir='ltr'><strong>quae</strong></span> <span class='ocrx_word' id='word_1_37' title='bbox 782 708 1009 779; x_wconf 88' lang='lat' dir='ltr'><strong>epistola</strong></span> <span class='ocrx_word' id='word_1_38' title='bbox 1030 697 1231 782; x_wconf 73' lang='lat' dir='ltr'><strong>corrigi</strong></span> <span class='ocrx_word' id='word_1_39' title='bbox 1248 709 1480 766; x_wconf 85' lang='lat' dir='ltr'><strong>deberet</strong></span> <span class='ocrx_word' id='word_1_40' title='bbox 1492 751 1511 776; x_wconf 85' lang='lat'><strong>,</strong></span> <span class='ocrx_word' id='word_1_41' title='bbox 1531 718 1699 782; x_wconf 90' lang='lat' dir='ltr'><strong>atque</strong></span> <span class='ocrx_word' id='word_1_42' title='bbox 1717 713 1900 768; x_wconf 91' lang='lat' dir='ltr'><strong>Deum</strong></span> <span class='ocrx_word' id='word_1_43' title='bbox 1917 712 2074 768; x_wconf 91' lang='lat' dir='ltr'><strong>Pauli</strong></span> <span class='ocrx_word' id='word_1_44' title='bbox 2097 713 2464 768; x_wconf 81' lang='lat' dir='ltr'><strong>attentionem</strong></span> <span class='ocrx_word' id='word_1_45' title='bbox 2475 709 2552 766; x_wconf 85' lang='lat' dir='ltr'><strong>ad</strong></span> <span class='ocrx_word' id='word_1_46' title='bbox 2567 711 2746 766; x_wconf 87' lang='lat' dir='ltr'><strong>istum</strong></span> <span class='ocrx_word' id='word_1_47' title='bbox 2765 725 2912 764; x_wconf 72' lang='lat' dir='ltr'><strong>rerun-</strong></span> 
     </span>
     <span class='ocr_line' id='line_1_6' title="bbox 396 796 2914 870; baseline 0.002 -24"><span class='ocrx_word' id='word_1_48' title='bbox 396 801 604 849; x_wconf 90' lang='lat' dir='ltr'><strong>statum</strong></span> <span class='ocrx_word' id='word_1_49' title='bbox 631 796 807 866; x_wconf 85' lang='lat' dir='ltr'><strong>gratia</strong></span> <span class='ocrx_word' id='word_1_50' title='bbox 836 813 935 852; x_wconf 90' lang='lat' dir='ltr'><strong>sua</strong></span> <span class='ocrx_word' id='word_1_51' title='bbox 964 797 1299 854; x_wconf 83' lang='lat' dir='ltr'><strong>convertisse</strong></span> <span class='ocrx_word' id='word_1_52' title='bbox 1324 799 1487 870; x_wconf 91' lang='lat' dir='ltr'><strong>eique</strong></span> <span class='ocrx_word' id='word_1_53' title='bbox 1514 808 1802 854; x_wconf 83' lang='lat' dir='ltr'><strong>auctorem</strong></span> <span class='ocrx_word' id='word_1_54' title='bbox 1831 799 2024 866; x_wconf 78' lang='lat' dir='ltr'><strong>fuisse,</strong></span> <span class='ocrx_word' id='word_1_55' title='bbox 2053 807 2116 855; x_wconf 90' lang='lat' dir='ltr'><strong>ut</strong></span> <span class='ocrx_word' id='word_1_56' title='bbox 2135 799 2312 854; x_wconf 86' lang='lat' dir='ltr'><strong>literis</strong></span> <span class='ocrx_word' id='word_1_57' title='bbox 2329 799 2553 869; x_wconf 85' lang='lat' dir='ltr'><strong>seriptis</strong></span> <span class='ocrx_word' id='word_1_58' title='bbox 2581 798 2742 852; x_wconf 87' lang='lat' dir='ltr'><strong>malo</strong></span> <span class='ocrx_word' id='word_1_59' title='bbox 2771 811 2914 851; x_wconf 70' lang='lat' dir='ltr'><strong>reme</strong></span> 
     </span>
     <span class='ocr_line' id='line_1_7' title="bbox 396 879 939 940; baseline 0.011 -6"><span class='ocrx_word' id='word_1_60' title='bbox 396 879 553 937; x_wconf 84' lang='lat' dir='ltr'><strong>dium</strong></span> <span class='ocrx_word' id='word_1_61' title='bbox 580 883 807 940; x_wconf 81' lang='lat' dir='ltr'><strong>afferret</strong></span> <span class='ocrx_word' id='word_1_62' title='bbox 834 892 939 940; x_wconf 87' lang='lat' dir='ltr'><strong>etc.</strong></span> 
     </span>
    </p>

    <p class='ocr_par' dir='ltr' id='par_1_3' title="bbox 389 971 2922 3597">
     <span class='ocr_line' id='line_1_8' title="bbox 468 971 2918 1036; baseline 0 -10"><span class='ocrx_word' id='word_1_63' title='bbox 468 975 544 1036; x_wconf 82' lang='lat'><strong>3.)</strong></span> <span class='ocrx_word' id='word_1_64' title='bbox 564 971 742 1028; x_wconf 84' lang='lat' dir='ltr'><strong>Aliter</strong></span> <span class='ocrx_word' id='word_1_65' title='bbox 771 989 900 1029; x_wconf 79' lang='lat' dir='ltr'><strong>vero</strong></span> <span class='ocrx_word' id='word_1_66' title='bbox 920 982 1116 1031; x_wconf 82' lang='lat' dir='ltr'><strong>auctor</strong></span> <span class='ocrx_word' id='word_1_67' title='bbox 1137 975 1264 1032; x_wconf 85' lang='lat' dir='ltr'><strong>libri</strong></span> <span class='ocrx_word' id='word_1_68' title='bbox 1288 975 1515 1031; x_wconf 88' lang='lat' dir='ltr'><strong>alicuius</strong></span> <span class='ocrx_word' id='word_1_69' title='bbox 1535 991 1595 1032; x_wconf 90' lang='lat' dir='ltr'><strong>se</strong></span> <span class='ocrx_word' id='word_1_70' title='bbox 1623 976 1796 1032; x_wconf 85' lang='lat' dir='ltr'><strong>habet</strong></span> <span class='ocrx_word' id='word_1_71' title='bbox 1823 973 1895 1031; x_wconf 90' lang='lat' dir='ltr'><strong>ad</strong></span> <span class='ocrx_word' id='word_1_72' title='bbox 1917 991 2008 1032; x_wconf 90' lang='lat' dir='ltr'><strong>res</strong></span> <span class='ocrx_word' id='word_1_73' title='bbox 2035 991 2102 1030; x_wconf 88' lang='lat' dir='ltr'><strong>ac</strong></span> <span class='ocrx_word' id='word_1_74' title='bbox 2128 975 2430 1032; x_wconf 86' lang='lat' dir='ltr'><strong>sententias</strong></span> <span class='ocrx_word' id='word_1_75' title='bbox 2447 975 2508 1030; x_wconf 89' lang='lat' dir='ltr'><strong>in</strong></span> <span class='ocrx_word' id='word_1_76' title='bbox 2531 991 2604 1030; x_wconf 90' lang='lat' dir='ltr'><strong>eo</strong></span> <span class='ocrx_word' id='word_1_77' title='bbox 2631 981 2918 1030; x_wconf 76' lang='lat' dir='ltr'><strong>contentas.</strong></span> 
     </span>
     <span class='ocr_line' id='line_1_9' title="bbox 396 1057 2918 1136; baseline 0.002 -24"><span class='ocrx_word' id='word_1_78' title='bbox 396 1057 557 1113; x_wconf 90' lang='lat' dir='ltr'><strong>aliter</strong></span> <span class='ocrx_word' id='word_1_79' title='bbox 584 1058 655 1115; x_wconf 88' lang='lat' dir='ltr'><strong>ad</strong></span> <span class='ocrx_word' id='word_1_80' title='bbox 680 1069 965 1117; x_wconf 84' lang='lat' dir='ltr'><strong>externam</strong></span> <span class='ocrx_word' id='word_1_81' title='bbox 996 1061 1232 1118; x_wconf 78' lang='lat' dir='ltr'><strong>formam</strong></span> <span class='ocrx_word' id='word_1_82' title='bbox 1264 1078 1374 1134; x_wconf 91' lang='lat' dir='ltr'><strong>qua</strong></span> <span class='ocrx_word' id='word_1_83' title='bbox 1401 1064 1818 1136; x_wconf 84' lang='lat' dir='ltr'><strong>exprimuntur3</strong></span> <span class='ocrx_word' id='word_1_84' title='bbox 1861 1072 2056 1120; x_wconf 84' lang='lat' dir='ltr'><strong>auctor</strong></span> <span class='ocrx_word' id='word_1_85' title='bbox 2087 1064 2288 1135; x_wconf 89' lang='lat' dir='ltr'><strong>aliquis</strong></span> <span class='ocrx_word' id='word_1_86' title='bbox 2315 1062 2522 1119; x_wconf 86' lang='lat' dir='ltr'><strong>librum</strong></span> <span class='ocrx_word' id='word_1_87' title='bbox 2551 1079 2584 1117; x_wconf 88' lang='lat' dir='ltr'><strong>a</strong></span> <span class='ocrx_word' id='word_1_88' title='bbox 2611 1078 2678 1118; x_wconf 86' lang='lat' dir='ltr'><strong>se</strong></span> <span class='ocrx_word' id='word_1_89' title='bbox 2715 1063 2918 1117; x_wconf 82' lang='lat' dir='ltr'><strong>conscri-</strong></span> 
     </span>
     <span class='ocr_line' id='line_1_10' title="bbox 399 1149 2918 1224; baseline 0.001 -25"><span class='ocrx_word' id='word_1_90' title='bbox 399 1155 553 1215; x_wconf 85' lang='lat' dir='ltr'><strong>ptum</strong></span> <span class='ocrx_word' id='word_1_91' title='bbox 584 1165 683 1218; x_wconf 90' lang='lat' dir='ltr'><strong>pro</strong></span> <span class='ocrx_word' id='word_1_92' title='bbox 712 1165 813 1205; x_wconf 90' lang='lat' dir='ltr'><strong>suo</strong></span> <span class='ocrx_word' id='word_1_93' title='bbox 836 1151 1113 1222; x_wconf 86' lang='lat' dir='ltr'><strong>agnoscit,</strong></span> <span class='ocrx_word' id='word_1_94' title='bbox 1146 1151 1361 1207; x_wconf 89' lang='lat' dir='ltr'><strong>etiamsi</strong></span> <span class='ocrx_word' id='word_1_95' title='bbox 1391 1152 1449 1207; x_wconf 92' lang='lat' dir='ltr'><strong>in</strong></span> <span class='ocrx_word' id='word_1_96' title='bbox 1479 1152 1648 1207; x_wconf 89' lang='lat' dir='ltr'><strong>aliam</strong></span> <span class='ocrx_word' id='word_1_97' title='bbox 1677 1153 1925 1224; x_wconf 82' lang='lat' dir='ltr'><strong>linguam</strong></span> <span class='ocrx_word' id='word_1_98' title='bbox 1963 1152 2034 1208; x_wconf 87' lang='lat' dir='ltr'><strong>sit</strong></span> <span class='ocrx_word' id='word_1_99' title='bbox 2065 1152 2396 1220; x_wconf 80' lang='lat' dir='ltr'><strong>translatuS,</strong></span> <span class='ocrx_word' id='word_1_100' title='bbox 2425 1149 2750 1206; x_wconf 81' lang='lat' dir='ltr'><strong>dummodo</strong></span> <span class='ocrx_word' id='word_1_101' title='bbox 2771 1151 2918 1204; x_wconf 78' lang='lat' dir='ltr'><strong>versio</strong></span> 
     </span>
     <span class='ocr_line' id='line_1_11' title="bbox 396 1235 2918 1311; baseline 0.002 -23"><span class='ocrx_word' id='word_1_102' title='bbox 396 1235 472 1290; x_wconf 80' lang='lat' dir='ltr'><strong>ila</strong></span> <span class='ocrx_word' id='word_1_103' title='bbox 502 1236 574 1290; x_wconf 88' lang='lat' dir='ltr'><strong>sit</strong></span> <span class='ocrx_word' id='word_1_104' title='bbox 601 1235 807 1306; x_wconf 83' lang='lat' dir='ltr'><strong>fidelis,</strong></span> <span class='ocrx_word' id='word_1_105' title='bbox 841 1248 901 1294; x_wconf 89' lang='lat' dir='ltr'><strong>ut</strong></span> <span class='ocrx_word' id='word_1_106' title='bbox 936 1253 1129 1295; x_wconf 88' lang='lat' dir='ltr'><strong>omnes</strong></span> <span class='ocrx_word' id='word_1_107' title='bbox 1156 1255 1221 1295; x_wconf 90' lang='lat' dir='ltr'><strong>ac</strong></span> <span class='ocrx_word' id='word_1_108' title='bbox 1248 1240 1397 1295; x_wconf 87' lang='lat' dir='ltr'><strong>solas</strong></span> <span class='ocrx_word' id='word_1_109' title='bbox 1432 1241 1684 1310; x_wconf 90' lang='lat' dir='ltr'><strong>primarii</strong></span> <span class='ocrx_word' id='word_1_110' title='bbox 1716 1241 1898 1311; x_wconf 88' lang='lat' dir='ltr'><strong>operis</strong></span> <span class='ocrx_word' id='word_1_111' title='bbox 1933 1240 2238 1296; x_wconf 87' lang='lat' dir='ltr'><strong>sententias</strong></span> <span class='ocrx_word' id='word_1_112' title='bbox 2265 1241 2432 1310; x_wconf 85' lang='lat' dir='ltr'><strong>plane</strong></span> <span class='ocrx_word' id='word_1_113' title='bbox 2457 1237 2710 1295; x_wconf 87' lang='lat' dir='ltr'><strong>retineat</strong></span> <span class='ocrx_word' id='word_1_114' title='bbox 2743 1253 2838 1293; x_wconf 83' lang='lat' dir='ltr'><strong>nec</strong></span> <span class='ocrx_word' id='word_1_115' title='bbox 2858 1237 2918 1291; x_wconf 89' lang='lat' dir='ltr'><strong>ul·</strong></span> 
     </span>
     <span class='ocr_line' id='line_1_12' title="bbox 396 1316 2918 1399; baseline 0.001 -22"><span class='ocrx_word' id='word_1_116' title='bbox 396 1322 507 1378; x_wconf 89' lang='lat' dir='ltr'><strong>lam</strong></span> <span class='ocrx_word' id='word_1_117' title='bbox 550 1323 835 1394; x_wconf 79' lang='lat' dir='ltr'><strong>obscuret3</strong></span> <span class='ocrx_word' id='word_1_118' title='bbox 868 1316 1121 1384; x_wconf 88' lang='lat' dir='ltr'><strong>similiter</strong></span> <span class='ocrx_word' id='word_1_119' title='bbox 1166 1326 1449 1398; x_wconf 76' lang='lat' dir='ltr'><strong>professor</strong></span> <span class='ocrx_word' id='word_1_120' title='bbox 1490 1329 1951 1399; x_wconf 84' lang='lat' dir='ltr'><strong>praelectionem,</strong></span> <span class='ocrx_word' id='word_1_121' title='bbox 1984 1344 2155 1399; x_wconf 90' lang='lat' dir='ltr'><strong>quam</strong></span> <span class='ocrx_word' id='word_1_122' title='bbox 2194 1327 2452 1395; x_wconf 86' lang='lat' dir='ltr'><strong>dictavit,</strong></span> <span class='ocrx_word' id='word_1_123' title='bbox 2489 1327 2630 1382; x_wconf 89' lang='lat' dir='ltr'><strong>licet</strong></span> <span class='ocrx_word' id='word_1_124' title='bbox 2663 1325 2918 1382; x_wconf 79' lang='lat' dir='ltr'><strong>auditores</strong></span> 
     </span>
     <span class='ocr_line' id='line_1_13' title="bbox 394 1411 2918 1489; baseline -0 -24"><span class='ocrx_word' id='word_1_125' title='bbox 394 1411 607 1484; x_wconf 81' lang='lat' dir='ltr'><strong>singula</strong></span> <span class='ocrx_word' id='word_1_126' title='bbox 630 1413 747 1469; x_wconf 89' lang='lat' dir='ltr'><strong>eius</strong></span> <span class='ocrx_word' id='word_1_127' title='bbox 770 1414 937 1470; x_wconf 85' lang='lat' dir='ltr'><strong>verba</strong></span> <span class='ocrx_word' id='word_1_128' title='bbox 956 1431 1068 1470; x_wconf 90' lang='lat' dir='ltr'><strong>non</strong></span> <span class='ocrx_word' id='word_1_129' title='bbox 1099 1417 1443 1488; x_wconf 84' lang='lat' dir='ltr'><strong>exceperint,</strong></span> <span class='ocrx_word' id='word_1_130' title='bbox 1467 1432 1634 1472; x_wconf 88' lang='lat' dir='ltr'><strong>suum</strong></span> <span class='ocrx_word' id='word_1_131' title='bbox 1655 1433 1794 1489; x_wconf 90' lang='lat' dir='ltr'><strong>opus</strong></span> <span class='ocrx_word' id='word_1_132' title='bbox 1815 1432 1934 1472; x_wconf 90' lang='lat' dir='ltr'><strong>esse</strong></span> <span class='ocrx_word' id='word_1_133' title='bbox 1950 1431 2066 1472; x_wconf 92' lang='lat' dir='ltr'><strong>non</strong></span> <span class='ocrx_word' id='word_1_134' title='bbox 2083 1415 2333 1488; x_wconf 81' lang='lat' dir='ltr'><strong>negabit,</strong></span> <span class='ocrx_word' id='word_1_135' title='bbox 2355 1415 2402 1470; x_wconf 87' lang='lat' dir='ltr'><strong>si</strong></span> <span class='ocrx_word' id='word_1_136' title='bbox 2423 1413 2696 1485; x_wconf 85' lang='lat' dir='ltr'><strong>discipuli</strong></span> <span class='ocrx_word' id='word_1_137' title='bbox 2721 1423 2918 1470; x_wconf 73' lang='lat' dir='ltr'><strong>cunctas</strong></span> 
     </span>
     <span class='ocr_line' id='line_1_14' title="bbox 394 1500 2918 1576; baseline 0 -23"><span class='ocrx_word' id='word_1_138' title='bbox 394 1515 483 1554; x_wconf 85' lang='lat' dir='ltr'><strong>res</strong></span> <span class='ocrx_word' id='word_1_139' title='bbox 504 1501 918 1574; x_wconf 87' lang='lat' dir='ltr'><strong>sententiasque</strong></span> <span class='ocrx_word' id='word_1_140' title='bbox 942 1503 1013 1558; x_wconf 90' lang='lat' dir='ltr'><strong>ab</strong></span> <span class='ocrx_word' id='word_1_141' title='bbox 1036 1519 1102 1558; x_wconf 89' lang='lat' dir='ltr'><strong>eo</strong></span> <span class='ocrx_word' id='word_1_142' title='bbox 1128 1505 1407 1576; x_wconf 84' lang='lat' dir='ltr'><strong>expositas</strong></span> <span class='ocrx_word' id='word_1_143' title='bbox 1426 1505 1549 1560; x_wconf 91' lang='lat' dir='ltr'><strong>sine</strong></span> <span class='ocrx_word' id='word_1_144' title='bbox 1570 1505 1682 1560; x_wconf 83' lang='lat' dir='ltr'><strong>ulla</strong></span> <span class='ocrx_word' id='word_1_145' title='bbox 1713 1519 1910 1560; x_wconf 89' lang='lat' dir='ltr'><strong>sensus</strong></span> <span class='ocrx_word' id='word_1_146' title='bbox 1932 1503 2241 1560; x_wconf 90' lang='lat' dir='ltr'><strong>mutatione</strong></span> <span class='ocrx_word' id='word_1_147' title='bbox 2271 1511 2366 1560; x_wconf 87' lang='lat' dir='ltr'><strong>aut</strong></span> <span class='ocrx_word' id='word_1_148' title='bbox 2393 1503 2706 1558; x_wconf 69' lang='lat' dir='ltr'><strong>omissione</strong></span> <span class='ocrx_word' id='word_1_149' title='bbox 2734 1512 2825 1558; x_wconf 88' lang='lat' dir='ltr'><strong>aut</strong></span> <span class='ocrx_word' id='word_1_150' title='bbox 2843 1500 2918 1556; x_wconf 86' lang='lat' dir='ltr'><strong>ad-</strong></span> 
     </span>
     <span class='ocr_line' id='line_1_15' title="bbox 394 1587 2918 1662; baseline 0.002 -21"><span class='ocrx_word' id='word_1_151' title='bbox 394 1587 605 1644; x_wconf 88' lang='lat' dir='ltr'><strong>ditione</strong></span> <span class='ocrx_word' id='word_1_152' title='bbox 626 1590 739 1644; x_wconf 92' lang='lat' dir='ltr'><strong>suis</strong></span> <span class='ocrx_word' id='word_1_153' title='bbox 757 1591 1007 1661; x_wconf 91' lang='lat' dir='ltr'><strong>ipsorum</strong></span> <span class='ocrx_word' id='word_1_154' title='bbox 1026 1591 1207 1646; x_wconf 85' lang='lat' dir='ltr'><strong>verbis</strong></span> <span class='ocrx_word' id='word_1_155' title='bbox 1225 1591 1593 1648; x_wconf 87' lang='lat' dir='ltr'><strong>reddiderint.</strong></span> <span class='ocrx_word' id='word_1_156' title='bbox 1618 1592 1826 1649; x_wconf 85' lang='lat' dir='ltr'><strong>Eadem</strong></span> <span class='ocrx_word' id='word_1_157' title='bbox 1845 1593 1995 1648; x_wconf 90' lang='lat' dir='ltr'><strong>enim</strong></span> <span class='ocrx_word' id='word_1_158' title='bbox 2014 1591 2287 1648; x_wconf 86' lang='lat' dir='ltr'><strong>sententia</strong></span> <span class='ocrx_word' id='word_1_159' title='bbox 2306 1591 2475 1648; x_wconf 82' lang='lat' dir='ltr'><strong>variis</strong></span> <span class='ocrx_word' id='word_1_160' title='bbox 2491 1589 2686 1646; x_wconf 87' lang='lat' dir='ltr'><strong>modis</strong></span> <span class='ocrx_word' id='word_1_161' title='bbox 2705 1590 2918 1662; x_wconf 84' lang='lat' dir='ltr'><strong>plerum-</strong></span> 
     </span>
     <span class='ocr_line' id='line_1_16' title="bbox 395 1678 2914 1753; baseline -0 -21"><span class='ocrx_word' id='word_1_162' title='bbox 395 1691 500 1747; x_wconf 89' lang='lat' dir='ltr'><strong>que</strong></span> <span class='ocrx_word' id='word_1_163' title='bbox 520 1683 647 1748; x_wconf 88' lang='lat' dir='ltr'><strong>apte</strong></span> <span class='ocrx_word' id='word_1_164' title='bbox 676 1678 910 1749; x_wconf 86' lang='lat' dir='ltr'><strong>exprimi</strong></span> <span class='ocrx_word' id='word_1_165' title='bbox 928 1686 1131 1749; x_wconf 91' lang='lat' dir='ltr'><strong>potest,</strong></span> <span class='ocrx_word' id='word_1_166' title='bbox 1167 1695 1339 1751; x_wconf 91' lang='lat' dir='ltr'><strong>quare</strong></span> <span class='ocrx_word' id='word_1_167' title='bbox 1360 1680 1417 1735; x_wconf 90' lang='lat' dir='ltr'><strong>in</strong></span> <span class='ocrx_word' id='word_1_168' title='bbox 1444 1680 1619 1750; x_wconf 84' lang='lat' dir='ltr'><strong>libris,</strong></span> <span class='ocrx_word' id='word_1_169' title='bbox 1652 1682 1750 1753; x_wconf 88' lang='lat' dir='ltr'><strong>qui</strong></span> <span class='ocrx_word' id='word_1_170' title='bbox 1776 1681 1849 1737; x_wconf 94' lang='lat' dir='ltr'><strong>ob</strong></span> <span class='ocrx_word' id='word_1_171' title='bbox 1877 1695 2042 1736; x_wconf 88' lang='lat' dir='ltr'><strong>suum</strong></span> <span class='ocrx_word' id='word_1_172' title='bbox 2067 1688 2460 1752; x_wconf 87' lang='lat' dir='ltr'><strong>argumentum</strong></span> <span class='ocrx_word' id='word_1_173' title='bbox 2489 1679 2914 1736; x_wconf 84' lang='lat' dir='ltr'><strong>conscribuntur.</strong></span> 
     </span>
     <span class='ocr_line' id='line_1_17' title="bbox 394 1764 2918 1841; baseline 0.001 -23"><span class='ocrx_word' id='word_1_174' title='bbox 394 1772 619 1820; x_wconf 84' lang='lat' dir='ltr'><strong>externa</strong></span> <span class='ocrx_word' id='word_1_175' title='bbox 658 1764 833 1821; x_wconf 78' lang='lat' dir='ltr'><strong>forma</strong></span> <span class='ocrx_word' id='word_1_176' title='bbox 866 1767 1185 1824; x_wconf 83' lang='lat' dir='ltr'><strong>inferiorem</strong></span> <span class='ocrx_word' id='word_1_177' title='bbox 1224 1769 1408 1823; x_wconf 89' lang='lat' dir='ltr'><strong>locum</strong></span> <span class='ocrx_word' id='word_1_178' title='bbox 1435 1777 1609 1824; x_wconf 87' lang='lat' dir='ltr'><strong>tenet.</strong></span> <span class='ocrx_word' id='word_1_179' title='bbox 1651 1767 1740 1823; x_wconf 68' lang='lat' dir='ltr'><strong>Ad</strong></span> <span class='ocrx_word' id='word_1_180' title='bbox 1778 1784 1947 1841; x_wconf 88' lang='lat' dir='ltr'><strong>quam</strong></span> <span class='ocrx_word' id='word_1_181' title='bbox 1984 1783 2246 1840; x_wconf 87' lang='lat' dir='ltr'><strong>magnam</strong></span> <span class='ocrx_word' id='word_1_182' title='bbox 2281 1767 2606 1839; x_wconf 87' lang='lat' dir='ltr'><strong>argumenti</strong></span> <span class='ocrx_word' id='word_1_183' title='bbox 2643 1776 2705 1822; x_wconf 92' lang='lat' dir='ltr'><strong>et</strong></span> <span class='ocrx_word' id='word_1_184' title='bbox 2733 1766 2918 1822; x_wconf 68' lang='lat' dir='ltr'><strong>tonnae</strong></span> 
     </span>
     <span class='ocr_line' id='line_1_18' title="bbox 392 1851 2920 1929; baseline 0 -23"><span class='ocrx_word' id='word_1_185' title='bbox 392 1851 763 1909; x_wconf 78' lang='lat' dir='ltr'><strong>differentiam</strong></span> <span class='ocrx_word' id='word_1_186' title='bbox 792 1854 1137 1912; x_wconf 85' lang='lat' dir='ltr'><strong>attendentes</strong></span> <span class='ocrx_word' id='word_1_187' title='bbox 1182 1855 1309 1912; x_wconf 87' lang='lat' dir='ltr'><strong>inde</strong></span> <span class='ocrx_word' id='word_1_188' title='bbox 1354 1856 1426 1912; x_wconf 90' lang='lat' dir='ltr'><strong>ab</strong></span> <span class='ocrx_word' id='word_1_189' title='bbox 1470 1857 1724 1929; x_wconf 83' lang='lat' dir='ltr'><strong>origenis</strong></span> <span class='ocrx_word' id='word_1_190' title='bbox 1769 1865 2022 1928; x_wconf 84' lang='lat' dir='ltr'><strong>tempore</strong></span> <span class='ocrx_word' id='word_1_191' title='bbox 2059 1857 2222 1912; x_wconf 89' lang='lat' dir='ltr'><strong>multi</strong></span> <span class='ocrx_word' id='word_1_192' title='bbox 2262 1858 2452 1910; x_wconf 76' lang='lat' dir='ltr'><strong>Patres</strong></span> <span class='ocrx_word' id='word_1_193' title='bbox 2500 1863 2560 1910; x_wconf 89' lang='lat' dir='ltr'><strong>et</strong></span> <span class='ocrx_word' id='word_1_194' title='bbox 2605 1855 2920 1926; x_wconf 63' lang='lat' dir='ltr'><strong>interprete&gt;</strong></span> 
     </span>
     <span class='ocr_line' id='line_1_19' title="bbox 392 1939 2916 2014; baseline 0.001 -20"><span class='ocrx_word' id='word_1_195' title='bbox 392 1939 680 2011; x_wconf 87' lang='lat' dir='ltr'><strong>epistolam</strong></span> <span class='ocrx_word' id='word_1_196' title='bbox 706 1942 779 1998; x_wconf 89' lang='lat' dir='ltr'><strong>ad</strong></span> <span class='ocrx_word' id='word_1_197' title='bbox 806 1943 1093 2000; x_wconf 85' lang='lat' dir='ltr'><strong>Hebraeos</strong></span> <span class='ocrx_word' id='word_1_198' title='bbox 1121 1946 1294 1999; x_wconf 87' lang='lat' dir='ltr'><strong>Paulo</strong></span> <span class='ocrx_word' id='word_1_199' title='bbox 1324 1945 1564 2008; x_wconf 85' lang='lat' dir='ltr'><strong>auctori,</strong></span> <span class='ocrx_word' id='word_1_200' title='bbox 1599 1953 1790 2014; x_wconf 87' lang='lat' dir='ltr'><strong>utpote</strong></span> <span class='ocrx_word' id='word_1_201' title='bbox 1821 1945 1908 2000; x_wconf 90' lang='lat' dir='ltr'><strong>cui</strong></span> <span class='ocrx_word' id='word_1_202' title='bbox 1935 1943 2244 2000; x_wconf 89' lang='lat' dir='ltr'><strong>sententiae</strong></span> <span class='ocrx_word' id='word_1_203' title='bbox 2273 1943 2355 2009; x_wconf 79' lang='grc' dir='ltr'><strong>(τὰ</strong></span> <span class='ocrx_word' id='word_1_204' title='bbox 2383 1943 2636 2013; x_wconf 70' lang='grc' dir='ltr'><strong>νοήματα)</strong></span> <span class='ocrx_word' id='word_1_205' title='bbox 2668 1943 2916 1999; x_wconf 80' lang='lat' dir='ltr'><strong>deberen-</strong></span> 
     </span>
     <span class='ocr_line' id='line_1_20' title="bbox 391 2029 2916 2104; baseline 0 -21"><span class='ocrx_word' id='word_1_206' title='bbox 391 2041 505 2094; x_wconf 87' lang='lat' dir='ltr'><strong>tur,</strong></span> <span class='ocrx_word' id='word_1_207' title='bbox 530 2029 837 2086; x_wconf 88' lang='lat' dir='ltr'><strong>attribuere</strong></span> <span class='ocrx_word' id='word_1_208' title='bbox 858 2048 973 2086; x_wconf 90' lang='lat' dir='ltr'><strong>non</strong></span> <span class='ocrx_word' id='word_1_209' title='bbox 1003 2030 1360 2100; x_wconf 86' lang='lat' dir='ltr'><strong>dubitabant,</strong></span> <span class='ocrx_word' id='word_1_210' title='bbox 1386 2034 1638 2104; x_wconf 85' lang='lat' dir='ltr'><strong>quamvis</strong></span> <span class='ocrx_word' id='word_1_211' title='bbox 1669 2033 1764 2088; x_wconf 88' lang='lat' dir='ltr'><strong>uni</strong></span> <span class='ocrx_word' id='word_1_212' title='bbox 1791 2047 1857 2087; x_wconf 85' lang='lat' dir='ltr'><strong>ex</strong></span> <span class='ocrx_word' id='word_1_213' title='bbox 1889 2032 2006 2088; x_wconf 89' lang='lat' dir='ltr'><strong>eius</strong></span> <span class='ocrx_word' id='word_1_214' title='bbox 2035 2031 2318 2102; x_wconf 88' lang='lat' dir='ltr'><strong>discipulis</strong></span> <span class='ocrx_word' id='word_1_215' title='bbox 2337 2031 2610 2102; x_wconf 85' lang='lat' dir='ltr'><strong>epistolae</strong></span> <span class='ocrx_word' id='word_1_216' title='bbox 2639 2030 2916 2086; x_wconf 88' lang='lat' dir='ltr'><strong>dictionem</strong></span> 
     </span>
     <span class='ocr_line' id='line_1_21' title="bbox 391 2118 2916 2192; baseline 0.001 -20"><span class='ocrx_word' id='word_1_217' title='bbox 391 2125 447 2172; x_wconf 91' lang='lat' dir='ltr'><strong>et</strong></span> <span class='ocrx_word' id='word_1_218' title='bbox 488 2119 945 2189; x_wconf 90' lang='lat' dir='ltr'><strong>compositionem</strong></span> <span class='ocrx_word' id='word_1_219' title='bbox 994 2118 1101 2190; x_wconf 82' lang='grc' dir='ltr'><strong>(τὴν</strong></span> <span class='ocrx_word' id='word_1_220' title='bbox 1129 2122 1303 2192; x_wconf 79' lang='grc' dir='ltr'>φράσιν</span> <span class='ocrx_word' id='word_1_221' title='bbox 1348 2121 1432 2173; x_wconf 76' lang='grc' dir='ltr'><strong>καὶ</strong></span> <span class='ocrx_word' id='word_1_222' title='bbox 1469 2119 1560 2184; x_wconf 77' lang='grc' dir='ltr'><strong>τὴν</strong></span> <span class='ocrx_word' id='word_1_223' title='bbox 1599 2121 1866 2187; x_wconf 76' lang='grc' dir='ltr'>σύνθεσιν),</span> <span class='ocrx_word' id='word_1_224' title='bbox 1911 2120 2114 2191; x_wconf 86' lang='lat' dir='ltr'><strong>quippe</strong></span> <span class='ocrx_word' id='word_1_225' title='bbox 2151 2135 2294 2191; x_wconf 90' lang='lat' dir='ltr'><strong>quae</strong></span> <span class='ocrx_word' id='word_1_226' title='bbox 2321 2134 2354 2173; x_wconf 90' lang='lat' dir='ltr'><strong>a</strong></span> <span class='ocrx_word' id='word_1_227' title='bbox 2393 2118 2622 2189; x_wconf 88' lang='lat' dir='ltr'><strong>paulina</strong></span> <span class='ocrx_word' id='word_1_228' title='bbox 2657 2118 2916 2175; x_wconf 77' lang='lat' dir='ltr'><strong>differret.</strong></span> 
     </span>
     <span class='ocr_line' id='line_1_22' title="bbox 392 2205 2916 2281; baseline 0 -21"><span class='ocrx_word' id='word_1_229' title='bbox 392 2205 582 2262; x_wconf 90' lang='lat' dir='ltr'><strong>deberi</strong></span> <span class='ocrx_word' id='word_1_230' title='bbox 608 2207 991 2264; x_wconf 85' lang='lat' dir='ltr'><strong>existimarent</strong></span> <span class='ocrx_word' id='word_1_231' title='bbox 1023 2207 1127 2276; x_wconf 87' lang='lat' dir='ltr'><strong>(cl’r</strong></span> <span class='ocrx_word' id='word_1_232' title='bbox 1154 2224 1343 2281; x_wconf 80' lang='lat' dir='ltr'><strong>supra</strong></span> <span class='ocrx_word' id='word_1_233' title='bbox 1373 2224 1431 2280; x_wconf 86' lang='lat' dir='ltr'><strong>p.</strong></span> <span class='ocrx_word' id='word_1_234' title='bbox 1474 2209 1622 2278; x_wconf 81' lang='lat'><strong>570).</strong></span> <span class='ocrx_word' id='word_1_235' title='bbox 1654 2208 1830 2264; x_wconf 89' lang='lat' dir='ltr'><strong>Simili</strong></span> <span class='ocrx_word' id='word_1_236' title='bbox 1859 2207 2078 2264; x_wconf 89' lang='lat' dir='ltr'><strong>ratione</strong></span> <span class='ocrx_word' id='word_1_237' title='bbox 2105 2207 2246 2262; x_wconf 85' lang='lat' dir='ltr'><strong>nihil</strong></span> <span class='ocrx_word' id='word_1_238' title='bbox 2271 2206 2486 2262; x_wconf 80' lang='lat' dir='ltr'><strong>videtur</strong></span> <span class='ocrx_word' id='word_1_239' title='bbox 2513 2207 2772 2269; x_wconf 79' lang='lat' dir='ltr'><strong>obstare,</strong></span> <span class='ocrx_word' id='word_1_240' title='bbox 2798 2222 2916 2278; x_wconf 85' lang='lat' dir='ltr'><strong>quo-</strong></span> 
     </span>
     <span class='ocr_line' id='line_1_23' title="bbox 393 2294 2916 2366; baseline -0 -18"><span class='ocrx_word' id='word_1_241' title='bbox 393 2294 574 2349; x_wconf 89' lang='lat' dir='ltr'><strong>minus</strong></span> <span class='ocrx_word' id='word_1_242' title='bbox 590 2294 649 2350; x_wconf 90' lang='lat' dir='ltr'><strong>in</strong></span> <span class='ocrx_word' id='word_1_243' title='bbox 674 2294 831 2352; x_wconf 87' lang='lat' dir='ltr'><strong>libris</strong></span> <span class='ocrx_word' id='word_1_244' title='bbox 850 2297 1020 2352; x_wconf 89' lang='lat' dir='ltr'><strong>sacris</strong></span> <span class='ocrx_word' id='word_1_245' title='bbox 1046 2296 1299 2352; x_wconf 79' lang='lat' dir='ltr'><strong>eandem</strong></span> <span class='ocrx_word' id='word_1_246' title='bbox 1321 2297 1526 2352; x_wconf 86' lang='lat' dir='ltr'><strong>mentis</strong></span> <span class='ocrx_word' id='word_1_247' title='bbox 1549 2296 1980 2352; x_wconf 86' lang='lat' dir='ltr'><strong>illustrationem</strong></span> <span class='ocrx_word' id='word_1_248' title='bbox 2005 2303 2062 2351; x_wconf 90' lang='lat' dir='ltr'><strong>et</strong></span> <span class='ocrx_word' id='word_1_249' title='bbox 2080 2295 2384 2351; x_wconf 85' lang='lat' dir='ltr'><strong>voluntatis</strong></span> <span class='ocrx_word' id='word_1_250' title='bbox 2401 2296 2714 2350; x_wconf 88' lang='lat' dir='ltr'><strong>motionem</strong></span> <span class='ocrx_word' id='word_1_251' title='bbox 2729 2337 2746 2363; x_wconf 88' lang='lat'><strong>,</strong></span> <span class='ocrx_word' id='word_1_252' title='bbox 2773 2311 2916 2366; x_wconf 85' lang='lat' dir='ltr'><strong>quam</strong></span> 
     </span>
     <span class='ocr_line' id='line_1_24' title="bbox 392 2381 2918 2456; baseline 0 -20"><span class='ocrx_word' id='word_1_253' title='bbox 392 2381 461 2437; x_wconf 90' lang='lat' dir='ltr'><strong>ad</strong></span> <span class='ocrx_word' id='word_1_254' title='bbox 490 2391 879 2455; x_wconf 86' lang='lat' dir='ltr'><strong>argumentum</strong></span> <span class='ocrx_word' id='word_1_255' title='bbox 908 2383 1331 2456; x_wconf 89' lang='lat' dir='ltr'><strong>concipiendum</strong></span> <span class='ocrx_word' id='word_1_256' title='bbox 1359 2383 1568 2455; x_wconf 84' lang='lat' dir='ltr'><strong>requiri</strong></span> <span class='ocrx_word' id='word_1_257' title='bbox 1587 2383 1862 2450; x_wconf 80' lang='lat' dir='ltr'><strong>diximus,</strong></span> <span class='ocrx_word' id='word_1_258' title='bbox 1893 2383 1966 2440; x_wconf 91' lang='lat' dir='ltr'><strong>ad</strong></span> <span class='ocrx_word' id='word_1_259' title='bbox 1993 2391 2258 2440; x_wconf 87' lang='lat' dir='ltr'><strong>externae</strong></span> <span class='ocrx_word' id='word_1_260' title='bbox 2283 2382 2496 2439; x_wconf 74' lang='lat' dir='ltr'><strong>formae</strong></span> <span class='ocrx_word' id='word_1_261' title='bbox 2521 2382 2918 2439; x_wconf 67' lang='lat' dir='ltr'><strong>determinatio</strong></span> 
     </span>
     <span class='ocr_line' id='line_1_25' title="bbox 392 2470 2922 2544; baseline 0.001 -20"><span class='ocrx_word' id='word_1_262' title='bbox 392 2484 519 2526; x_wconf 90' lang='lat' dir='ltr'><strong>nem</strong></span> <span class='ocrx_word' id='word_1_263' title='bbox 546 2485 665 2526; x_wconf 90' lang='lat' dir='ltr'><strong>sese</strong></span> <span class='ocrx_word' id='word_1_264' title='bbox 692 2472 989 2527; x_wconf 86' lang='lat' dir='ltr'><strong>extendere</strong></span> <span class='ocrx_word' id='word_1_265' title='bbox 1010 2487 1295 2544; x_wconf 77' lang='lat' dir='ltr'><strong>negemus,</strong></span> <span class='ocrx_word' id='word_1_266' title='bbox 1328 2473 1560 2528; x_wconf 87' lang='lat' dir='ltr'><strong>Summo</strong></span> <span class='ocrx_word' id='word_1_267' title='bbox 1583 2473 1732 2527; x_wconf 89' lang='lat' dir='ltr'><strong>enim</strong></span> <span class='ocrx_word' id='word_1_268' title='bbox 1757 2487 1886 2526; x_wconf 88' lang='lat' dir='ltr'><strong>cum</strong></span> <span class='ocrx_word' id='word_1_269' title='bbox 1903 2472 2026 2527; x_wconf 87' lang='lat' dir='ltr'><strong>iure</strong></span> <span class='ocrx_word' id='word_1_270' title='bbox 2054 2473 2206 2528; x_wconf 91' lang='lat' dir='ltr'><strong>Deus</strong></span> <span class='ocrx_word' id='word_1_271' title='bbox 2227 2479 2424 2527; x_wconf 80' lang='lat' dir='ltr'><strong>auctor</strong></span> <span class='ocrx_word' id='word_1_272' title='bbox 2453 2470 2732 2526; x_wconf 84' lang='lat' dir='ltr'><strong>librorum</strong></span> <span class='ocrx_word' id='word_1_273' title='bbox 2757 2487 2922 2527; x_wconf 80' lang='lat' dir='ltr'><strong>sacro-</strong></span> 
     </span>
     <span class='ocr_line' id='line_1_26' title="bbox 392 2557 2918 2632; baseline -0.001 -18"><span class='ocrx_word' id='word_1_274' title='bbox 392 2573 515 2614; x_wconf 90' lang='lat' dir='ltr'><strong>rum</strong></span> <span class='ocrx_word' id='word_1_275' title='bbox 548 2558 731 2613; x_wconf 83' lang='lat' dir='ltr'><strong>vocari</strong></span> <span class='ocrx_word' id='word_1_276' title='bbox 760 2567 967 2629; x_wconf 87' lang='lat' dir='ltr'><strong>potest,</strong></span> <span class='ocrx_word' id='word_1_277' title='bbox 1000 2561 1213 2616; x_wconf 89' lang='lat' dir='ltr'><strong>etiamsi</strong></span> <span class='ocrx_word' id='word_1_278' title='bbox 1250 2576 1409 2616; x_wconf 86' lang='lat' dir='ltr'><strong>sacro</strong></span> <span class='ocrx_word' id='word_1_279' title='bbox 1446 2561 1705 2632; x_wconf 86' lang='lat' dir='ltr'><strong>scriptori</strong></span> <span class='ocrx_word' id='word_1_280' title='bbox 1741 2560 1800 2614; x_wconf 93' lang='lat' dir='ltr'><strong>in</strong></span> <span class='ocrx_word' id='word_1_281' title='bbox 1837 2559 2066 2614; x_wconf 79' lang='lat' dir='ltr'><strong>vocibus</strong></span> <span class='ocrx_word' id='word_1_282' title='bbox 2105 2557 2510 2630; x_wconf 84' lang='lat' dir='ltr'><strong>phrasibusque</strong></span> <span class='ocrx_word' id='word_1_283' title='bbox 2541 2559 2846 2630; x_wconf 76' lang='lat' dir='ltr'><strong>eligendis,</strong></span> <span class='ocrx_word' id='word_1_284' title='bbox 2871 2559 2918 2612; x_wconf 83' lang='lat' dir='ltr'><strong>in</strong></span> 
     </span>
     <span class='ocr_line' id='line_1_27' title="bbox 389 2645 2914 2720; baseline -0.001 -18"><span class='ocrx_word' id='word_1_285' title='bbox 389 2645 723 2716; x_wconf 77' lang='lat' dir='ltr'><strong>imaginIbus</strong></span> <span class='ocrx_word' id='word_1_286' title='bbox 744 2646 1303 2720; x_wconf 88' lang='lat' dir='ltr'><strong>similitudinibusque</strong></span> <span class='ocrx_word' id='word_1_287' title='bbox 1328 2647 1684 2717; x_wconf 75' lang='lat' dir='ltr'><strong>adhibendiS,</strong></span> <span class='ocrx_word' id='word_1_288' title='bbox 1707 2649 1766 2704; x_wconf 89' lang='lat' dir='ltr'><strong>in</strong></span> <span class='ocrx_word' id='word_1_289' title='bbox 1811 2645 2238 2704; x_wconf 85' lang='lat' dir='ltr'><strong>determinando</strong></span> <span class='ocrx_word' id='word_1_290' title='bbox 2267 2645 2462 2702; x_wconf 86' lang='lat' dir='ltr'><strong>ordine</strong></span> <span class='ocrx_word' id='word_1_291' title='bbox 2487 2662 2756 2718; x_wconf 85' lang='lat' dir='ltr'><strong>nexuque</strong></span> <span class='ocrx_word' id='word_1_292' title='bbox 2781 2645 2914 2702; x_wconf 81' lang='lat' dir='ltr'><strong>idea-</strong></span> 
     </span>
     <span class='ocr_line' id='line_1_28' title="bbox 390 2733 2910 2792; baseline -0 -4"><span class='ocrx_word' id='word_1_293' title='bbox 390 2749 514 2788; x_wconf 90' lang='lat' dir='ltr'><strong>rum</strong></span> <span class='ocrx_word' id='word_1_294' title='bbox 539 2742 747 2790; x_wconf 88' lang='lat' dir='ltr'><strong>certam</strong></span> <span class='ocrx_word' id='word_1_295' title='bbox 777 2734 1091 2791; x_wconf 88' lang='lat' dir='ltr'><strong>libertatem</strong></span> <span class='ocrx_word' id='word_1_296' title='bbox 1118 2737 1471 2791; x_wconf 85' lang='lat' dir='ltr'><strong>concesserit.</strong></span> <span class='ocrx_word' id='word_1_297' title='bbox 1502 2737 1630 2792; x_wconf 92' lang='lat' dir='ltr'><strong>Suis</strong></span> <span class='ocrx_word' id='word_1_298' title='bbox 1656 2745 1844 2791; x_wconf 88' lang='lat' dir='ltr'><strong>tamen</strong></span> <span class='ocrx_word' id='word_1_299' title='bbox 1871 2734 2136 2790; x_wconf 88' lang='lat' dir='ltr'><strong>limitibus</strong></span> <span class='ocrx_word' id='word_1_300' title='bbox 2169 2734 2312 2789; x_wconf 88' lang='lat' dir='ltr'><strong>hanc</strong></span> <span class='ocrx_word' id='word_1_301' title='bbox 2341 2733 2666 2789; x_wconf 84' lang='lat' dir='ltr'><strong>libertatem</strong></span> <span class='ocrx_word' id='word_1_302' title='bbox 2693 2736 2910 2789; x_wconf 86' lang='lat' dir='ltr'><strong>circum-</strong></span> 
     </span>
     <span class='ocr_line' id='line_1_29' title="bbox 392 2819 2910 2899; baseline -0.001 -23"><span class='ocrx_word' id='word_1_303' title='bbox 392 2821 555 2877; x_wconf 86' lang='lat' dir='ltr'><strong>scribi</strong></span> <span class='ocrx_word' id='word_1_304' title='bbox 584 2821 809 2878; x_wconf 78' lang='lat' dir='ltr'><strong>evidens</strong></span> <span class='ocrx_word' id='word_1_305' title='bbox 835 2832 949 2892; x_wconf 70' lang='lat' dir='ltr'><strong>est,</strong></span> <span class='ocrx_word' id='word_1_306' title='bbox 970 2823 1249 2899; x_wconf 82' lang='lat' dir='ltr'><strong>siquidem</strong></span> <span class='ocrx_word' id='word_1_307' title='bbox 1279 2825 1451 2893; x_wconf 90' lang='lat' dir='ltr'><strong>Deus,</strong></span> <span class='ocrx_word' id='word_1_308' title='bbox 1474 2832 1540 2878; x_wconf 89' lang='lat' dir='ltr'><strong>ut</strong></span> <span class='ocrx_word' id='word_1_309' title='bbox 1563 2825 1843 2879; x_wconf 85' lang='lat' dir='ltr'><strong>Ecclesiae</strong></span> <span class='ocrx_word' id='word_1_310' title='bbox 1866 2839 2030 2878; x_wconf 91' lang='lat' dir='ltr'><strong>suum</strong></span> <span class='ocrx_word' id='word_1_311' title='bbox 2049 2821 2279 2878; x_wconf 83' lang='lat' dir='ltr'><strong>verbum</strong></span> <span class='ocrx_word' id='word_1_312' title='bbox 2301 2836 2431 2877; x_wconf 90' lang='lat' dir='ltr'><strong>cum</strong></span> <span class='ocrx_word' id='word_1_313' title='bbox 2455 2819 2744 2877; x_wconf 77' lang='lat' dir='ltr'><strong>infallibili</strong></span> <span class='ocrx_word' id='word_1_314' title='bbox 2769 2821 2910 2877; x_wconf 81' lang='lat' dir='ltr'><strong>certi·</strong></span> 
     </span>
     <span class='ocr_line' id='line_1_30' title="bbox 392 2909 2914 2983; baseline -0.001 -19"><span class='ocrx_word' id='word_1_315' title='bbox 392 2910 582 2965; x_wconf 90' lang='lat' dir='ltr'><strong>tudine</strong></span> <span class='ocrx_word' id='word_1_316' title='bbox 626 2910 1072 2983; x_wconf 83' lang='lat' dir='ltr'><strong>cognoscendum</strong></span> <span class='ocrx_word' id='word_1_317' title='bbox 1119 2911 1395 2978; x_wconf 84' lang='lat' dir='ltr'><strong>traderet,</strong></span> <span class='ocrx_word' id='word_1_318' title='bbox 1449 2911 1662 2967; x_wconf 85' lang='lat' dir='ltr'><strong>efficaci</strong></span> <span class='ocrx_word' id='word_1_319' title='bbox 1717 2927 1817 2966; x_wconf 90' lang='lat' dir='ltr'><strong>sua</strong></span> <span class='ocrx_word' id='word_1_320' title='bbox 1863 2909 2170 2966; x_wconf 86' lang='lat' dir='ltr'><strong>assistentia</strong></span> <span class='ocrx_word' id='word_1_321' title='bbox 2213 2924 2330 2964; x_wconf 90' lang='lat' dir='ltr'><strong>non</strong></span> <span class='ocrx_word' id='word_1_322' title='bbox 2367 2917 2592 2964; x_wconf 89' lang='lat' dir='ltr'><strong>tantum</strong></span> <span class='ocrx_word' id='word_1_323' title='bbox 2643 2909 2914 2982; x_wconf 70' lang='lat' dir='ltr'><strong>invigilare</strong></span> 
     </span>
     <span class='ocr_line' id='line_1_31' title="bbox 392 2994 2914 3071; baseline -0.002 -18"><span class='ocrx_word' id='word_1_324' title='bbox 392 2998 611 3065; x_wconf 82' lang='lat' dir='ltr'><strong>debuit,</strong></span> <span class='ocrx_word' id='word_1_325' title='bbox 634 3015 705 3054; x_wconf 90' lang='lat' dir='ltr'><strong>ne</strong></span> <span class='ocrx_word' id='word_1_326' title='bbox 732 3000 845 3053; x_wconf 90' lang='lat' dir='ltr'><strong>suis</strong></span> <span class='ocrx_word' id='word_1_327' title='bbox 873 2999 1189 3068; x_wconf 78' lang='lat' dir='ltr'><strong>sententiiS,</strong></span> <span class='ocrx_word' id='word_1_328' title='bbox 1224 3015 1361 3071; x_wconf 90' lang='lat' dir='ltr'><strong>quas</strong></span> <span class='ocrx_word' id='word_1_329' title='bbox 1385 2999 1485 3056; x_wconf 92' lang='lat' dir='ltr'><strong>illo</strong></span> <span class='ocrx_word' id='word_1_330' title='bbox 1513 3000 1570 3056; x_wconf 89' lang='lat' dir='ltr'><strong>in</strong></span> <span class='ocrx_word' id='word_1_331' title='bbox 1595 2999 1741 3054; x_wconf 90' lang='lat' dir='ltr'><strong>libro</strong></span> <span class='ocrx_word' id='word_1_332' title='bbox 1764 2999 1913 3054; x_wconf 90' lang='lat' dir='ltr'><strong>tradi</strong></span> <span class='ocrx_word' id='word_1_333' title='bbox 1945 2997 2147 3064; x_wconf 85' lang='lat' dir='ltr'><strong>voluit,</strong></span> <span class='ocrx_word' id='word_1_334' title='bbox 2181 2996 2298 3052; x_wconf 87' lang='lat' dir='ltr'><strong>ulla</strong></span> <span class='ocrx_word' id='word_1_335' title='bbox 2325 2997 2507 3052; x_wconf 90' lang='lat' dir='ltr'><strong>aliena</strong></span> <span class='ocrx_word' id='word_1_336' title='bbox 2533 2994 2914 3053; x_wconf 81' lang='lat' dir='ltr'><strong>admisceretur</strong></span> 
     </span>
     <span class='ocr_line' id='line_1_32' title="bbox 390 3085 2910 3158; baseline -0.001 -18"><span class='ocrx_word' id='word_1_337' title='bbox 390 3095 485 3142; x_wconf 86' lang='lat' dir='ltr'><strong>aut</strong></span> <span class='ocrx_word' id='word_1_338' title='bbox 508 3101 574 3141; x_wconf 85' lang='lat' dir='ltr'><strong>ex</strong></span> <span class='ocrx_word' id='word_1_339' title='bbox 608 3086 689 3141; x_wconf 91' lang='lat' dir='ltr'><strong>eis</strong></span> <span class='ocrx_word' id='word_1_340' title='bbox 715 3087 829 3141; x_wconf 89' lang='lat' dir='ltr'><strong>ulla</strong></span> <span class='ocrx_word' id='word_1_341' title='bbox 860 3087 1213 3142; x_wconf 87' lang='lat' dir='ltr'><strong>omitteretur</strong></span> <span class='ocrx_word' id='word_1_342' title='bbox 1241 3089 1328 3142; x_wconf 84' lang='lat' dir='ltr'><strong>vel</strong></span> <span class='ocrx_word' id='word_1_343' title='bbox 1356 3086 1533 3158; x_wconf 89' lang='lat' dir='ltr'><strong>magis</strong></span> <span class='ocrx_word' id='word_1_344' title='bbox 1570 3087 1822 3141; x_wconf 86' lang='lat' dir='ltr'><strong>minusve</strong></span> <span class='ocrx_word' id='word_1_345' title='bbox 1849 3099 2082 3140; x_wconf 87' lang='lat' dir='ltr'><strong>erronee</strong></span> <span class='ocrx_word' id='word_1_346' title='bbox 2111 3085 2536 3155; x_wconf 87' lang='lat' dir='ltr'><strong>exprimeretur,</strong></span> <span class='ocrx_word' id='word_1_347' title='bbox 2571 3085 2670 3140; x_wconf 87' lang='lat' dir='ltr'><strong>sed</strong></span> <span class='ocrx_word' id='word_1_348' title='bbox 2697 3085 2910 3154; x_wconf 87' lang='lat' dir='ltr'><strong>scripto-</strong></span> 
     </span>
     <span class='ocr_line' id='line_1_33' title="bbox 392 3172 2914 3246; baseline -0.001 -19"><span class='ocrx_word' id='word_1_349' title='bbox 392 3188 510 3228; x_wconf 90' lang='lat' dir='ltr'><strong>rem</strong></span> <span class='ocrx_word' id='word_1_350' title='bbox 539 3173 707 3229; x_wconf 87' lang='lat' dir='ltr'><strong>etiam</strong></span> <span class='ocrx_word' id='word_1_351' title='bbox 733 3173 971 3246; x_wconf 81' lang='lat' dir='ltr'><strong>dirigere</strong></span> <span class='ocrx_word' id='word_1_352' title='bbox 1000 3173 1222 3239; x_wconf 86' lang='lat' dir='ltr'><strong>debuit,</strong></span> <span class='ocrx_word' id='word_1_353' title='bbox 1254 3183 1316 3229; x_wconf 94' lang='lat' dir='ltr'><strong>ut</strong></span> <span class='ocrx_word' id='word_1_354' title='bbox 1344 3189 1566 3245; x_wconf 87' lang='lat' dir='ltr'><strong>semper</strong></span> <span class='ocrx_word' id='word_1_355' title='bbox 1593 3181 1650 3228; x_wconf 89' lang='lat' dir='ltr'><strong>et</strong></span> <span class='ocrx_word' id='word_1_356' title='bbox 1671 3172 1908 3244; x_wconf 87' lang='lat' dir='ltr'><strong>ubique,</strong></span> <span class='ocrx_word' id='word_1_357' title='bbox 1941 3172 2045 3228; x_wconf 91' lang='lat' dir='ltr'><strong>etsi</strong></span> <span class='ocrx_word' id='word_1_358' title='bbox 2069 3187 2182 3228; x_wconf 91' lang='lat' dir='ltr'><strong>non</strong></span> <span class='ocrx_word' id='word_1_359' title='bbox 2211 3172 2556 3243; x_wconf 88' lang='lat' dir='ltr'><strong>aptissimam</strong></span> <span class='ocrx_word' id='word_1_360' title='bbox 2585 3186 2656 3228; x_wconf 88' lang='lat' dir='ltr'><strong>ac</strong></span> <span class='ocrx_word' id='word_1_361' title='bbox 2683 3172 2914 3242; x_wconf 82' lang='lat' dir='ltr'><strong>pulcher·</strong></span> 
     </span>
     <span class='ocr_line' id='line_1_34' title="bbox 393 3257 2910 3333; baseline -0.002 -17"><span class='ocrx_word' id='word_1_362' title='bbox 393 3261 622 3328; x_wconf 88' lang='lat' dir='ltr'><strong>rimam,</strong></span> <span class='ocrx_word' id='word_1_363' title='bbox 652 3270 841 3332; x_wconf 86' lang='lat' dir='ltr'><strong>aptam</strong></span> <span class='ocrx_word' id='word_1_364' title='bbox 868 3271 1059 3317; x_wconf 89' lang='lat' dir='ltr'><strong>tamen</strong></span> <span class='ocrx_word' id='word_1_365' title='bbox 1094 3277 1159 3318; x_wconf 92' lang='lat' dir='ltr'><strong>ac</strong></span> <span class='ocrx_word' id='word_1_366' title='bbox 1193 3261 1361 3317; x_wconf 83' lang='lat' dir='ltr'><strong>verbo</strong></span> <span class='ocrx_word' id='word_1_367' title='bbox 1398 3261 1586 3316; x_wconf 86' lang='lat' dir='ltr'><strong>divino</strong></span> <span class='ocrx_word' id='word_1_368' title='bbox 1625 3261 2046 3318; x_wconf 88' lang='lat' dir='ltr'><strong>convenientem</strong></span> <span class='ocrx_word' id='word_1_369' title='bbox 2085 3258 2321 3316; x_wconf 77' lang='lat' dir='ltr'><strong>formam</strong></span> <span class='ocrx_word' id='word_1_370' title='bbox 2351 3261 2604 3333; x_wconf 89' lang='lat' dir='ltr'><strong>eligeret.</strong></span> <span class='ocrx_word' id='word_1_371' title='bbox 2637 3261 2784 3316; x_wconf 84' lang='lat' dir='ltr'><strong>Hinc.</strong></span> <span class='ocrx_word' id='word_1_372' title='bbox 2811 3257 2910 3314; x_wconf 85' lang='lat' dir='ltr'><strong>fieri</strong></span> 
     </span>
     <span class='ocr_line' id='line_1_35' title="bbox 394 3347 2912 3420; baseline -0.002 -16"><span class='ocrx_word' id='word_1_373' title='bbox 394 3348 603 3420; x_wconf 87' lang='lat' dir='ltr'><strong>potuit,</strong></span> <span class='ocrx_word' id='word_1_374' title='bbox 630 3356 690 3403; x_wconf 88' lang='lat' dir='ltr'><strong>ut</strong></span> <span class='ocrx_word' id='word_1_375' title='bbox 722 3351 874 3404; x_wconf 91' lang='lat' dir='ltr'><strong>Deus</strong></span> <span class='ocrx_word' id='word_1_376' title='bbox 907 3349 1073 3405; x_wconf 89' lang='lat' dir='ltr'><strong>certis</strong></span> <span class='ocrx_word' id='word_1_377' title='bbox 1110 3350 1170 3404; x_wconf 91' lang='lat' dir='ltr'><strong>in</strong></span> <span class='ocrx_word' id='word_1_378' title='bbox 1205 3348 1342 3406; x_wconf 90' lang='lat' dir='ltr'><strong>locis</strong></span> <span class='ocrx_word' id='word_1_379' title='bbox 1378 3349 1582 3406; x_wconf 90' lang='lat' dir='ltr'><strong>seriem</strong></span> <span class='ocrx_word' id='word_1_380' title='bbox 1617 3363 1682 3405; x_wconf 85' lang='lat' dir='ltr'><strong>ac</strong></span> <span class='ocrx_word' id='word_1_381' title='bbox 1717 3347 2142 3420; x_wconf 88' lang='lat' dir='ltr'><strong>dispositionem</strong></span> <span class='ocrx_word' id='word_1_382' title='bbox 2171 3363 2362 3404; x_wconf 87' lang='lat' dir='ltr'><strong>rerum</strong></span> <span class='ocrx_word' id='word_1_383' title='bbox 2397 3355 2496 3405; x_wconf 89' lang='lat' dir='ltr'><strong>aut</strong></span> <span class='ocrx_word' id='word_1_384' title='bbox 2527 3348 2682 3419; x_wconf 88' lang='lat' dir='ltr'><strong>ipsas</strong></span> <span class='ocrx_word' id='word_1_385' title='bbox 2714 3361 2912 3420; x_wconf 75' lang='lat' dir='ltr'><strong>quoqne</strong></span> 
     </span>
     <span class='ocr_line' id='line_1_36' title="bbox 392 3433 2918 3510; baseline -0 -20"><span class='ocrx_word' id='word_1_386' title='bbox 392 3435 669 3492; x_wconf 89' lang='lat' dir='ltr'><strong>interdum</strong></span> <span class='ocrx_word' id='word_1_387' title='bbox 707 3453 869 3492; x_wconf 89' lang='lat' dir='ltr'><strong>voces</strong></span> <span class='ocrx_word' id='word_1_388' title='bbox 906 3437 1283 3509; x_wconf 82' lang='lat' dir='ltr'><strong>imaginesque</strong></span> <span class='ocrx_word' id='word_1_389' title='bbox 1322 3446 1674 3510; x_wconf 80' lang='lat' dir='ltr'><strong>suggereret,</strong></span> <span class='ocrx_word' id='word_1_390' title='bbox 1707 3453 1852 3508; x_wconf 91' lang='lat' dir='ltr'><strong>quae</strong></span> <span class='ocrx_word' id='word_1_391' title='bbox 1887 3436 1958 3494; x_wconf 88' lang='lat' dir='ltr'><strong>ad</strong></span> <span class='ocrx_word' id='word_1_392' title='bbox 1996 3438 2222 3507; x_wconf 89' lang='lat' dir='ltr'><strong>plenum</strong></span> <span class='ocrx_word' id='word_1_393' title='bbox 2262 3436 2513 3493; x_wconf 81' lang='lat' dir='ltr'><strong>divinum</strong></span> <span class='ocrx_word' id='word_1_394' title='bbox 2549 3451 2778 3492; x_wconf 85' lang='lat' dir='ltr'><strong>sensum</strong></span> <span class='ocrx_word' id='word_1_395' title='bbox 2813 3433 2918 3489; x_wconf 87' lang='lat' dir='ltr'><strong>red·</strong></span> 
     </span>
     <span class='ocr_line' id='line_1_37' title="bbox 392 3521 2824 3597; baseline -0 -19"><span class='ocrx_word' id='word_1_396' title='bbox 392 3521 639 3580; x_wconf 89' lang='lat' dir='ltr'><strong>dendum</strong></span> <span class='ocrx_word' id='word_1_397' title='bbox 667 3531 827 3578; x_wconf 86' lang='lat' dir='ltr'><strong>crant</strong></span> <span class='ocrx_word' id='word_1_398' title='bbox 853 3527 1196 3580; x_wconf 83' lang='lat' dir='ltr'><strong>necessariae</strong></span> <span class='ocrx_word' id='word_1_399' title='bbox 1226 3539 1407 3597; x_wconf 89' lang='lat' dir='ltr'><strong>neque</strong></span> <span class='ocrx_word' id='word_1_400' title='bbox 1434 3541 1467 3580; x_wconf 92' lang='lat' dir='ltr'><strong>a</strong></span> <span class='ocrx_word' id='word_1_401' title='bbox 1496 3525 1800 3596; x_wconf 75' lang='lat' dir='ltr'><strong>scriptore,</strong></span> <span class='ocrx_word' id='word_1_402' title='bbox 1831 3525 1935 3580; x_wconf 90' lang='lat' dir='ltr'><strong>nisi</strong></span> <span class='ocrx_word' id='word_1_403' title='bbox 1959 3532 2278 3596; x_wconf 80' lang='lat' dir='ltr'><strong>suggestae,</strong></span> <span class='ocrx_word' id='word_1_404' title='bbox 2309 3531 2496 3579; x_wconf 89' lang='lat' dir='ltr'><strong>essent</strong></span> <span class='ocrx_word' id='word_1_405' title='bbox 2519 3523 2824 3578; x_wconf 86' lang='lat' dir='ltr'><strong>adhibitae.</strong></span> 
     </span>
    </p>

    <p class='ocr_par' dir='ltr' id='par_1_4' title="bbox 393 3609 2931 4736">
     <span class='ocr_line' id='line_1_38' title="bbox 462 3609 2918 3685; baseline -0.003 -18"><span class='ocrx_word' id='word_1_406' title='bbox 462 3610 738 3668; x_wconf 88' lang='lat' dir='ltr'><strong>Ecclesiae</strong></span> <span class='ocrx_word' id='word_1_407' title='bbox 776 3611 943 3684; x_wconf 85' lang='lat' dir='ltr'><strong>igitur</strong></span> <span class='ocrx_word' id='word_1_408' title='bbox 983 3612 1261 3681; x_wconf 84' lang='lat' dir='ltr'><strong>definitio,</strong></span> <span class='ocrx_word' id='word_1_409' title='bbox 1313 3627 1420 3685; x_wconf 91' lang='lat' dir='ltr'><strong>qua</strong></span> <span class='ocrx_word' id='word_1_410' title='bbox 1471 3615 1623 3670; x_wconf 91' lang='lat' dir='ltr'><strong>Deus</strong></span> <span class='ocrx_word' id='word_1_411' title='bbox 1665 3621 1860 3668; x_wconf 90' lang='lat' dir='ltr'><strong>auctor</strong></span> <span class='ocrx_word' id='word_1_412' title='bbox 1902 3627 2022 3669; x_wconf 88' lang='lat' dir='ltr'><strong>esse</strong></span> <span class='ocrx_word' id='word_1_413' title='bbox 2061 3612 2476 3682; x_wconf 89' lang='lat' dir='ltr'><strong>Scripturarum</strong></span> <span class='ocrx_word' id='word_1_414' title='bbox 2519 3609 2777 3669; x_wconf 82' lang='lat' dir='ltr'><strong>docetur.</strong></span> <span class='ocrx_word' id='word_1_415' title='bbox 2826 3623 2918 3663; x_wconf 88' lang='lat' dir='ltr'><strong>non</strong></span> 
     </span>
     <span class='ocr_line' id='line_1_39' title="bbox 394 3697 2918 3772; baseline -0.003 -16"><span class='ocrx_word' id='word_1_416' title='bbox 394 3700 663 3771; x_wconf 85' lang='lat' dir='ltr'><strong>postulat,</strong></span> <span class='ocrx_word' id='word_1_417' title='bbox 698 3707 761 3754; x_wconf 91' lang='lat' dir='ltr'><strong>ut</strong></span> <span class='ocrx_word' id='word_1_418' title='bbox 784 3702 967 3755; x_wconf 90' lang='lat' dir='ltr'><strong>Deum</strong></span> <span class='ocrx_word' id='word_1_419' title='bbox 1004 3715 1199 3755; x_wconf 91' lang='lat' dir='ltr'><strong>omnes</strong></span> <span class='ocrx_word' id='word_1_420' title='bbox 1238 3717 1399 3756; x_wconf 86' lang='lat' dir='ltr'><strong>voces</strong></span> <span class='ocrx_word' id='word_1_421' title='bbox 1422 3700 1844 3772; x_wconf 72' lang='lat' dir='ltr'><strong>dictionesque,</strong></span> <span class='ocrx_word' id='word_1_422' title='bbox 1879 3714 2073 3756; x_wconf 86' lang='lat' dir='ltr'><strong>omnes</strong></span> <span class='ocrx_word' id='word_1_423' title='bbox 2109 3697 2376 3770; x_wconf 87' lang='lat' dir='ltr'><strong>loquendi</strong></span> <span class='ocrx_word' id='word_1_424' title='bbox 2413 3697 2642 3761; x_wconf 81' lang='lat' dir='ltr'><strong>modos,</strong></span> <span class='ocrx_word' id='word_1_425' title='bbox 2679 3706 2918 3754; x_wconf 83' lang='lat' dir='ltr'><strong>constru-</strong></span> 
     </span>
     <span class='ocr_line' id='line_1_40' title="bbox 394 3783 2922 3862; baseline -0.003 -18"><span class='ocrx_word' id='word_1_426' title='bbox 394 3789 630 3856; x_wconf 87' lang='lat' dir='ltr'><strong>ctiones,</strong></span> <span class='ocrx_word' id='word_1_427' title='bbox 662 3787 1052 3843; x_wconf 89' lang='lat' dir='ltr'><strong>similitudines</strong></span> <span class='ocrx_word' id='word_1_428' title='bbox 1089 3796 1195 3844; x_wconf 90' lang='lat' dir='ltr'><strong>etc.</strong></span> <span class='ocrx_word' id='word_1_429' title='bbox 1226 3789 1594 3860; x_wconf 75' lang='lat' dir='ltr'><strong>scriptoribus</strong></span> <span class='ocrx_word' id='word_1_430' title='bbox 1625 3788 1962 3862; x_wconf 79' lang='lat' dir='ltr'><strong>suggessisse</strong></span> <span class='ocrx_word' id='word_1_431' title='bbox 1991 3786 2271 3855; x_wconf 69' lang='lat' dir='ltr'><strong>dieamus,</strong></span> <span class='ocrx_word' id='word_1_432' title='bbox 2303 3803 2369 3840; x_wconf 84' lang='lat' dir='ltr'><strong>ex</strong></span> <span class='ocrx_word' id='word_1_433' title='bbox 2399 3786 2520 3858; x_wconf 90' lang='lat' dir='ltr'><strong>ipsa</strong></span> <span class='ocrx_word' id='word_1_434' title='bbox 2563 3795 2754 3842; x_wconf 89' lang='lat' dir='ltr'><strong>autem</strong></span> <span class='ocrx_word' id='word_1_435' title='bbox 2793 3783 2922 3840; x_wconf 82' lang='lat' dir='ltr'><strong>Scri·</strong></span> 
     </span>
     <span class='ocr_line' id='line_1_41' title="bbox 393 3862 2928 3949; baseline -0.004 -18"><span class='ocrx_word' id='word_1_436' title='bbox 393 3884 685 3947; x_wconf 87' lang='lat' dir='ltr'><strong>pturarum</strong></span> <span class='ocrx_word' id='word_1_437' title='bbox 718 3862 907 3932; x_wconf 82' lang='lat' dir='ltr'><strong>indole</strong></span> <span class='ocrx_word' id='word_1_438' title='bbox 949 3876 1293 3949; x_wconf 76' lang='lat' dir='ltr'><strong>colligimuS,</strong></span> <span class='ocrx_word' id='word_1_439' title='bbox 1342 3896 1369 3927; x_wconf 73' lang='grc' dir='ltr'>α</span> <span class='ocrx_word' id='word_1_440' title='bbox 1408 3879 1610 3934; x_wconf 89' lang='lat' dir='ltr'><strong>saltem</strong></span> <span class='ocrx_word' id='word_1_441' title='bbox 1649 3876 1977 3948; x_wconf 88' lang='lat' dir='ltr'><strong>plerumque</strong></span> <span class='ocrx_word' id='word_1_442' title='bbox 2015 3883 2270 3932; x_wconf 89' lang='lat' dir='ltr'><strong>auctores</strong></span> <span class='ocrx_word' id='word_1_443' title='bbox 2294 3866 2614 3945; x_wconf 84' lang='lat' dir='ltr'><strong>‘inspiratos</strong></span> <span class='ocrx_word' id='word_1_444' title='bbox 2657 3873 2716 3928; x_wconf 92' lang='lat' dir='ltr'><strong>in</strong></span> <span class='ocrx_word' id='word_1_445' title='bbox 2763 3871 2928 3928; x_wconf 75' lang='lat' dir='ltr'><strong>verbis</strong></span> 
     </span>
     <span class='ocr_line' id='line_1_42' title="bbox 394 3960 2926 4038; baseline -0.003 -20"><span class='ocrx_word' id='word_1_446' title='bbox 394 3962 687 4036; x_wconf 87' lang='lat' dir='ltr'><strong>seligendis</strong></span> <span class='ocrx_word' id='word_1_447' title='bbox 706 3973 761 4020; x_wconf 88' lang='lat' dir='ltr'><strong>et</strong></span> <span class='ocrx_word' id='word_1_448' title='bbox 786 3965 845 4019; x_wconf 89' lang='lat' dir='ltr'><strong>in</strong></span> <span class='ocrx_word' id='word_1_449' title='bbox 869 3963 1038 4020; x_wconf 90' lang='lat' dir='ltr'><strong>modo</strong></span> <span class='ocrx_word' id='word_1_450' title='bbox 1062 3960 1338 4020; x_wconf 88' lang='lat' dir='ltr'><strong>scribendi</strong></span> <span class='ocrx_word' id='word_1_451' title='bbox 1368 3965 1732 4038; x_wconf 87' lang='lat' dir='ltr'><strong>grammatico</strong></span> <span class='ocrx_word' id='word_1_452' title='bbox 1761 3979 1826 4020; x_wconf 89' lang='lat' dir='ltr'><strong>ac</strong></span> <span class='ocrx_word' id='word_1_453' title='bbox 1854 3964 2138 4019; x_wconf 88' lang='lat' dir='ltr'><strong>rhetorico</strong></span> <span class='ocrx_word' id='word_1_454' title='bbox 2167 3961 2352 4018; x_wconf 79' lang='lat' dir='ltr'><strong>divina</strong></span> <span class='ocrx_word' id='word_1_455' title='bbox 2377 3961 2694 4018; x_wconf 86' lang='lat' dir='ltr'><strong>assistentia</strong></span> <span class='ocrx_word' id='word_1_456' title='bbox 2721 3970 2926 4017; x_wconf 85' lang='lat' dir='ltr'><strong>tantum</strong></span> 
     </span>
     <span class='ocr_line' id='line_1_43' title="bbox 395 4047 2931 4124; baseline -0.003 -18"><span class='ocrx_word' id='word_1_457' title='bbox 395 4051 613 4108; x_wconf 90' lang='lat' dir='ltr'><strong>adiutos</strong></span> <span class='ocrx_word' id='word_1_458' title='bbox 640 4061 697 4107; x_wconf 90' lang='lat' dir='ltr'><strong>et</strong></span> <span class='ocrx_word' id='word_1_459' title='bbox 722 4053 963 4108; x_wconf 89' lang='lat' dir='ltr'><strong>munitos</strong></span> <span class='ocrx_word' id='word_1_460' title='bbox 978 4095 991 4119; x_wconf 95' lang='lat'><strong>,</strong></span> <span class='ocrx_word' id='word_1_461' title='bbox 1024 4069 1139 4108; x_wconf 93' lang='lat' dir='ltr'><strong>non</strong></span> <span class='ocrx_word' id='word_1_462' title='bbox 1161 4061 1351 4108; x_wconf 90' lang='lat' dir='ltr'><strong>autem</strong></span> <span class='ocrx_word' id='word_1_463' title='bbox 1373 4052 1640 4108; x_wconf 86' lang='lat' dir='ltr'><strong>divinitus</strong></span> <span class='ocrx_word' id='word_1_464' title='bbox 1667 4060 1892 4124; x_wconf 85' lang='lat' dir='ltr'><strong>accepta</strong></span> <span class='ocrx_word' id='word_1_465' title='bbox 1912 4051 2213 4107; x_wconf 88' lang='lat' dir='ltr'><strong>dictatione</strong></span> <span class='ocrx_word' id='word_1_466' title='bbox 2237 4048 2310 4106; x_wconf 89' lang='lat' dir='ltr'><strong>ad</strong></span> <span class='ocrx_word' id='word_1_467' title='bbox 2337 4064 2516 4104; x_wconf 89' lang='lat' dir='ltr'><strong>unum</strong></span> <span class='ocrx_word' id='word_1_468' title='bbox 2543 4047 2931 4105; x_wconf 82' lang='lat' dir='ltr'><strong>determinatos</strong></span> 
     </span>
     <span class='ocr_line' id='line_1_44' title="bbox 398 4136 2928 4212; baseline -0.003 -18"><span class='ocrx_word' id='word_1_469' title='bbox 398 4139 563 4195; x_wconf 78' lang='lat' dir='ltr'><strong>fuisse</strong></span> <span class='ocrx_word' id='word_1_470' title='bbox 594 4160 621 4190; x_wconf 70' lang='grc' dir='ltr'><strong><em>ι</em></strong></span> <span class='ocrx_word' id='word_1_471' title='bbox 656 4139 998 4210; x_wconf 70' lang='lat' dir='ltr'><strong>(Fr-anselm</strong></span> <span class='ocrx_word' id='word_1_472' title='bbox 1029 4142 1065 4196; x_wconf 94' lang='lat' dir='ltr'><strong>l.</strong></span> <span class='ocrx_word' id='word_1_473' title='bbox 1098 4157 1149 4196; x_wconf 87' lang='lat' dir='ltr'><strong>c.</strong></span> <span class='ocrx_word' id='word_1_474' title='bbox 1180 4157 1236 4212; x_wconf 88' lang='lat' dir='ltr'><strong>p.</strong></span> <span class='ocrx_word' id='word_1_475' title='bbox 1271 4146 1415 4208; x_wconf 83' lang='lat'><strong>35⁷).</strong></span> <span class='ocrx_word' id='word_1_476' title='bbox 1454 4140 1519 4196; x_wconf 93' lang='lat' dir='ltr'><strong>Id</strong></span> <span class='ocrx_word' id='word_1_477' title='bbox 1549 4141 1658 4195; x_wconf 90' lang='lat' dir='ltr'><strong>iam</strong></span> <span class='ocrx_word' id='word_1_478' title='bbox 1693 4139 1947 4196; x_wconf 87' lang='lat' dir='ltr'><strong>diversus</strong></span> <span class='ocrx_word' id='word_1_479' title='bbox 1979 4140 2036 4195; x_wconf 91' lang='lat' dir='ltr'><strong>in</strong></span> <span class='ocrx_word' id='word_1_480' title='bbox 2070 4137 2304 4211; x_wconf 89' lang='lat' dir='ltr'><strong>singulis</strong></span> <span class='ocrx_word' id='word_1_481' title='bbox 2332 4136 2450 4192; x_wconf 76' lang='lat' dir='ltr'><strong>lere</strong></span> <span class='ocrx_word' id='word_1_482' title='bbox 2478 4136 2638 4192; x_wconf 84' lang='lat' dir='ltr'><strong>libris</strong></span> <span class='ocrx_word' id='word_1_483' title='bbox 2671 4137 2846 4209; x_wconf 76' lang='lat' dir='ltr'><strong>stylus</strong></span> <span class='ocrx_word' id='word_1_484' title='bbox 2875 4149 2928 4187; x_wconf 82' lang='lat' dir='ltr'><strong>ae</strong></span> 
     </span>
     <span class='ocr_line' id='line_1_45' title="bbox 397 4221 2928 4300; baseline -0.004 -17"><span class='ocrx_word' id='word_1_485' title='bbox 397 4227 620 4284; x_wconf 89' lang='lat' dir='ltr'><strong>dicendi</strong></span> <span class='ocrx_word' id='word_1_486' title='bbox 662 4231 861 4284; x_wconf 87' lang='lat' dir='ltr'><strong>modus</strong></span> <span class='ocrx_word' id='word_1_487' title='bbox 900 4227 1091 4295; x_wconf 84' lang='lat' dir='ltr'><strong>docet,</strong></span> <span class='ocrx_word' id='word_1_488' title='bbox 1143 4243 1312 4300; x_wconf 87' lang='lat' dir='ltr'><strong>quam</strong></span> <span class='ocrx_word' id='word_1_489' title='bbox 1360 4227 1736 4284; x_wconf 83' lang='lat' dir='ltr'><strong>diversitatem</strong></span> <span class='ocrx_word' id='word_1_490' title='bbox 1774 4228 1969 4283; x_wconf 88' lang='lat' dir='ltr'><strong>Patres</strong></span> <span class='ocrx_word' id='word_1_491' title='bbox 2020 4224 2170 4282; x_wconf 89' lang='lat' dir='ltr'><strong>haud</strong></span> <span class='ocrx_word' id='word_1_492' title='bbox 2218 4223 2608 4298; x_wconf 88' lang='lat' dir='ltr'><strong>infrequenter</strong></span> <span class='ocrx_word' id='word_1_493' title='bbox 2647 4241 2678 4279; x_wconf 92' lang='lat' dir='ltr'><strong>a</strong></span> <span class='ocrx_word' id='word_1_494' title='bbox 2726 4221 2928 4279; x_wconf 81' lang='lat' dir='ltr'><strong>diversa</strong></span> 
     </span>
     <span class='ocr_line' id='line_1_46' title="bbox 398 4309 2930 4387; baseline -0.004 -17"><span class='ocrx_word' id='word_1_495' title='bbox 398 4316 729 4387; x_wconf 90' lang='lat' dir='ltr'><strong>scriptorum</strong></span> <span class='ocrx_word' id='word_1_496' title='bbox 760 4331 1043 4371; x_wconf 89' lang='lat' dir='ltr'><strong>sacrorum</strong></span> <span class='ocrx_word' id='word_1_497' title='bbox 1083 4314 1297 4382; x_wconf 90' lang='lat' dir='ltr'><strong>indole,</strong></span> <span class='ocrx_word' id='word_1_498' title='bbox 1339 4315 1678 4384; x_wconf 87' lang='lat' dir='ltr'><strong>eruditione,</strong></span> <span class='ocrx_word' id='word_1_499' title='bbox 1721 4313 1943 4370; x_wconf 82' lang='lat' dir='ltr'><strong>vivendi</strong></span> <span class='ocrx_word' id='word_1_500' title='bbox 1985 4315 2198 4370; x_wconf 86' lang='lat' dir='ltr'><strong>ratione</strong></span> <span class='ocrx_word' id='word_1_501' title='bbox 2235 4313 2508 4369; x_wconf 79' lang='lat' dir='ltr'><strong>derivant.</strong></span> <span class='ocrx_word' id='word_1_502' title='bbox 2547 4311 2852 4368; x_wconf 87' lang='lat' dir='ltr'><strong>Cilicismos</strong></span> <span class='ocrx_word' id='word_1_503' title='bbox 2883 4309 2930 4361; x_wconf 87' lang='lat' dir='ltr'><strong>in</strong></span> 
     </span>
     <span class='ocr_line' id='line_1_47' title="bbox 398 4399 2930 4475; baseline -0.003 -17"><span class='ocrx_word' id='word_1_504' title='bbox 398 4404 585 4472; x_wconf 88' lang='lat' dir='ltr'><strong>Pauli,</strong></span> <span class='ocrx_word' id='word_1_505' title='bbox 617 4411 809 4475; x_wconf 90' lang='lat' dir='ltr'><strong>utpote</strong></span> <span class='ocrx_word' id='word_1_506' title='bbox 838 4403 893 4458; x_wconf 90' lang='lat' dir='ltr'><strong>in</strong></span> <span class='ocrx_word' id='word_1_507' title='bbox 922 4403 1111 4462; x_wconf 87' lang='lat' dir='ltr'><strong>Cilicia</strong></span> <span class='ocrx_word' id='word_1_508' title='bbox 1136 4404 1283 4470; x_wconf 91' lang='lat' dir='ltr'><strong>nati,</strong></span> <span class='ocrx_word' id='word_1_509' title='bbox 1314 4403 1561 4475; x_wconf 88' lang='lat' dir='ltr'><strong>epistolis</strong></span> <span class='ocrx_word' id='word_1_510' title='bbox 1591 4403 1837 4474; x_wconf 90' lang='lat' dir='ltr'><strong>aliosque</strong></span> <span class='ocrx_word' id='word_1_511' title='bbox 1863 4401 2247 4470; x_wconf 78' lang='lat' dir='ltr'><strong>soloecismoS,</strong></span> <span class='ocrx_word' id='word_1_512' title='bbox 2278 4415 2420 4472; x_wconf 89' lang='lat' dir='ltr'><strong>quos</strong></span> <span class='ocrx_word' id='word_1_513' title='bbox 2439 4399 2512 4456; x_wconf 90' lang='lat' dir='ltr'><strong>ob</strong></span> <span class='ocrx_word' id='word_1_514' title='bbox 2532 4399 2750 4472; x_wconf 84' lang='lat' dir='ltr'><strong>linguae</strong></span> <span class='ocrx_word' id='word_1_515' title='bbox 2781 4411 2930 4470; x_wconf 84' lang='lat' dir='ltr'><strong>grae·</strong></span> 
     </span>
     <span class='ocr_line' id='line_1_48' title="bbox 400 4486 2930 4562; baseline -0.004 -16"><span class='ocrx_word' id='word_1_516' title='bbox 400 4505 497 4546; x_wconf 88' lang='lat' dir='ltr'><strong>cae</strong></span> <span class='ocrx_word' id='word_1_517' title='bbox 522 4491 855 4562; x_wconf 90' lang='lat' dir='ltr'><strong>imperitiam</strong></span> <span class='ocrx_word' id='word_1_518' title='bbox 893 4491 1098 4545; x_wconf 88' lang='lat' dir='ltr'><strong>evitare</strong></span> <span class='ocrx_word' id='word_1_519' title='bbox 1126 4491 1464 4561; x_wconf 85' lang='lat' dir='ltr'><strong>nequiverit,</strong></span> <span class='ocrx_word' id='word_1_520' title='bbox 1508 4505 1623 4546; x_wconf 90' lang='lat' dir='ltr'><strong>non</strong></span> <span class='ocrx_word' id='word_1_521' title='bbox 1665 4490 1838 4546; x_wconf 88' lang='lat' dir='ltr'><strong>semel</strong></span> <span class='ocrx_word' id='word_1_522' title='bbox 1867 4489 2046 4562; x_wconf 88' lang='lat' dir='ltr'><strong>carpit</strong></span> <span class='ocrx_word' id='word_1_523' title='bbox 2081 4491 2138 4546; x_wconf 87' lang='lat' dir='ltr'><strong>S.</strong></span> <span class='ocrx_word' id='word_1_524' title='bbox 2173 4489 2371 4557; x_wconf 73' lang='lat' dir='ltr'><strong>Hier.,·</strong></span> <span class='ocrx_word' id='word_1_525' title='bbox 2407 4504 2536 4543; x_wconf 89' lang='lat' dir='ltr'><strong>eum</strong></span> <span class='ocrx_word' id='word_1_526' title='bbox 2581 4486 2761 4543; x_wconf 76' lang='lat' dir='ltr'><strong>verbis</strong></span> <span class='ocrx_word' id='word_1_527' title='bbox 2799 4497 2930 4556; x_wconf 63' lang='lat' dir='ltr'><strong>quae·</strong></span> 
     </span>
     <span class='ocr_line' id='line_1_49' title="bbox 404 4574 2926 4650; baseline -0.002 -22"><span class='ocrx_word' id='word_1_528' title='bbox 404 4578 549 4644; x_wconf 88' lang='lat' dir='ltr'><strong>vult,</strong></span> <span class='ocrx_word' id='word_1_529' title='bbox 588 4576 808 4647; x_wconf 87' lang='lat' dir='ltr'><strong>propria</strong></span> <span class='ocrx_word' id='word_1_530' title='bbox 845 4594 1039 4633; x_wconf 87' lang='lat' dir='ltr'><strong>eorum</strong></span> <span class='ocrx_word' id='word_1_531' title='bbox 1081 4577 1484 4650; x_wconf 84' lang='lat' dir='ltr'><strong>significatione</strong></span> <span class='ocrx_word' id='word_1_532' title='bbox 1511 4594 1627 4632; x_wconf 90' lang='lat' dir='ltr'><strong>non</strong></span> <span class='ocrx_word' id='word_1_533' title='bbox 1663 4585 1905 4648; x_wconf 88' lang='lat' dir='ltr'><strong>attenta,</strong></span> <span class='ocrx_word' id='word_1_534' title='bbox 1956 4575 2108 4633; x_wconf 89' lang='lat' dir='ltr'><strong>ideas</strong></span> <span class='ocrx_word' id='word_1_535' title='bbox 2142 4592 2281 4649; x_wconf 88' lang='lat' dir='ltr'><strong>quas</strong></span> <span class='ocrx_word' id='word_1_536' title='bbox 2317 4575 2562 4634; x_wconf 89' lang='lat' dir='ltr'><strong>intendit</strong></span> <span class='ocrx_word' id='word_1_537' title='bbox 2600 4574 2926 4646; x_wconf 82' lang='lat' dir='ltr'><strong>exprimere.</strong></span> 
     </span>
     <span class='ocr_line' id='line_1_50' title="bbox 406 4661 2929 4736; baseline -0.001 -18"><span class='ocrx_word' id='word_1_538' title='bbox 406 4663 539 4718; x_wconf 89' lang='lat' dir='ltr'><strong>dicit</strong></span> <span class='ocrx_word' id='word_1_539' title='bbox 560 4667 617 4717; x_wconf 83' lang='lat' dir='ltr'><strong>S.</strong></span> <span class='ocrx_word' id='word_1_540' title='bbox 650 4667 816 4733; x_wconf 70' lang='grc' dir='ltr'><strong>(ἶνες.</strong></span> <span class='ocrx_word' id='word_1_541' title='bbox 837 4667 1005 4734; x_wconf 77' lang='lat' dir='ltr'><strong>Nyss.</strong></span> <span class='ocrx_word' id='word_1_542' title='bbox 1036 4664 1138 4730; x_wconf 88' lang='lat' dir='ltr'><strong>(cl&#39;r</strong></span> <span class='ocrx_word' id='word_1_543' title='bbox 1164 4681 1221 4735; x_wconf 92' lang='lat' dir='ltr'><strong>p.</strong></span> <span class='ocrx_word' id='word_1_544' title='bbox 1253 4669 1399 4731; x_wconf 79' lang='lat'>537);</span> <span class='ocrx_word' id='word_1_545' title='bbox 1426 4665 1654 4734; x_wconf 87' lang='lat' dir='ltr'><strong>lsaiam,</strong></span> <span class='ocrx_word' id='word_1_546' title='bbox 1685 4673 1880 4736; x_wconf 90' lang='lat' dir='ltr'><strong>utpote</strong></span> <span class='ocrx_word' id='word_1_547' title='bbox 1901 4665 2080 4720; x_wconf 88' lang='lat' dir='ltr'><strong>virum</strong></span> <span class='ocrx_word' id='word_1_548' title='bbox 2107 4663 2352 4719; x_wconf 89' lang='lat' dir='ltr'><strong>nobilem</strong></span> <span class='ocrx_word' id='word_1_549' title='bbox 2378 4670 2439 4718; x_wconf 92' lang='lat' dir='ltr'><strong>et</strong></span> <span class='ocrx_word' id='word_1_550' title='bbox 2463 4662 2526 4718; x_wconf 89' lang='lat' dir='ltr'><strong>in</strong></span> <span class='ocrx_word' id='word_1_551' title='bbox 2555 4661 2692 4718; x_wconf 88' lang='lat' dir='ltr'><strong>urbe</strong></span> <span class='ocrx_word' id='word_1_552' title='bbox 2715 4667 2929 4716; x_wconf 69' lang='lat' dir='ltr'><strong>natum,</strong></span> 
     </span>
    </p>
   </div>
  </div>
 </body>
</html>
