3050 5184
373 323 488 383 416
527 340 600 384 na
646 339 779 382 vm.
816 339 1070 383 rasum.
1105 340 1302 384 uems
1328 339 1740 385 meramors,
1774 358 1852 368 —
1876 341 2007 385 esp.
2038 342 2097 385 v.
2128 341 2205 386 m:
2232 341 2562 386 Paorneru
2594 341 2893 386 nameus.

266 455 270 458 ’
372 469 660 528 discedens
687 471 802 526 iam
828 469 1074 528 indicare
1103 470 1340 539 videtur,
1380 471 1623 528 hebraici
1662 473 1851 544 populi
1886 473 2291 543 separationem
2328 472 2400 529 ah
2442 473 2565 528 aliis
2590 471 2901 528 nationibus

373 558 672 630 aliquando
693 574 812 614 esse
830 568 1190 615 cessaturam.
1213 560 1426 618 Clarius
1443 559 1593 615 idem
1614 560 1847 616 docetur
1866 560 2247 616 vaticiniorum
2266 559 2474 616 indole.
2498 559 2755 616 Aliorum
2772 575 2901 630 pro-

373 646 684 717 phetarum,
717 661 890 719 quum
913 647 1162 718 proxime
1189 646 1262 702 ad
1289 647 1440 703 solos
1469 647 1613 702 tilios
1641 647 1811 703 Israel
1837 656 2021 703 essent
2046 647 2231 717 missi,
2266 646 2521 704 vaticinia
2548 646 2817 718 pleraque
2838 645 2905 701 de

371 734 542 790 solius
570 735 758 806 populi
787 734 948 791 electi
975 732 1102 790 fatis
1125 744 1324 807 agunt,
1359 744 1524 806 atque
1552 735 1651 790 illa
1681 736 1819 805 ipsa,
1848 751 1990 806 quae
2013 735 2083 791 de
2110 734 2365 808 gentibus
2391 736 2795 800 vaticinantur,
2820 734 2905 788 in—

369 823 507 877 timo
535 822 592 878 in
616 838 760 878 nexu
779 830 911 878 sunt
937 837 1066 877 eum
1095 822 1214 878 eius
1237 830 1386 878 sorte
1419 843 1432 877 :
1462 831 1615 878 terra
1640 829 1851 890 sancta,
1878 823 2011 879 Sion
2030 823 2261 895 eiusque
2278 817 2567 894 templum,
2594 821 2801 877 domus
2819 820 2906 877 da·

371 906 545 964 vidica
581 923 800 980 semper
838 909 916 964 eis
945 923 1077 979 prae
1113 908 1290 964 oculis
1325 917 1635 964 versantur.
1676 910 1833 980 Quae
1860 908 2049 966 omnia
2074 925 2109 965 a
2135 909 2366 965 Daniele
2410 911 2525 965 no'n
2564 923 2906 964 commemo-

371 1004 565 1052 rantur
585 997 798 1068 (excipe
822 1001 910 1063 9,1
937 1000 1106 1067 ειη),
1129 997 1224 1068 qui
1253 1012 1456 1068 magna
1475 996 1672 1053 mundi
1690 997 1923 1068 imperia
1950 1012 2257 1068 eorumque
2274 996 2571 1054 relationes
2592 996 2909 1056 considerat

370 1099 482 1138 non
511 1092 628 1139 tam
657 1083 728 1140 ad
759 1099 996 1155 regnum
1023 1082 1323 1152 iudaicum,
1353 1099 1521 1156 quam
1546 1083 1619 1140 ad
1645 1099 1881 1156 regnum
1908 1083 2316 1152 messianicum,
2349 1085 2553 1157 quippe
2593 1082 2754 1156 quod
2791 1083 2907 1139 aliis

372 1171 613 1242 imperiis
635 1170 933 1227 destructis
955 1171 1255 1228 succedens
1281 1180 1464 1227 totum
1490 1170 1765 1228 mundum
1784 1173 1856 1228 sit
1877 1180 2273 1244 occupaturum
2296 1177 2445 1238 (244
2470 1187 2589 1244 sq.;
2616 1179 2780 1241 ’1,14.
2799 1177 2905 1240 27).

371 1257 532 1328 Quod
561 1260 606 1314 si
635 1258 724 1314 alii
755 1259 1056 1330 prophetae
1079 1258 1149 1315 de
1180 1259 1483 1316 Ierusalem
1511 1260 1665 1316 velut
1690 1257 1761 1316 de
1783 1267 1976 1317 centro
1998 1260 2156 1332 regni
2183 1258 2493 1316 messianici
2526 1268 2709 1332 agunt
2744 1269 2907 1332 atque

372 1347 640 1417 templum
669 1361 796 1402 cum
828 1346 944 1402 eius
971 1346 1372 1416 sacerdotihuS,
1402 1347 1611 1416 levitis,
1644 1349 1886 1404 cruentis
1924 1347 2206 1404 sacrificiis
2239 1362 2671 1419 permansurum
2712 1347 2909 1403 docere

373 1433 648 1502 videntur,
672 1434 872 1491 Daniel
901 1450 1092 1491 eorum
1111 1434 1276 1491 verba
1306 1435 1579 1505 spirituali
1600 1450 1765 1491 sensu
1785 1433 2147 1508 intelligenda
2160 1451 2281 1491 esse
2306 1435 2551 1491 ostendit
2568 1439 2725 1502 (935
2746 1441 2907 1508 sqq).

373 1521 480 1578 Alii
508 1538 742 1596 regnum
771 1523 1159 1578 messianicum
1187 1538 1318 1578 cum
1343 1522 1526 1579 reditu
1554 1539 1621 1580 ex
1659 1523 1851 1580 exsilio
1892 1522 2207 1579 immediate
2250 1531 2581 1580 connectere
2618 1523 2909 1584 videntum

287 1671 302 1687 ⁹
373 1625 539 1682 quam
577 1626 870 1667 erroneam
899 1609 1325 1682 explicationem
1351 1611 1552 1667 Daniel
1578 1619 1871 1683 praecavet
1907 1619 2159 1682 tempore
2196 1610 2467 1667 adventus
2502 1611 2749 1666 Messiae
2776 1611 2911 1668 defi—

373 1698 488 1754 nito
530 1702 678 1766 (935
720 1702 868 1770 sqq.)
911 1699 1206 1771 regnisque
1251 1701 1615 1768 enumeratiS,
1667 1715 1809 1772 quae
1853 1707 1983 1756 ante
2022 1699 2417 1755 messianicum
2468 1698 2581 1754 sint
2624 1699 2909 1755 exoritura

371 1793 428 1842 et
451 1787 694 1856 peritura
726 1790 874 1854 (2³³⁷
899 1801 1056 1860 sqq.;
1083 1793 1211 1851 7‚1⁷
1242 1803 1396 1858 sqq.;
1428 1792 1559 1854 8:20
1584 1803 1741 1860 sqq.;
1779 1793 1901 1856 11,2
1936 1791 2107 1858 sqq.).
2148 1786 2256 1842 Alii
2290 1787 2545 1842 exsilium
2588 1786 2750 1842 velut
2786 1787 2909 1842 ulti-

375 1889 524 1928 mam
549 1872 918 1930 calamitatem
947 1873 1202 1929 videntur
1239 1873 1571 1943 describere,
1605 1891 1773 1947 quam
1807 1871 2053 1945 perfecta
2088 1873 2217 1930 novi
2247 1873 2405 1946 regni
2442 1871 2683 1930 felicitas
2716 1876 2793 1930 sit
2828 1889 2909 1929 se-

375 1969 600 2031 cutura,
622 1961 821 2017 Daniel
845 1963 902 2017 S.
936 1961 1131 2018 Ioanni
1159 1962 1428 2032 Apostolo
1463 1963 1797 2033 praeludens
1826 1963 2103 2034 graviores
2138 1960 2553 2034 persecutiones
2590 1961 2829 2018 ultimae
2862 1969 2913 2015 et

374 2047 655 2118 perfectae
683 2049 890 2120 gloriae
921 2063 1306 2118 praecessuras
1329 2065 1450 2104 esse
1477 2048 1643 2104 docet
1666 2053 1749 2115 (11
1770 2055 1859 2117 ,36
1888 2053 2053 2120 sqq.).

453 2203 511 2258 4.
545 2231 622 2242 —-
653 2198 967 2258 Scuomou.
1005 2221 1034 2252 α
1065 2199 1389 2259 Danielem
1432 2199 1807 2278 prophetam
1853 2200 2024 2260 iuxta
2060 2201 2213 2260 LXX
2253 2200 2633 2277 interpretes
2660 2201 2913 2260 Domini

375 2295 713 2355 Salvatoris
735 2295 1054 2354 Ecclesiae
1079 2312 1204 2356 non
1218 2295 1464 2373 legunt,
1493 2299 1742 2357 utentes
1760 2295 2210 2356 Theodotionis
2232 2297 2533 2357 editione.
2560 2299 2634 2357 Et
2660 2314 2777 2357 cur
2800 2297 2913 2356 hoc

377 2390 678 2451 acciderit
697 2437 712 2460 ,
745 2391 1064 2462 nesci0...;
1098 2391 1254 2452 illud
1286 2409 1484 2452 unum
1515 2391 1831 2452 affirmare
1866 2409 2151 2469 possum,
2184 2392 2359 2470 quod
2385 2392 2661 2454 multum
2686 2410 2727 2452 a
2751 2393 2909 2452 veri·

377 2491 504 2547 tate
531 2486 846 2547 discordet
875 2492 937 2547 et
967 2492 1140 2548 recto
1167 2487 1401 2548 iudicio
1425 2487 1789 2566 repudiatus
1824 2489 1908 2547 sit
1936 2511 1965 2543 »
1992 2488 2079 2566 (S.
2124 2489 2291 2548 Hier.
2314 2488 2479 2548 Prol.
2509 2489 2576 2547 in
2600 2489 2815 2564 Dan.).

443 2599 720 2670 Quoniam
746 2600 807 2654 in
837 2599 1076 2656 Ecclesia
1119 2616 1232 2656 non
1261 2599 1649 2668 adhibebatur,
1681 2600 2040 2656 alexandrina
2085 2602 2261 2656 versio
2300 2601 2469 2656 etiam
2507 2601 2567 2656 in
2603 2601 2914 2674 Scriptura-

374 2703 500 2744 rum
527 2687 808 2744 codicibus
837 2687 1216 2757 omittebatur,
1245 2696 1308 2743 ut
1333 2686 1498 2743 hodie
1538 2689 1597 2744 in
1625 2703 1735 2743 uno
1772 2696 1993 2743 tantum
2033 2687 2225 2744 codice
2263 2689 2501 2760 supersit
2535 2704 2769 2761 unaque
2806 2690 2915 2744 eius

379 2776 552 2831 versio
575 2776 803 2848 syriaca.
836 2776 916 2830 Ex
961 2775 1160 2847 quihus
1201 2776 1491 2832 codicibus
1520 2791 1715 2832 verum
1748 2791 1866 2832 esse
1894 2779 1949 2832 S.
1990 2775 2313 2847 Hieronymi
2356 2775 2625 2832 iudicium
2660 2787 2909 2848 apparet.

378 2865 442 2919 In
473 2863 670 2934 prioris
694 2863 1019 2934 praesertim
1055 2864 1226 2935 partis
1253 2861 1664 2919 narrationibus
1694 2861 1844 2918 haud
1888 2878 2060 2934 pauca
2090 2860 2538 2934 compendiosius
2570 2863 2781 2932 reddit,
2816 2864 2912 2919 alia

378 2952 612 3020 omittit,
649 2951 752 3006 alia
783 2967 814 3005 e
842 2951 1064 3022 proprio
1089 2966 1234 3021 penu
1263 2949 1434 3006 addit.
1466 2950 1651 3006 Minus
1668 2951 1987 3021 frequenter
2010 2950 2069 3004 in
2090 2949 2391 3006 visionibus
2411 2951 2691 3021 iuterpres
2717 2951 2913 3007 discre-

375 3047 496 3108 pat,
539 3038 830 3109 aliquoties
869 3047 1056 3094 tamen
1099 3037 1355 3094 vaticinia
1403 3039 1718 3093 accuratius
1763 3036 1831 3092 ad
1880 3037 2167 3093 historiam
2210 3037 2663 3094 accommodasse
2702 3039 2915 3095 videtur

375 3125 614 3198 ideoque
636 3126 802 3181 etiam
830 3127 991 3197 plane
1011 3126 1259 3196 corrupit
1283 3125 1601 3181 vaticinium
1629 3124 1699 3180 de
1726 3125 2073 3197 septuaginta
2104 3123 2485 3194 hebdomadis,
2518 3124 2656 3181 illud
2684 3127 2759 3183 ad
2792 3127 2913 3198 Epi-

379 3213 576 3284 phanis
606 3213 894 3268 historiam
926 3214 1212 3284 adaptans·
1245 3215 1506 3270 Ceterum
1541 3212 1726 3269 medio
1761 3212 1874 3268 fere
1901 3227 2044 3269 saec.
2080 3217 2133 3268 2.
2162 3221 2353 3268 exorta
2394 3212 2611 3269 videtur
2644 3217 2913 3271 continet·

377 3316 486 3372 que
515 3316 710 3356 omnes
733 3316 953 3372 quoque
988 3300 1518 3356 deuterocanonicas
1545 3300 1853 3372 pericopaS.

709 3512 751 3602 g
785 3517 887 3578 18.
922 3551 1008 3561 ——
1037 3515 1134 3578 De
1162 3511 1460 3578 Danielis
1487 3511 1652 3578 libri
1672 3512 2023 3579 authentia
2050 3525 2116 3579 et
2150 3513 2573 3580 auctoritate.

1005 3731 1272 3788 Quamto
1299 3733 1342 3779 L
1371 3757 1432 3766 —
1459 3731 1535 3778 De
1562 3732 1929 3790 protocanonici
1954 3732 2068 3779 libri
2095 3733 2299 3792 origine.

461 3928 515 3984 1.
545 3959 623 3967 —-
647 3927 902 3985 Praeter
923 3924 1424 3985 Pentateuchum
1453 3925 1662 3985 nullus
1693 3943 1767 3984 cx
1795 3927 1866 3984 V.
1902 3927 1970 3986 T.
2005 3925 2184 3985 libris
2213 3926 2455 3986 maiore
2487 3944 2635 3988 cum
2668 3927 2911 3987 ardore.

379 4038 570 4098 quam
594 4021 932 4098 Prophetia
963 4022 1270 4092 DanieliS‚
1303 4038 1538 4082 averae
1564 4022 1715 4082 fidei
1741 4022 2112 4082 adversariis
2136 4022 2572 4101 impugnatum
2603 4024 2911 4101 integrum

377 4119 800 4178 rationalistae
841 4136 1062 4179 omnes
1102 4118 1427 4192 reiiciunt,
1471 4121 1659 4194 atque
1697 4118 2298 4178 deuterocanonicas
2338 4119 2557 4180 saltem
2596 4122 2915 4196 pericopas

379 4215 713 4291 repudiant
741 4215 850 4274 alii
881 4232 1132 4292 quoquc
1160 4215 1595 4292 protestantici
1628 4215 2023 4292 interpretes

381 4415 574 4464 maicus
603 4415 884 4472 hebraizat,
917 4413 969 4463 id
1007 4415 1144 4478 quod
1173 4415 1358 4464 mirum
1399 4428 1500 4462 non
1538 4417 1615 4464 est
1648 4414 1701 4463 in
1732 4419 1967 4474 auctore,
1996 4416 2087 4478 qui
2116 4414 2317 4464 duabus
2356 4415 2467 4464 istis
2496 4415 2679 4478 linguis
2710 4415 2841 4466 inter
2864 4427 2913 4460 sc

381 4489 620 4542 affinibus
647 4492 704 4541 in
734 4493 838 4541 vita
867 4492 1164 4556 quotidiana
1191 4493 1449 4542 utebatur.
1483 4492 1619 4542 Hinc
1650 4494 1801 4544 etiam
1838 4492 1993 4543 simili
2026 4494 2204 4554 modo,
2235 4507 2339 4558 quo
2366 4495 2553 4544 Esdras
2581 4494 2735 4544 allato
2760 4493 2913 4542 docu-

383 4573 554 4619 mento
587 4572 836 4620 aramaico
871 4571 912 4630 (ι
963 4571 1113 4621 Esdr.
1161 4578 1272 4634 ns),
1320 4575 1490 4621 noster
1516 4572 1689 4622 allatis
1724 4573 1992 4622 aramaicis
2028 4587 2289 4635 magorum
2322 4571 2494 4624 verbis
2532 4573 2822 4632 adducitur,
2858 4575 2913 4619 ut

383 4648 551 4699 media
584 4649 636 4698 in
669 4650 962 4700 narratione
989 4651 1200 4700 eandem
1231 4651 1448 4713 linguam
1477 4651 1781 4702 aramaicam
1810 4650 2049 4702 adhihere
2076 4655 2267 4716 pergat.
