3050 5184
398 345 474 404 16
503 360 776 403 HISTORIA
806 359 1051 404 CANONIS
1080 359 1422 410 UTRIUSQUE
1453 357 1854 402 TESTAHENTL
1878 373 1957 382 -
1978 355 2108 399 CAP.
2143 355 2213 398 11.
2249 355 2383 398 CAN.
2417 353 2665 397 vssmms
2692 349 2865 395 TEST.

473 489 852 546 Thalmudicl
875 491 1139 546 doctores
1167 490 1222 546 in
1251 491 1480 546 canonis
1508 489 1777 562 originem
1804 488 2145 559 inquirentes
2170 486 2536 542 successivam
2564 480 2853 555 quandam
2884 480 2959 534 li-

397 578 627 634 brorum
649 595 933 634 sacrorum
959 577 1342 634 collectionem
1374 585 1627 632 statuunt
1648 577 1957 647 ultimoque
1979 577 2101 630 loco
2124 574 2269 630 inter
2301 574 2622 629 collectores
2656 579 2959 624 recensent

403 685 429 714 «ι
457 667 603 721 viros
626 681 860 739 magnae
887 681 1198 739 synagogae
1227 685 1252 715 n
1289 667 1343 734 (i.
1376 681 1425 720 e.
1458 665 1695 737 collegii,
1728 663 1875 735 quod
1908 663 1977 718 ab
2006 661 2180 718 Esdra
2207 662 2521 718 institutum
2548 674 2668 715 esse
2689 657 2963 720 tradunt)

396 761 564 824 atque
588 755 738 824 ipsos
773 753 1008 811 Esdram
1037 764 1093 810 et
1119 753 1447 810 Nehemiam
1483 753 1680 824 (Baba
1722 752 1951 811 hathra
1981 758 2045 808 14
2081 750 2140 806 b.
2168 759 2225 806 et
2256 755 2321 805 15
2359 751 2456 821 a.).
2488 749 2588 804 Cui
2623 746 2963 802 testimonio

397 843 754 898 consentiunt
777 842 942 898 multi
974 841 1064 898 alii
1099 840 1426 897 thalmudici
1453 841 1591 910 loci,
1620 840 1819 913 quibus
1845 838 2051 896 Esdras
2086 838 2158 894 ob
2186 853 2389 910 magna
2426 853 2524 893 sua
2553 835 2621 891 de
2649 834 2967 904 scripturis

395 929 593 984 merita
618 928 957 1000 celebratur3
995 950 1020 980 α
1045 945 1245 1002 magna
1274 944 1553 1002 synagoga
1584 948 1609 979 n
1644 930 1852 999 Legem
1876 943 2005 998 sepe
2030 926 2331 982 munivisse
2358 925 2649 992 asseritur3
2688 921 2962 984 scribae,

397 1026 492 1097 qui
517 1046 542 1077 α
563 1026 708 1082 viros
725 1041 960 1098 magnae
977 1041 1291 1099 synagogae
1315 1045 1341 1076 ι
1371 1026 1548 1081 secuti
1567 1024 1699 1094 sint,
1720 1040 1929 1080 nomen
1947 1032 2370 1080 numeratorum
2394 1015 2645 1094 (Ε’ἾΒἸΟ
2662 1059 2677 1086 ,
2707 1019 2969 1074 scribae

395 1122 453 1170 et
478 1113 906 1185 numeratores)
937 1113 1065 1170 inde
1094 1115 1372 1185 accepisse
1399 1113 1679 1182 dicuntur,
1712 1114 1840 1184 quia
1868 1127 2059 1168 versus
2084 1111 2382 1182 literasque
2408 1111 2659 1166 omnium
2692 1107 2963 1179 Scriptu-

396 1217 588 1258 rarum
614 1201 1024 1258 numeraverim
1047 1211 1188 1270 etc.;
1220 1202 1358 1258 haec
1385 1202 1534 1258 enim
1566 1201 1751 1256 omnia
1784 1208 2037 1272 tempore
2064 1199 2271 1256 Esdrae
2300 1207 2356 1254 et
2382 1213 2484 1270 per
2511 1196 2745 1253 Esdram
2775 1195 2965 1251 libros

397 1304 590 1345 omnes
616 1290 876 1346 collectos
904 1299 959 1345 et
985 1291 1365 1362 promulgatos
1392 1305 1512 1346 esse
1540 1298 1879 1360 supponunt.
1904 1319 1977 1329 —
2004 1289 2198 1343 Paullo
2237 1287 2516 1358 antiquius
2543 1294 2625 1340 est
2658 1283 2746 1339 Fl.
2790 1287 2963 1338 Iose-

394 1377 505 1449 pki
526 1377 902 1433 testimonium
929 1381 1001 1447 (c.
1029 1383 1173 1449 App.
1202 1379 1248 1434 Ι.
1272 1378 1325 1448 8)
1348 1399 1360 1432 :
1397 1397 1422 1428 α
1455 1375 1622 1447 Apud
1638 1391 1743 1432 nos
1762 1391 2108 1448 nequaquam
2130 1383 2212 1430 est
2232 1373 2645 1430 innumerabilis
2672 1372 2961 1428 librorum

399 1463 693 1520 multitudo
723 1467 867 1522 inter
893 1481 954 1521 se
983 1466 1376 1538 pugnantium,
1408 1463 1506 1520 sed
1544 1466 1759 1537 viqz'nti
1794 1465 1915 1519 duo
1953 1464 2245 1519 dumtaxat
2272 1465 2444 1518 totius
2479 1461 2745 1532 temporis
2783 1476 2960 1531 prae-

395 1553 546 1608 teriti
569 1553 854 1609 historiam
880 1553 1329 1624 complectentes,
1360 1554 1466 1623 qui
1492 1556 1711 1608 merito
1734 1553 2060 1608 creduntur
2085 1552 2297 1607 divini.
2324 1553 2405 1607 Ex
2434 1549 2520 1605 his
2542 1552 2800 1623 quinque
2824 1550 2959 1620 qui-

397 1640 526 1696 dem
559 1649 690 1696 sunt
732 1643 972 1706 Moysis,
1016 1643 1110 1712 qui
1145 1650 1201 1697 et
1237 1642 1388 1714 leges
1425 1641 1711 1697 continent
1753 1648 1810 1696 et
1848 1641 2049 1696 seriem
2090 1655 2279 1695 rerum
2324 1647 2607 1712 gestarum
2646 1653 2677 1692 a
2720 1635 2958 1693 condito

399 1745 598 1806 genere
634 1729 877 1785 humano
905 1745 1079 1800 usque
1108 1728 1178 1784 ad
1208 1731 1324 1784 eius
1353 1738 1662 1784 mortem...
1694 1733 1747 1785 A
1773 1729 1980 1801 Moysis
2007 1737 2192 1784 autem
2223 1736 2404 1783 morte
2436 1727 2507 1782 ad
2536 1725 2834 1797 imperium
2866 1741 2957 1779 us·

399 1833 506 1888 que
540 1817 894 1886 Artaxerxis,
935 1818 1031 1889 qui
1067 1825 1191 1887 post
1227 1819 1474 1873 Xerxem
1511 1818 1763 1890 regnavit
1798 1816 1948 1888 apud
1984 1818 2211 1884 Persas,
2248 1816 2587 1889 prophetae,
2632 1815 2725 1887 qui
2769 1815 2957 1886 Moysi

399 1913 808 1973 successerunt,
841 1919 932 1960 res
959 1921 1058 1960 sua
1087 1913 1268 1960 aetate
1297 1914 1478 1977 gestas
1515 1905 1800 1962 tredecim
1838 1905 1991 1960 libris
2026 1904 2301 1975 complexi
2336 1912 2495 1972 sunt,
2528 1908 2791 1975 quatuo-r
2818 1919 2961 1958 vero

398 1992 599 2062 reliqui
630 1991 870 2064 hymnos
895 1993 953 2047 in
981 1993 1084 2048 Dei
1112 1992 1336 2048 laudem
1373 2002 1430 2048 et
1459 2001 1751 2064 praecepta
1782 1994 1925 2048 vitae
1954 1993 2215 2049 exhibent
2243 1991 2551 2047 utilissima.
2586 1992 2849 2047 Ceterum
2884 1993 2961 2046 ab

397 2080 630 2150 imperio
658 2080 980 2135 Artaxerxis
1013 2079 1085 2135 ad
1115 2089 1368 2136 nostram
1397 2097 1571 2152 usque
1598 2080 1927 2136 memoriam
1960 2081 2179 2152 singula
2216 2078 2445 2152 quidem
2472 2079 2639 2136 literis
2676 2079 2956 2134 mandata

398 2176 555 2237 sunt,
593 2167 693 2223 sed
728 2183 843 2223 non
871 2166 1119 2223 eiusdem
1147 2169 1492 2224 auctoritatis
1523 2184 1589 2223 ac
1619 2165 1843 2238 priores'
1864 2167 2160 2236 habentur,
2194 2169 2343 2241 quia
2364 2183 2482 2222 non
2512 2164 2725 2240 adfuit
2762 2168 2957 2222 indu-

371 2258 598 2330 ³bicata
623 2255 1063 2328 prophetarum
1099 2257 1402 2312 successio,
1444 2257 1661 2324 Quanta
1699 2272 1867 2328 porro
1907 2255 2259 2312 veneratione
2290 2254 2462 2311 libros
2493 2263 2715 2311 nostros
2751 2270 2959 2327 prose-

402 2359 657 2415 quamur,
687 2360 748 2398 re
788 2343 908 2414 ipsa
954 2352 1199 2413 apparet.
1232 2346 1364 2399 Post
1403 2352 1623 2398 tantum
1666 2343 1814 2399 enim
1845 2344 2112 2415 temporis
2154 2344 2393 2416 spatium
2432 2358 2601 2398 nemo
2624 2341 2821 2397 αᾱΙηιε
2850 2359 2961 2398 nec·

399 2432 731 2506 quidquam
772 2430 898 2486 iuis
939 2430 1189 2501 addere,
1230 2448 1333 2486 neo
1373 2432 1446 2486 ab
1491 2431 1622 2487 illis
1664 2431 1991 2506 quidquam
2031 2431 2305 2508 auferre,
2348 2447 2450 2486 nec
2490 2432 2555 2486 in
2596 2430 2724 2486 illis
2768 2433 2959 2504 quid-

400 2535 578 2593 quam
602 2527 841 2576 mutare
859 2535 1041 2574 ausus
1071 2524 1187 2588 est,·
1207 2518 1302 2574 sed
1333 2520 1589 2575 omnibus
1610 2518 1828 2576 Iudaeis
1846 2519 2032 2576 statim
2058 2519 2125 2575 ab
2146 2520 2261 2591 ipsa
2280 2519 2566 2576 nativitate
2588 2517 2694 2574 hoc
2715 2519 2959 2576 insitum

399 2615 507 2676 est,
539 2615 603 2664 ut
638 2607 892 2662 credant
929 2607 1075 2662 haec
1111 2623 1230 2663 esse
1261 2610 1364 2662 Dei
1395 2613 1721 2680 praecepta
1751 2609 2048 2680 (δόγματα),
2078 2614 2144 2662 ut
2172 2609 2254 2664 iis
2286 2611 2561 2664 continuo
2588 2605 2959 2664 inhaereant

399 2703 606 2766 atque,
645 2697 700 2750 si
735 2697 806 2752 id
839 2695 1242 2750 ‘necessarium
1279 2701 1390 2761 est,
1425 2713 1543 2768 pro
1584 2699 1661 2752 iis
1695 2697 1946 2754 libenter
1986 2697 2333 2752 moriantur
2372 2717 2421 2751 n.
2462 2697 2585 2764 Quo
2630 2695 2959 2752 testimonio

397 2793 632 2852 constat,
655 2784 1033 2840 collectionem
1058 2783 1348 2854 librorum,
1374 2785 1467 2855 qui
1496 2783 1566 2839 ab
1595 2785 1850 2841 omnibus
1881 2783 2047 2839 divini
2076 2783 2441 2854 habebantur,
2469 2783 2539 2838 ad
2558 2785 2885 2840 Artaxerxis
2908 2789 2955 2842 1.

397 2871 731 2939 Longimani
765 2879 1008 2928 aetatem
1036 2870 1260 2940 referri,
1289 2873 1386 2943 qui
1426 2871 1635 2927 Esdrae
1672 2871 2086 2944 Nehemiaeque
2121 2873 2303 2928 cultus
2334 2871 2559 2927 mosaici
2596 2875 2956 2929 restaurandi

396 2961 812 3031 permissionem
839 2959 1128 3016 concessit.
1159 2959 1456 3014 Librorum
1485 2969 1673 3015 autem
1705 2975 1970 3016 numerus
1998 2967 2083 3015 est
2105 2959 2279 3028 idem,
2315 2975 2478 3031 quem
2508 2961 2699 3015 Patres
2726 2976 2959 3032 semper

396 3049 596 3104 canoni
632 3046 966 3103 Iudaeorum
1002 3047 1284 3119 assignant
1321 3046 1685 3117 hodiernique
1724 3047 1914 3104 Iudaei
1951 3058 2287 3120 agnoscunt,
2314 3057 2427 3103 tres
2456 3047 2681 3104 eaedem
2722 3065 2957 3122 quoque

397 3150 590 3190 eorum
623 3144 751 3190 sunt
777 3135 978 3190 classes
998 3177 1012 3204 ,
1042 3135 1173 3190 licet
1207 3150 1319 3190 non
1355 3134 1552 3190 eadem
1590 3136 1791 3206 scripta
1821 3136 2049 3208 singulis
2076 3134 2341 3192 classibus
2374 3145 2788 3194 accenseantur.
2830 3140 2953 3196 De·-

397 3239 552 3279 mum
579 3223 746 3278 etiam
772 3221 912 3276 illud
948 3221 1158 3276 clarum
1194 3230 1304 3291 est,
1337 3221 1507 3278 libros
1544 3223 1669 3278 illos
1704 3223 2005 3279 Nehemiae
2044 3223 2362 3297 Esdraeque
2400 3233 2580 3280 aetate
2618 3225 2955 3282 auctoritate

397 3310 636 3384 quadam
659 3309 879 3381 publica
904 3309 1053 3364 velut
1080 3308 1294 3364 divinos
1321 3325 1441 3365 esse
1463 3310 1724 3381 traditos;
1757 3310 1827 3366 ob
1857 3311 2135 3367 defectum
2164 3313 2310 3368 enim
2340 3311 2681 3367 certitudinis
2709 3311 2780 3368 de
2808 3330 2955 3370 con-

395 3401 548 3456 tinua
575 3397 972 3470 prophetarum
999 3397 1138 3452 serie
1161 3397 1312 3452 libris
1340 3406 1464 3468 post
1489 3398 1722 3454 Esdram
1753 3399 1971 3471 scriptis
1998 3399 2085 3455 vel
2113 3399 2343 3470 repertis
2370 3416 2484 3455 non
2509 3399 2743 3456 eandem
2772 3401 2953 3459 fidem

395 3487 703 3545 adhibitam
745 3501 863 3540 esse
905 3483 1171 3554 Iosephus
1209 3483 1410 3542 diserte
1450 3484 1715 3543 declarat.
1750 3515 1823 3528 -
1860 3487 2203 3544 Auctor-itate
2242 3497 2298 3543 et
2333 3488 2659 3559 antiquitate
2698 3499 2953 3559 praestat

396 3577 568 3634 ludae
597 3573 781 3630 Maeli.
812 3572 1090 3643 totiusque
1123 3572 1368 3646 synedrii
1404 3575 1836 3647 ierosolymitani
1874 3575 2281 3644 testimonium,
2313 3591 2422 3647 quo
2462 3575 2589 3630 libri
2617 3591 2647 3630 a
2673 3575 2951 3635 Nehemia

397 3667 514 3738 (per
533 3662 790 3730 Esdram,
818 3661 912 3733 qui
940 3660 1114 3716 cultui
1139 3661 1393 3734 religioso
1422 3662 1785 3718 restaurando
1810 3661 2065 3733 praefuit)
2094 3663 2310 3718 collecti
2338 3663 2415 3718 ita
2446 3661 2859 3728 describuntur.
2889 3679 2955 3723 ut

395 3755 607 3822 integer
630 3765 808 3805 canon
833 3747 1140 3804 secundum
1161 3757 1275 3804 tres
1303 3765 1429 3804 suas
1453 3751 1657 3806 classes
1682 3749 1978 3806 definiatur
2006 3754 2060 3816 (2
2084 3751 2276 3806 Maeli.
2308 3751 2455 3822 2,13)
2482 3769 2497 3806 :
2530 3749 2954 3824 ἓπισυνήγαγεν

395 3842 449 3910 (i.
483 3854 533 3894 e.
565 3837 653 3892 ad
679 3835 1118 3892 Pentateuchum
1151 3837 1210 3892 in
1247 3845 1555 3893 restaurato
1592 3838 1800 3910 templo
1830 3838 2140 3909 depositum
2178 3837 2403 3894 addidit
2440 3850 2493 3894 et
2532 3855 2662 3894 cum
2698 3855 2765 3894 eo
2806 3857 2953 3896 con-

392 3927 585 3999 iunxit)
614 3923 678 3978 τὰ
703 3924 938 3995 περὶτῶν
971 3925 1212 3995 βασιλέων
1251 3925 1348 3998 (sc.
1391 3926 1691 3997 prophetas
1728 3926 1936 3996 priores
1964 3941 1995 3982 a
2030 3926 2243 3998 potiore
2271 3935 2457 3998 parte,
2489 3927 2525 3982 i.
2560 3943 2610 3982 e.
2642 3926 2801 3982 libris
2828 3931 2952 3985 Re-

395 4030 546 4088 gum,
592 4013 998 4079 denominatos)
1039 4014 1122 4064 καὶ
1156 4019 1254 4066 τῶν
1294 4021 1558 4085 προφητῶν
1599 4015 1693 4086 (sc.
1736 4014 2035 4086 prophetas
2073 4015 2420 4085 posteriores)
2459 4015 2545 4067 καὶ
2570 4014 2633 4067 τὰ
2665 4019 2752 4068 τοῦ
2792 4017 2953 4070 aaut&

393 4109 490 4168 (sc.
517 4101 784 4167 Psalmos)
803 4101 889 4154 καὶ
916 4098 1176 4162 ἐπιστολὰς
1203 4101 1444 4171 βασιλέων
1465 4101 1576 4173 περὶ
1602 4102 1948 4172 ἀναθημάτων.
1976 4103 2251 4173 Epistulae
2280 4122 2305 4154 α
2337 4117 2530 4174 regum
2553 4103 2623 4158 de
2647 4102 2897 4160 donariis
2922 4129 2948 4157 n

392 4207 504 4247 non
534 4190 794 4262 leguntur
829 4187 933 4244 nisi
972 4189 1030 4243 in
1057 4188 1212 4245 libris
1238 4190 1448 4245 Esdrae
1489 4195 1539 4258 (1
1582 4191 1756 4245 Esdr.
1790 4197 1881 4256 6‚2
1920 4206 2077 4261 sqq.;
2121 4197 2155 4246 2
2184 4189 2363 4246 Esdr.
2410 4197 2503 4259 2,7
2544 4196 2723 4264 sqq.);
2770 4208 2953 4265 quare

390 4278 511 4333 iure
537 4275 885 4345 coniicimuS,
922 4277 1090 4332 hosce
1115 4278 1338 4333 nomine
1364 4279 1462 4334 illo
1493 4277 1799 4351 designari,
1833 4279 1907 4333 ita
1940 4285 2030 4346 ut,
2063 4276 2223 4333 sicuti
2256 4278 2496 4334 secunda
2525 4279 2752 4335 canonis
2790 4296 2949 4352 pars,

393 4367 467 4421 ita
506 4365 673 4420 etiam
707 4366 869 4421 tertia
906 4381 1007 4437 pro
1046 4364 1280 4437 duplici,
1314 4365 1463 4438 quod
1499 4374 1730 4435 tractat,
1764 4373 2089 4440 argumento
2127 4365 2345 4421 duobus
2378 4366 2555 4422 titulis
2592 4375 2841 4424 ornetur.
2874 4400 2957 4414 --

392 4451 842 4511 Confirmationis
877 4455 1053 4526 gratia
1081 4453 1340 4510 addimus
1373 4454 1753 4510 testimoninm
1794 4453 2096 4526 apocryphi
2122 4459 2157 4508 4
2185 4453 2365 4509 Esdr.
2403 4459 2564 4524 14‚18
2601 4468 2749 4526 sqq„
2792 4461 2955 4528 quod

396 4541 545 4596 omni
573 4540 900 4598 auctoritate
927 4557 1039 4596 non
1069 4551 1240 4596 caret.
1275 4540 1491 4597 Pseudo
1524 4541 1729 4597 Esdras
1757 4542 1903 4597 enim
1930 4541 2204 4610 reserens,
2237 4555 2297 4597 se
2327 4551 2455 4613 post
2491 4542 2745 4598 exsilium
2772 4541 2955 4602 libros

395 4644 588 4686 omnes
614 4643 830 4698 sacroS,
862 4629 958 4701 qui
983 4630 1334 4699 interierant,
1362 4630 1550 4686 divino
1580 4630 1785 4686 auxilio
1815 4629 2065 4686 adiutum
2096 4630 2401 4686 restituisse
2436 4639 2606 4702 atque
2642 4646 2711 4687 ex
2746 4631 2817 4687 iis
2854 4636 2955 4689 vi·-
