3050 5184
710 257 785 300 DE
828 258 1061 303 DUABUS
1101 259 1395 304 EPISTOLIS
1439 260 1519 302 AD
1562 259 2157 306 THESSALONICENSES.
2591 245 2706 304 543

147 384 339 440 stolus
369 385 585 442 duabus
610 388 875 456 ecclesiiS,
904 405 1045 460 quae
1069 389 1125 443 in
1164 389 1435 445 similibus
1462 390 1722 460 periculis
1771 398 2078 454 versantur,
2109 391 2312 446 similia
2335 407 2469 446 sane
2495 391 2705 470 monita

148 471 295 526 dare
320 481 527 544 potest.
558 478 733 531 Porro
763 474 896 547 quid
920 476 1047 532 miri
1072 477 1127 532 in
1154 493 1220 532 eo
1245 485 1347 546 est,
1380 476 1533 550 quod
1571 477 2090 534 Thessalonicenses
2128 479 2198 535 ob
2239 477 2621 534 fortitudinem
2651 478 2708 532 in

150 559 511 628 perferendis
548 563 1021 632 persecutionibus
1052 563 1351 620 laudentur
1381 565 1445 635 (I.
1480 570 1532 632 1,
1537 570 1570 618 6
1613 563 1743 636 sq.,)
1782 563 1880 620 sed
1923 563 2123 621 eodem
2158 573 2440 637 tempore,
2481 574 2542 620 ut
2571 579 2708 619 non-

150 646 315 702 nulla
352 648 487 702 vitia
514 651 742 718 evitent,
771 658 1104 726 moneantur
1127 651 1195 718 (1.
1218 658 1275 719 4,
1280 657 1312 706 2
1332 667 1455 724 sqq.
1460 652 1510 722 );
1534 660 1631 708 aut
1659 651 1810 723 quod
1831 652 1979 708 inter
2001 652 2524 708 Thessalonicenses
2550 661 2606 707 et
2626 653 2706 706 in-

150 741 241 788 ter
274 733 827 793 Iudaeochristianos
848 739 1275 808 palaestinenses
1294 739 1634 810 comparatio
1657 738 1964 810 quaedam
1947 740 2272 795 instituatur
2290 742 2355 808 (1.
2379 743 2506 806 2,14
2527 743 2672 810 sqq.)
2691 779 2705 805 ‚

152 838 343 892 quum
362 823 563 880 ambae
590 824 853 882 ecclesiae
880 841 913 882 a
941 825 1343 882 contribulibus
1370 827 1485 881 suis
1514 835 1742 883 vexatae
1767 825 2006 883 eandem
2029 826 2412 883 fortitudinem
2441 826 2706 883 exhibue-

151 911 305 978 rint;
342 919 445 966 aut
481 911 629 982 quod
675 914 881 970 Paulus
922 912 991 969 de
1036 913 1151 970 suis
1178 913 1582 970 contribulibus
1611 921 1698 970 tot
1729 923 1784 970 et
1821 921 2010 970 tantas
2046 914 2456 985 persecutiones
2491 913 2709 970 fortiter

154 999 449 1069 perpessis
472 999 755 1070 glorietur,
787 1000 1023 1057 Iudaeos
1050 1016 1180 1056 vero
1208 1000 1558 1071 incredulos,
1591 1001 1688 1073 qui
1715 1002 1869 1058 omni
1904 1017 2014 1073 quo
2044 1009 2346 1073 potuerunt
2373 1000 2544 1058 modo
2573 1017 2706 1074 pro-

154 1085 529 1156 pagationem
556 1087 837 1159 Evangelii
862 1089 1290 1161 impediverunt,
1325 1109 1352 1140 α
1380 1088 1641 1144 omnibus
1667 1088 1988 1146 hominibus
2011 1087 2294 1144 adversari
2320 1107 2344 1140 ι
2375 1087 2526 1145 dicat
2554 1097 2660 1144 etc.

223 1173 451 1229 Contra
470 1174 723 1231 alterius
750 1175 1032 1245 epistolae
1050 1176 1395 1232 authentiam
1420 1185 1642 1248 praeter
1668 1175 2047 1248 expressiones
2068 1177 2366 1232 nonnullas
2393 1194 2422 1229 α
2441 1192 2556 1232 non
2576 1191 2707 1247 pau-

154 1260 303 1315 linas
347 1281 373 1310 n
394 1302 409 1329 ,
451 1277 587 1333 quas
615 1277 647 1316 a
681 1262 859 1318 Paulo
889 1261 1143 1319 adhiberi
1180 1263 1421 1335 potuisse
1454 1279 1618 1320 nemo
1653 1272 1853 1336 negat,
1883 1263 1990 1318 tria
2031 1261 2378 1334 potissimum
2416 1271 2705 1336 urgentur.

154 1353 237 1414 a.)
258 1348 641 1404 Levissimum
663 1357 765 1417 est,
789 1349 939 1419 quod
958 1350 1018 1406 in
1036 1349 1148 1405 fine
1176 1351 1395 1422 signum
1416 1350 1736 1406 authentiae
1755 1351 2110 1422 epistolarum
2133 1349 2480 1421 paulinarum
2497 1350 2707 1407 indice-

154 1445 271 1502 tur,
326 1434 485 1507 quod
509 1435 569 1491 in
597 1437 875 1509 plerisque
905 1436 1048 1493 desit
1073 1441 1125 1500 (2
1164 1438 1356 1494 Thess.
1388 1443 1568 1507 3‚17);
1591 1454 1723 1494 nam
1744 1436 2329 1495 Thessalonicensibus
2351 1446 2588 1506 tantum,
2612 1440 2707 1510 qui

153 1523 309 1578 lictis
336 1523 519 1579 literis
544 1524 601 1578 in
631 1539 879 1580 errorem
902 1533 1062 1580 erant
1086 1523 1298 1580 inducti
1320 1525 1415 1598 (11.
1439 1531 1554 1594 2,2)
1569 1567 1584 1592 ,
1616 1525 1916 1597 Apostolus
1941 1533 2158 1581 certum
2186 1525 2552 1598 genuinarum
2575 1540 2708 1581 sua-

154 1625 291 1665 rum
326 1611 692 1682 epistolarum
719 1613 938 1684 signum
962 1611 1096 1668 dare
1116 1613 1316 1680 voluit,
1340 1629 1695 1685 nequaquam
1722 1621 1908 1668 autem
1931 1629 1990 1669 se
2019 1611 2281 1668 omnibus
2309 1613 2426 1668 suis
2455 1613 2706 1684 epistolis

154 1697 319 1754 idem
350 1696 675 1755 additurum
704 1699 855 1755 dicit.
883 1731 953 1740 —
988 1699 1067 1771 b.)
1091 1702 1267 1757 Porro
1294 1699 1535 1756 secunda
1566 1701 1800 1771 epistola
1824 1717 1953 1756 cum
1983 1701 2165 1773 priore
2207 1715 2456 1773 pugnare
2483 1699 2704 1756 dicitur.

158 1789 225 1840 ln
256 1787 458 1857 priore
486 1787 637 1842 enim
660 1787 929 1843 adventus
956 1786 1161 1844 Christi
1188 1797 1303 1844 tam
1330 1787 1540 1844 vicinus
1567 1788 1919 1859 supponitur,
1950 1797 2012 1844 ut
2039 1787 2244 1843 Paulus
2267 1795 2323 1842 et
2350 1788 2705 1844 Thessaloni-

156 1889 367 1929 censes
389 1872 706 1930 advenienti
727 1875 972 1930 Domino
998 1875 1108 1931 vivi
1134 1875 1246 1930 sint
1274 1876 1558 1931 occursuri
1582 1878 1650 1942 (1.
1675 1879 1847 1944 4,1o)‚
1871 1875 1926 1929 in
1949 1874 2124 1931 altera
2143 1889 2274 1930 vero
2303 1885 2435 1930 eum·
2457 1876 2706 1930 nondum

156 1963 383 2017 instare
411 1961 673 2017 asseritur
702 1964 798 2028 (Π.
829 1969 972 2031 2,2);
998 1962 1057 2020 in
1082 1964 1265 2035 priore
1290 1962 1437 2018 diem
1461 1962 1691 2018 Domini
1711 1961 1952 2018 subitam
1980 1971 2036 2018 et
2061 1963 2494 2033 inexspectatam
2523 1964 2706 2020 venire

156 2050 335 2106 docet
356 2050 655 2120 Apostolus
680 2052 747 2116 (Ι.
778 2055 913 2120 5,2),
936 2053 994 2105 in
1023 2051 1195 2107 altera
1223 2049 1431 2106 indicat
1456 2048 1614 2124 signa
1643 2051 2023 2121 praecursoria
2047 2049 2158 2106 diei
2179 2049 2328 2105 illius
2347 2053 2444 2116 (ΙΙ.
2475 2057 2510 2104 2
2534 2057 2716 2122 sqq.)..

157 2141 353 2208 Quam
382 2136 617 2193 alteram
645 2154 888 2211 pugnam
913 2147 1124 2194 temere
1160 2138 1330 2193 asseri
1361 2146 1510 2209 patet
1539 2135 1941 2207 consideranti,
1969 2137 2249 2207 quomodo
2281 2138 2546 2193 Dominus
2586 2139 2706 2212 ipse

158 2227 227 2281 de
259 2225 361 2280 die
389 2224 489 2280 illo
518 2225 736 2281 locutus
763 2227 833 2281 sit
861 2225 1088 2292 (Mami.
1114 2226 1227 2298 26).
1254 2225 1343 2281 Ad
1370 2225 1614 2297 priorem
1645 2233 1830 2281 autem
1858 2224 2007 2297 quod
2036 2225 2263 2294 attinet,
2289 2226 2526 2281 Paulum
2553 2226 2704 2284 diem

160 2312 396 2368 Domini
425 2312 663 2368 vicinum
702 2313 904 2369 dixisse
939 2329 1237 2386 negamus3
1268 2313 1472 2369 diserte
1508 2313 1661 2368 enim
1696 2312 1916 2380 asserit,
1951 2327 2010 2368 se
2037 2320 2256 2384 tempus
2293 2312 2524 2369 definire
2553 2312 2704 2369 nolle

160 2405 226 2468 (l.
261 2407 357 2470 5,1
388 2403 555 2473 sqq).
588 2401 705 2456 Nisi
735 2401 857 2472 quis
884 2402 1054 2474 igitur
1079 2400 1315 2458 Paulum
1353 2401 1409 2455 in
1450 2399 1666 2456 duabus
1703 2399 1994 2471 phrasibus
2035 2399 2354 2456 immediate
2396 2416 2516 2456 sese
2554 2402 2703 2456 exci-

160 2488 447 2560 pientibus
460 2487 564 2544 sibi
582 2489 761 2560 ipsum
781 2487 1175 2545 contradixisse
1196 2497 1437 2546 statuere
1458 2488 1609 2557 velit,
1635 2487 1800 2543 verba
1830 2486 2046 2543 obiecta
2075 2494 2123 2556 («
2155 2503 2259 2543 nos
2289 2488 2393 2561 qui
2420 2491 2703 2553 vivimus,

160 2579 265 2650 qui
296 2577 719 2649 relinquimur,
751 2577 913 2632 simul
947 2577 1226 2648 rapiemur
1258 2591 1385 2631 cum
1412 2576 1520 2631 illis
1553 2575 1774 2632 obviam
1803 2574 2028 2630 Christo
2063 2580 2112 2642 a»)
2137 2574 2244 2630 alia
2272 2575 2488 2631 ratione
2525 2576 2700 2647 expli-

158 2681 293 2721 care
340 2662 527 2720 debet.
559 2667 703 2735 Apte
738 2672 925 2720 autem
970 2663 1330 2734 explicantur,
1362 2664 1409 2718 si
1445 2663 1746 2735 Apostolus
1787 2677 1854 2718 ex
1897 2670 2086 2718 mente
2127 2661 2704 2718 Thessalonicensium

160 2753 319 2824 loqui
344 2759 403 2806 et
426 2753 581 2824 quasi
608 2751 679 2807 ad
702 2751 983 2808 hominem
1009 2752 1386 2825 argumentari
1416 2749 1638 2807 dicitur.
1669 2751 1886 2822 Duplici
1916 2750 2064 2806 enim
2097 2751 2152 2804 in
2183 2765 2371 2805 errore
2408 2749 2701 2806 versaban-

160 2850 253 2896 tur
283 2837 835 2906 Thessalonicenses3
874 2838 1115 2894 vicinum
1162 2838 1312 2894 enim
1358 2853 1477 2894 esse
1518 2838 1745 2893 Domini
1791 2835 2092 2892 adventum
2137 2845 2392 2906 putantes
2438 2845 2494 2892 et
2541 2853 2702 2892 suum

160 2931 415 2998 ipsorum
445 2934 652 2982 statum
681 2942 807 2982 cum
838 2935 984 2982 statu
1014 2924 1403 2982 defunctorum
1430 2933 1818 2996 comparantes
1845 2925 2330 2996 conquerebantur
2353 2941 2369 2979 ι
2403 2943 2430 2974 α
2457 2939 2578 2992 noS,
2607 2925 2700 2996 qui

158 3018 215 3070 in
246 3014 494 3070 adventu
514 3014 740 3070 Domini
768 3015 1091 3085 superstites
1110 3013 1333 3083 erimuS,
1366 3013 1636 3069 feliciores
1665 3027 1856 3068 sumus
1885 3009 2146 3068 fratribus
2172 3011 2380 3066 nostris
2407 3009 2700 3078 defunctiS,

158 3101 441 3175 siquidem
479 3101 605 3157 illos
638 3103 1055 3173 praeveniemus
1084 3103 1141 3156 in
1177 3101 1522 3158 beatitudine
1552 3123 1602 3156 n.
1628 3102 1947 3171 Utrumque
1981 3107 2168 3155 autem
2205 3114 2453 3155 errorem
2493 3098 2700 3155 refuta-

159 3201 324 3247 turus
346 3190 650 3261 Apostolus
679 3191 1005 3261 praeprimis
1034 3197 1199 3262 negat
1222 3197 1495 3245 assertum
1522 3187 1706 3244 verbis
1730 3203 1922 3243 eorum
1952 3186 2212 3242 assumtis
2237 3203 2252 3241 :
2287 3205 2314 3234 α
2343 3201 2446 3242 nos
2474 3188 2576 3260 qui
2612 3189 2704 3243 vi-

161 3282 422 3334 cimus...
472 3295 589 3332 non
627 3275 899 3334 feliciores
939 3277 1147 3333 erimus
1176 3299 1238 3345 »ς
1272 3275 1473 3332 deinde
1511 3277 1748 3332 alterum
1793 3289 2038 3331 errorem
2086 3273 2406 3346 aggreditur
2446 3289 2702 3342 monenS,

160 3379 385 3439 tempus
408 3364 516 3423 diei
540 3365 765 3422 Domini
792 3381 1019 3438 prorsus
1045 3381 1162 3420 esse
1185 3365 1549 3437 incognitum,
1581 3361 1820 3433 ideoque
1849 3377 2069 3432 semper
2090 3377 2208 3417 esse
2239 3359 2602 3433 vigilandum.
2633 3393 2698 3404 -

158 3457 231 3526 r.)
258 3455 450 3510 Tertio
478 3455 537 3508 in
564 3455 689 3510 loco
720 3452 977 3509 obiicitur
1002 3452 1253 3509 doctrina
1281 3451 1350 3508 de
1380 3451 1722 3507 Antichristo
1743 3451 1842 3519 (11.
1874 3455 1930 3519 2,
1938 3456 1970 3506 3
1998 3464 2121 3520 sqq.
2128 3455 2166 3517 ),
2200 3465 2368 3521 quam
2396 3449 2489 3504 alii
2513 3448 2701 3505 dicunt

162 3543 443 3598 iudaicam
476 3542 757 3598 fictionem
793 3541 968 3598 Paulo
995 3541 1307 3614 indignam,
1339 3539 1430 3596 alii
1458 3555 1523 3595 ex
1558 3537 1890 3611 Apocalypsi
1926 3545 2176 3592 exortam
2205 3543 2260 3592 et
2295 3536 2470 3593 Paulo
2507 3552 2699 3593 recen-

160 3633 391 3698 tiorem,
419 3629 514 3685 alii
558 3639 935 3688 commentum
978 3628 1457 3695 montanisticum,
1488 3625 1584 3682 alii
1627 3623 1696 3680 de
1735 3627 1956 3681 Nerone
1984 3623 2264 3696 explicant
2300 3622 2537 3695 ideoque
2577 3634 2702 3696 post

158 3719 395 3775 Neronis
438 3725 679 3773 mortem
722 3717 992 3788 prodiisse
1034 3725 1287 3785 censent,
1322 3715 1417 3771 alii
1462 3713 1534 3770 de
1578 3712 1825 3786 gnostica
1875 3712 2086 3769 haeresi
2125 3711 2469 3783 intelligunt,
2519 3712 2594 3767 ita
2639 3720 2702 3766 ut

157 3807 381 3864 'traiani
408 3815 661 3877 tempore
690 3807 759 3860 sit
790 3814 981 3861 exorta
1012 3813 1117 3860 etc.
1155 3803 1269 3860 Sibi
1298 3803 1530 3874 quisque
1559 3817 1624 3858 ex
1651 3799 2126 3857 rationalistarum
2160 3799 2350 3855 schola
2378 3798 2699 3870 explicatio-

158 3911 285 3950 nem
326 3894 517 3966 fingit‚
545 3909 653 3965 qua
690 3894 1036 3949 authentiam
1076 3891 1339 3963 epistolae
1378 3892 1692 3962 impugnet3
1723 3897 1780 3944 at
1809 3888 2046 3944 varietas
2083 3886 2512 3958 explicationum
2551 3887 2700 3942 clare

160 3984 387 4054 quidem
416 3981 677 4050 ostendit,
703 3980 1067 4037 rationalistas
1095 3979 1166 4036 ad
1187 3979 1489 4052 genuinum
1507 3977 1804 4033 verborum
1831 3991 2054 4032 sensum
2081 3973 2331 4030 nondum
2359 3973 2694 4045 pervenisse,

159 4081 213 4126 at
246 4087 363 4127 non
401 4068 636 4138 suflicit,
676 4078 737 4123 ut
768 4068 932 4125 verba
969 4069 1087 4138 ipsa
1126 4067 1295 4123 Paulo
1335 4065 1737 4121 abiudicentur.
1772 4065 1950 4120 Etiam
1979 4079 2012 4119 a
2040 4062 2299 4118 Patribus
2327 4070 2384 4117 et
2421 4061 2696 4132 interpre-

160 4159 303 4214 tibus
331 4155 705 4214 diversimode
735 4157 1098 4228 explicantur,
1132 4157 1259 4228 quia
1287 4154 1447 4210 nobis
1474 4154 1698 4226 cognita
1723 4169 1836 4208 non
1864 4160 2021 4220 sunt,
2053 4166 2196 4223 quae
2221 4149 2326 4206 hac
2355 4150 2425 4205 de
2461 4164 2520 4205 re
2550 4151 2696 4204 Pau·

162 4247 240 4302 lus
266 4264 328 4303 se
355 4259 547 4301 coram
582 4243 1160 4300 Thessalonicensibus
1185 4243 1502 4316 exposuisse
1536 4242 1671 4298 dicit
1701 4242 1796 4308 (ll.
1828 4245 1942 4306 2,5.
1973 4245 2055 4307 6);
2085 4238 2310 4294 evidens
2349 4246 2536 4292 autem
2577 4244 2691 4306 est,

160 4336 421 4403 epistolae
442 4332 789 4389 authentiam
810 4348 923 4388 non
954 4347 1115 4404 posse
1134 4329 1453 4388 addubitari
1468 4374 1481 4401 ‚
1506 4332 1634 4402 quia
1655 4327 1924 4384 nonnulla
1951 4325 2118 4382 verba
2149 4333 2276 4381 sunt
2307 4325 2573 4393 obscura,
2606 4339 2693 4380 ce-

160 4430 335 4478 teriun
366 4421 714 4494 probabilem
743 4419 1043 4478 verborum
1071 4421 1498 4492 explicationem
1524 4415 1756 4474 tradunt
1783 4413 2168 4471 commentarii
2199 4413 2474 4470 catholici.
