3050 5184
907 320 981 363 m:
1025 318 1306 362 srls'rom
1349 318 1430 361 AD
1475 317 1763 364 camus.
1860 335 1879 344 -
2199 312 2208 326 ·
2484 303 2599 360 545

115 452 294 509 Galatia
323 467 532 524 quoque
561 451 842 522 provincia
870 451 1210 521 intelligatur
1235 457 1474 520 oportet.
1502 451 1679 504 Porro
1703 451 1882 504 Lucas
1901 449 2149 505 omnium
2172 445 2395 513 illarum
2413 449 2594 504 eccle-

115 540 283 595 siarum
305 555 332 594 a
355 539 520 595 Paulo
546 538 931 605 fundatarum,
961 537 1160 608 quibus
1187 537 1446 608 epistolas
1475 537 1720 608 scripsit,
1746 536 2045 593 historiam·
2056 537 2367 592 accuratius
2392 535 2592 596 refert;

112 628 234 682 solas
267 627 502 683 Galatiae
544 626 806 682 ecclesias
848 626 1064 682 silentio
1111 626 1498 696 praeteriisset,
1537 625 1667 680 siin
1698 625 1919 680 Galatia
1963 626 2187 696 proprie
2227 623 2377 692 dicta
2418 633 2599 680 essent

113 713 435 785 quaerendae.
475 716 719 770 Demum
753 723 946 770 contra
973 721 1226 770 nostram
1253 713 1586 769 sententiam
1613 711 1673 768 id
1701 728 1875 767 unum
1904 721 2151 785 urgetur,
2178 711 2331 784 quod
2360 713 2422 768 in
2448 712 2596 768 Scri-

113 802 255 871 pturis
279 802 518 858 Galatiae
545 817 751 858 nomen
779 816 999 872 semper
1031 801 1304 857 strictiore
1333 817 1498 856 sensu
1529 808 1847 871 usurpetur.
1878 803 1953 855 At
1980 801 2027 855 si
2053 800 2303 871 paulinas
2340 800 2597 872 epistolas

112 889 280 960 excipis
303 891 460 956 (Gal.
493 897 608 958 1‚2;
641 896 664 945 1
697 895 830 946 Cor.
864 895 1018 957 16,1;
1049 896 1084 944 2
1116 892 1263 944 Tim.
1291 889 1462 960 emo),
1497 889 1562 944 in
1602 894 1731 944 tota
1760 889 2079 960 Scriptura
2113 893 2316 944 nom'en
2344 887 2595 944 Galatiae

113 991 272 1032 snum,
299 976 580 1034 dumtaxat
601 978 877 1049 reperitur
903 981 949 1044 (1
985 982 1144 1032 Pecr.
1185 982 1312 1044 1‚1),
1349 993 1527 1048 neque
1558 985 1771 1042 certum
1799 984 1911 1043 est,
1942 991 2079 1032 num
2116 967 2389 1031 strictiore
2416 991 2487 1032 an
2508 975 2593 1032 la-

110 1065 220 1118 tiore
245 1080 394 1120 sensu
417 1067 473 1120 in
489 1065 590 1122 illo
609 1065 732 1122 loco
751 1066 824 1121 sit
841 1063 1276 1138 intelligendum.
1305 1063 1468 1132 Quod
1488 1063 1534 1118 si
1552 1066 1733 1120 Lucas
1751 1079 1881 1119 vero
1913 1083 1939 1116 α
1963 1065 2266 1136 qulaticae
2281 1065 2537 1136 reqionis
2564 1086 2589 1114 »

111 1151 292 1208 nomine
317 1153 586 1208 Galatiam
612 1151 831 1225 proprie
859 1151 1066 1207 dictam
1087 1151 1364 1224 intelligit,
1396 1151 1645 1222 profecto
1674 1167 1788 1206 non
1814 1153 2085 1223 sequitur,
2108 1152 2345 1208 Paulum
2370 1152 2593 1208 nomine

111 1239 347 1296 Galatiae
369 1241 602 1298 eandem
629 1241 913 1314 regionem
942 1240 1276 1312 designasse.

167 1373 216 1429 2.
244 1406 316 1414 —
345 1374 646 1433 Ecclesiae
672 1391 709 1433 a
732 1373 921 1432 Paulo
943 1377 1006 1432 et
1027 1373 1311 1432 Barnaba
1335 1373 1399 1431 in
1429 1373 1637 1449 primo
1667 1372 1890 1432 itinere
1917 1373 1980 1431 in
2009 1372 2243 1432 Pisidia
2265 1376 2327 1432 et
2354 1374 2588 1450 Lycao-

111 1465 188 1525 nia
209 1469 485 1529 fundatae
523 1487 598 1529 ex
631 1469 880 1529 Iudaeis
919 1473 983 1529 et
1005 1468 1272 1529 ethnicis
1303 1469 1622 1529 conversis
1658 1469 1743 1528 ita
1766 1470 2146 1536 coaluerant.
2187 1473 2257 1529 ut
2295 1469 2588 1529 Ethnico-

109 1561 388 1624 christiani
418 1566 603 1644 longe
633 1565 1084 1644 praevalerent.
1118 1566 1188 1625 In
1241 1565 1516 1626 secundo
1556 1565 1781 1626 itinere
1826 1565 2060 1626 Paulus
2104 1565 2231 1624 illis
2262 1559 2587 1626 decretum

105 1662 476 1734 apostolicum
504 1662 940 1740 promulgavit,
968 1665 1032 1721 at
1053 1661 1428 1739 periculum,
1453 1662 1623 1738 quod
1649 1679 1684 1721 a
1710 1661 2164 1738 iudaizantibus
2188 1655 2583 1734 imminebat,

105 1757 427 1828 praevidens
459 1757 647 1818 simul
676 1775 780 1818 eas
813 1759 1142 1818 admonuit
1181 1778 1194 1811 ε
1239 1780 1270 1812 α
1311 1759 1364 1818 si
1401 1758 1543 1835 quis
1584 1758 2097 1836 evangelizaverit
2130 1759 2308 1819 vobis
2342 1764 2588 1836 praeter

106 1848 178 1913 id.
201 1855 352 1928 quod
386 1855 748 1933 accepistiS,
774 1853 1104 1914 anathema
1137 1854 1219 1914 sit
1247 1877 1276 1908 »
1306 1853 1462 1932 (Gal.
1501 1853 1651 1933 1,9).

155 1955 498 2012 Ecclesiarum
537 1958 596 2012 in
629 1957 1082 2014 meridionalibus
1120 1957 1368 2030 partibus
1407 1958 1717 2028 provinciae
1755 1958 2001 2015 Galatiae
2042 1957 2423 2016 fundationem
2472 1958 2587 2016 fuse

107 2051 262 2097 narrat
285 2046 460 2100 Lucas
493 2045 642 2113 (Act.
675 2049 1074 2115 13,14-14,25).
1107 2047 1228 2101 Non
1259 2045 1609 2101 obstantibus
1648 2045 1979 2102 ludaeorum
2012 2045 2421 2103 incredulorum
2449 2063 2585 2104 con-

105 2127 236 2184 tinuis
254 2131 720 2200 persecutionibus
747 2133 898 2189 brevi
926 2141 1176 2204 tempore
1204 2132 1534 2189 Antiochiae
1568 2133 1629 2188 in
1663 2133 1863 2189 Pisidia
1901 2141 2067 2205 atque
2100 2134 2299 2204 Iconii,
2326 2136 2582 2208 Lystrae,

104 2215 280 2273 Derbae
301 2219 356 2274 in
375 2221 650 2292 Lycaonia
676 2229 732 2276 et
763 2237 858 2292 per
879 2230 1056 2276 totam
1075 2220 1231 2276 illam
1251 2221 1533 2293 regionem
1553 2222 1974 2278 florentissimae
1990 2231 2211 2278 exortae
2230 2232 2390 2279 erant
2417 2225 2587 2280 eccle·

107 2302 213 2372 siae,
243 2307 432 2378 quibus
460 2309 666 2364 Paulus
699 2316 753 2364 et
789 2309 1096 2374 BarnahaS,
1135 2316 1431 2380 antequam
1459 2325 1555 2364 eas
1590 2309 1958 2381 reliquerunt,
1992 2310 2339 2384 presbyteros
2371 2310 2585 2382 praefe-

102 2403 258 2448 eemnt
285 2399 432 2462 (Act.
468 2402 671 2464 14,22).
705 2396 926 2468 Ubique
953 2405 1139 2452 autem
1169 2395 1424 2468 proselyti
1454 2397 1502 2462 (α
1523 2397 1769 2453 001οηῑο5
1798 2397 1852 2469 n)
1880 2406 1936 2452 et
1964 2399 2194 2470 gentiles
2222 2400 2589 2470 promptiores

102 2489 262 2536 nerant
285 2482 352 2539 ad
383 2485 742 2556 Evangelium
761 2484 1134 2554 recipiendum
1155 2485 1302 2555 (Act.
1329 2490 1623 2552 13,45-49;
1655 2485 1819 2554 14,1),
1844 2486 2016 2541 immo
2040 2487 2271 2558 Lystrae
2290 2495 2347 2542 et
2368 2487 2587 2544 Derbae

101 2565 252 2624 ludaei
277 2573 528 2628 conversi
557 2588 670 2628 non
699 2581 1226 2641 commemorantur,
1253 2575 1421 2643 atque
1447 2573 1507 2627 in
1536 2573 1771 2628 circuitu
1800 2573 2087 2630 civitatum
2122 2574 2357 2630 istarum
2385 2574 2589 2630 multos

101 2651 295 2712 Iudaeos
321 2657 522 2726 fuisse,
555 2673 751 2730 parum
779 2664 864 2715 est
891 2659 1196 2730 probabile.
1238 2662 1410 2715 Porro
1450 2675 1517 2715 ex
1555 2661 1785 2730 epistola
1826 2677 2047 2733 quoque
2078 2669 2271 2716 nostra
2308 2660 2583 2731 videmus,

97 2755 262 2814 magno
295 2749 422 2802 cum
458 2745 660 2803 ardore
696 2747 922 2804 Galatas
959 2747 1319 2820 Evangelium
1355 2747 1630 2818 recepisse
1666 2749 1823 2816 (Gal.
1866 2755 1993 2817 4,13
2022 2753 2169 2820 sqq.)
2208 2757 2375 2821 atque
2411 2751 2587 2806 eccle-

95 2827 180 2884 sias
207 2831 320 2888 illas
349 2835 588 2890 ethnicis
622 2843 678 2890 et
716 2835 936 2890 Iudaeis
972 2836 1250 2890 conversis
1287 2835 1595 2890 constitisse
1633 2835 1737 2902 (cir
1772 2843 1894 2902 ⁴‚83
1926 2841 2071 2903 3,23.
2108 2841 2219 2902 24).
2252 2838 2317 2891 In
2342 2837 2587 2894 secundo

94 2931 172 2972 suo
191 2919 372 2978 itinere
398 2925 608 2979 Paulus
632 2939 760 2978 cum
778 2924 998 2979 Silvano
1029 2923 1286 2979 ecclesias
1311 2924 1437 2978 illas
1454 2962 1469 2989 ,
1499 2943 1523 2972 α
1549 2939 1687 2995 quae
1711 2923 2183 2979 confirmabantur
2204 2922 2315 2980 fide
2332 2934 2387 2980 et
2410 2925 2590 2981 abun-

93 3001 264 3062 dabant
305 3026 542 3066 numero
573 3009 815 3082 quotidie
844 3031 870 3061 n
922 3012 1068 3080 (Act.
1100 3017 1262 3078 16,5)‚
1295 3011 1492 3066 iterum
1538 3011 1775 3065 visitavit
1812 3027 2014 3082 easque
2060 3030 2083 3062 ι
2116 3011 2391 3068 custodire
2432 3013 2591 3069 iussit

90 3087 340 3165 dogmata,
365 3114 508 3171 quae
540 3103 700 3154 erant
725 3097 946 3154 decreta
973 3099 1042 3153 ab
1069 3099 1350 3169 Apostolis
1379 3106 1435 3152 et
1461 3098 1803 3166 senioribus,
1836 3100 1931 3169 qui
1964 3108 2123 3154 erant
2160 3101 2509 3174 lei-osolymis
2537 3121 2585 3156 ι.

89 3179 172 3235 Sed
195 3185 368 3252 paullo
407 3194 572 3241 antea
610 3186 816 3242 Paulus
850 3186 1179 3242 Antiochiae
1207 3187 1396 3258 Syriae
1425 3185 1537 3242 iam
1576 3195 1833 3257 expertus
1861 3194 2008 3255 erat,
2037 3187 2253 3258 aliquos
2278 3187 2588 3258 pseudapo-

88 3268 229 3324 stolos
250 3271 594 3330 iudaizantes
619 3275 756 3329 nihil
783 3290 896 3330 non
924 3274 1136 3340 moliri,
1171 3283 1232 3329 ut
1255 3274 1505 3330 ethnicos
1526 3275 1839 3346 neophytos
1865 3273 1939 3330 ad
1966 3274 2129 3346 Legis
2152 3275 2589 3332 observationem

86 3355 418 3432 adducerent3
453 3377 629 3434 quare
656 3377 772 3416 non
799 3370 883 3418 est
905 3362 1135 3418 dubium
1151 3405 1165 3429 ,
1199 3363 1332 3433 quin
1355 3362 1593 3418 decretis
1621 3361 1937 3432 apostolicis
1964 3361 2183 3418 traditis
2207 3363 2305 3419 illo
2322 3365 2435 3419 iam
2454 3373 2590 3420 tem-

87 3457 195 3508 pore
217 3457 406 3505 contra
434 3450 882 3506 adversariorum
905 3465 1133 3505 suorum
1150 3457 1380 3505 conatus
1408 3449 1669 3506 ecclesias
1691 3450 1939 3505 Galatiae
1958 3451 2374 3521 praemunierit.
2398 3455 2590 3525 Neque

85 3537 242 3588 tamen
268 3535 364 3592 diu
392 3538 454 3592 in
482 3536 730 3592 secundo
753 3537 951 3593 itinere
977 3536 1086 3592 illis
1109 3536 1164 3592 in
1183 3537 1427 3592 ecelesiis
1449 3537 1743 3604 remansit,
1772 3535 1869 3592 sed
1896 3553 1993 3608 per
2023 3539 2325 3610 Phrygiam
2354 3548 2411 3595 et
2438 3541 2589 3611 gala-

85 3615 220 3674 ticam
247 3625 534 3696 regionem
561 3624 668 3680 iter
695 3639 858 3680 suum
883 3633 1200 3696 persecutus
1227 3639 1258 3678 a
1282 3624 1486 3695 Spiritu
1509 3625 1565 3680 S.
1590 3626 1651 3680 iu
1677 3626 1955 3696 Europam
1989 3626 2187 3682 ductus
2214 3637 2298 3683 est
2316 3632 2466 3694 (Act.
2502 3635 2585 3696 16,

81 3707 270 3778 θείη).
303 3711 372 3767 ln
397 3712 570 3768 tertio
599 3712 798 3769 itinere
835 3711 1060 3768 easdem
1093 3711 1285 3782 procul
1319 3710 1486 3767 dubio
1523 3713 1787 3768 ecclesias
1822 3712 2164 3781 visitavit‚at
2199 3724 2327 3770 ante
2361 3716 2589 3771 tertium

84 3788 168 3847 hoe
191 3796 290 3852 iter
317 3799 430 3854 iam
460 3799 664 3870 scripta
696 3808 780 3855 est
797 3800 1050 3871 epistola.

139 3927 694 4006 3.—11.,occls10
727 3951 800 3992 ΕΤ
831 3950 982 3993 riuis
1025 3949 1360 3993 ErisTotAE.
1404 3933 1587 3993 Brevi
1636 3937 1965 4012 postquam
2016 3935 2243 3995 Paulus
2292 3935 2587 3995 ecclesias

83 4019 321 4088 Galatiae
371 4029 666 4106 reliquit,
703 4035 774 4089 ut
820 4030 1232 4108 Evangelium
1272 4030 1338 4089 in
1381 4031 1743 4091 Macedonia
1781 4037 1844 4091 et
1884 4031 2113 4091 Achaia
2160 4031 2584 4109 praedicaret,

81 4115 430 4186 iudaizantes
482 4126 544 4186 in
585 4143 688 4186 eas
718 4127 1098 4204 irruperunt,
1127 4131 1320 4204 atque
1344 4127 1629 4205 Apostoli
1669 4128 2107 4188 auctoritatem
2136 4131 2200 4186 et
2238 4127 2587 4189 doctrinam

80 4210 490 4298 impugnantes
515 4239 764 4300 gravem
791 4223 1325 4300 perturbationem
1349 4223 1414 4282 in
1443 4223 1571 4283 illis
1602 4225 1972 4284 excitarunt.
2007 4224 2087 4282 At
2110 4241 2367 4302 scopum
2404 4242 2586 4286 suum

78 4314 326 4376 nondum
347 4319 690 4396 attigerant
704 4319 972 4379 necdum
991 4319 1232 4380 Galatas
1245 4319 1324 4379 ad
1339 4319 1883 4380 circumcisionem
1902 4318 2315 4390 adduxerant,
2335 4321 2586 4398 quando

81 4405 388 4484 Apostolus
425 4415 507 4474 de
552 4431 771 4476 eorum
812 4415 1375 4476 machinationibus
1415 4415 1645 4476 certior
1672 4416 1867 4475 factus
1911 4415 2190 4493 periculo
2228 4417 2587 4478 imminenti

78 4497 211 4564 hanc
253 4510 590 4587 epistolam
638 4512 960 4590 opposuit,
990 4529 1146 4590 quae
1186 4515 1313 4572 tota
1351 4513 1414 4572 in
1454 4527 1530 4572 οο
1572 4514 1695 4584 est,
1730 4514 1796 4572 ut
1824 4512 2171 4590 neophytos
2200 4513 2266 4571 in
2306 4530 2454 4574 vera
2485 4515 2587 4574 via

74 4599 326 4665 refutatis
354 4607 860 4668 adversariorum
887 4608 1288 4686 sophismatis
1313 4609 1599 4668 retineat.

807 4713 1054 4762 Consum
1089 4712 1362 4764 conexum.
1396 4713 1617 4763 Iit-raon.
1650 4739 1710 4748 —
1742 4715 1815 4762 36.
