3050 5184
401 265 520 324 602
602 280 679 324 nn
720 280 864 324 novx
912 282 1075 326 rssr.
1109 281 1303 328 Limus
1332 282 1692 328 mmmmm.
1725 299 1804 310 -—
1835 282 1966 326 car.
2002 283 2096 326 ιιι.
2131 283 2204 326 nu
2237 282 2535 328 sris-mus
2563 281 2924 326 cunensis.

404 419 554 467 certe
580 426 813 468 erronea
837 421 921 468 est
948 413 1004 468 S.
1034 411 1363 485 Hieronymi
1386 414 1648 478 assertio,
1681 413 1811 470 licet
1833 429 1865 469 a
1889 414 2079 470 multis
2105 412 2414 470 iunioribus
2437 413 2628 469 latinis
2649 412 2924 483 scriptori-

406 501 507 554 bus
534 499 668 555 satis
696 508 905 556 temere
930 501 1002 555 sit
1036 499 1287 573 repetita.
1327 501 1598 556 Eusebius
1635 501 1863 573 quidem
1901 503 1995 568 (Η.
2041 505 2102 556 Ε.
2145 503 2252 558 111.
2293 507 2382 569 25)
2410 516 2504 558 eas
2541 501 2690 556 inter
2725 501 2929 556 Antile-

406 602 640 658 gomena
682 587 855 643 refert
888 586 1400 660 dubitationemque
1438 589 1682 661 aliquam
1721 588 2070 656 manifestat,
2113 597 2302 644 utrum
2349 588 2424 645 ab
2471 587 2824 656 Evangelista
2871 603 2926 641 an

404 674 474 729 ab
515 675 622 729 alio
656 675 775 730 viro
823 675 1164 746 homonyme
1212 674 1391 731 editae
1432 677 1570 744 sint,
1611 675 1711 732 sed
1741 684 1964 732 tantum
2008 675 2164 732 abest
2183 720 2198 744 ‚
2231 685 2292 732 ut
2335 697 2362 727 α
2392 692 2423 732 a
2469 676 2749 747 plerisque
2771 697 2798 724 n
2851 690 2927 730 eas

406 761 723 832 presbytero
752 761 972 818 cuidam
1002 765 1195 818 loanni
1231 762 1679 833 adscribi-dicat,
1716 773 1778 820 ut
1813 764 1946 820 alibi
1983 764 2102 820 sine
2140 765 2252 821 ulla
2296 764 2668 820 haesitatione
2705 761 2780 818 de
2819 765 2926 834 epi-

406 849 572 904 stolis
610 851 863 921 Apostoli
916 851 1177 922 loquatur
1222 860 1277 907 et
1316 867 1385 907 ex
1432 852 1824 922 suppressione
1877 853 2116 908 nominis
2159 851 2492 908 modestiam
2535 851 2800 922 Apostoli
2847 850 2926 904 de-

406 944 677 994 monstret
705 939 885 1002 (Dem.
920 941 1126 1010 Evang.
1175 939 1277 994 111.
1304 941 1375 1008 5).
1410 939 1467 994 S.
1512 939 1969 1012 Amphilochius
2011 939 2105 1006 (ad
2139 939 2352 996 Seleuc.
2391 946 2495 996 310
2531 944 2682 1012 sqq.)
2721 953 2928 1010 quoque·

406 1041 519 1080 non
540 1035 720 1080 certus
749 1025 974 1097 quidem
996 1034 1079 1082 est
1103 1026 1173 1082 de
1200 1026 1568 1083 canonicitate
1591 1025 1829 1083 duarum
1867 1028 2148 1084 minorum
2175 1026 2562 1098 epistolarum,
2607 1023 2710 1082 sed
2745 1025 2927 1080 Ioanni

409 1112 727 1184 presbytero
756 1129 849 1168 eas
882 1129 999 1170 oese
1038 1111 1277 1182 dandaS,
1324 1131 1393 1170 ue
1435 1114 1664 1170 verbulo
1707 1114 1932 1185 quidem
1964 1115 2165 1171 innuit.
2203 1113 2462 1170 Dubitari
2501 1121 2714 1184 potest,
2755 1127 2926 1167 annon

409 1203 751 1271 Fraymentl
776 1204 999 1258 Murat.
1028 1211 1223 1258 auctor
1251 1201 1562 1258 sententiae
1581 1204 1636 1259 S.
1662 1203 1988 1275 Hieronymi
2019 1202 2228 1271 faveat3
2262 1202 2424 1274 eique
2445 1199 2722 1256 addamus
2745 1198 2925 1254 decre-

410 1287 574 1343 talem
610 1308 635 1338 «
664 1286 734 1344 de
776 1288 1102 1360 recipiendis
1144 1297 1201 1346 et
1240 1305 1355 1345 non
1382 1289 1712 1361 recipiendis
1753 1290 1903 1346 libris
1946 1311 1994 1358 ιι,
2036 1306 2180 1362 quae
2221 1288 2396 1346 libros
2421 1304 2610 1346 saeros
2649 1303 2926 1344 recensens

414 1395 439 1426 (ι
462 1375 683 1432 loannis
710 1377 983 1448 Apostoli
1020 1377 1307 1448 epistolam
1343 1393 1540 1446 unam,
1571 1377 1801 1434 alterius
1826 1380 2050 1436 Ioannis
2077 1379 2413 1452 presbyteri
2443 1376 2710 1448 epistolas
2745 1375 2880 1430 duas
2901 1397 2920 1423 sa

408 1463 686 1533 nominat,
709 1473 763 1520 et
792 1463 1059 1521 habemus
1097 1481 1289 1521 omnes
1329 1465 1672 1536 antiquitatis
1713 1475 1882 1522 testes
1917 1467 2270 1538 superstites,
2295 1481 2436 1538 quos
2471 1467 2527 1520 S.
2565 1465 2925 1536 Hieronymus

408 1554 577 1607 citare
603 1561 802 1624 potest.
833 1556 907 1609 At
932 1552 1107 1624 probe
1134 1553 1570 1621 animadvertaS‚
1603 1554 1938 1610 decretalem
1966 1553 2122 1609 illam
2141 1556 2196 1610 S.
2225 1555 2472 1610 Damaso
2499 1553 2718 1620 deberi,
2737 1555 2794 1609 S.
2811 1553 2924 1607 Hie-

409 1640 624 1710 ronymi
670 1640 877 1706 amico,
911 1655 975 1696 ac
1009 1641 1170 1711 proin
1207 1641 1277 1698 ab
1308 1641 1429 1711 ipso
1462 1644 1519 1697 S.
1551 1644 1794 1698 Doctore
1832 1640 2164 1714 dependere.
2198 1642 2404 1697 Contra
2435 1643 2490 1696 S.
2531 1643 2922 1712 Hieronymum

407 1735 591 1782 autem
632 1735 924 1796 testantur,
957 1739 1017 1784 ut
1058 1729 1206 1784 solos
1246 1729 1585 1799 antiquiores
1622 1730 2002 1797 nominemuS‚
2038 1729 2440 1786 Tertullianus
2473 1728 2566 1796 (de
2593 1728 2788 1784 Pudic.
2823 1735 2880 1782 19
2909 1769 2920 1793 ,

410 1815 505 1884 qui
550 1833 577 1865 α
599 1816 872 1886 primam
918 1816 1139 1871 Ioannis
1186 1816 1474 1887 epistolam
1506 1838 1531 1866 »
1561 1817 1804 1888 allegans
1845 1815 2090 1872 ostendit
2121 1832 2180 1872 se
2219 1815 2360 1872 alias
2388 1816 2572 1872 eidem
2615 1815 2918 1872 attribuere.

408 1904 468 1956 S.
490 1903 771 1958 Irenaeus
816 1907 888 1968 (c.
920 1905 1091 1959 Haer.
1124 1905 1170 1959 I.
1207 1905 1431 1972 163111.
1477 1909 1583 1970 11),
1635 1904 1732 1975 qui
1779 1902 1970 1960 addito
2024 1925 2050 1956 α
2081 1903 2306 1959 Ioannis
2353 1903 2610 1976 discipuli
2651 1905 2872 1959 Domini

408 1988 633 2045 nomine
659 1989 959 2046 secundam
981 2007 1109 2047 cum
1136 1992 1311 2062 prima
1337 1991 1499 2058 citat,
1535 1991 1797 2048 Clemens
1821 1991 2016 2058 Alex„
2051 1991 2146 2063 qui
2171 2011 2196 2042 α
2227 1992 2496 2047 maiorem
2521 2012 2546 2041 ι
2575 1991 2806 2048 Ioannis
2827 1990 2922 2061 epi·

408 2077 610 2132 stolam
623 2078 929 2134 minoribus
957 2079 1183 2149 opponit
1203 2081 1423 2144 (Strom.
1452 2081 1525 2134 11.
1550 2084 1654 2148 15),
1681 2081 1954 2147 Oriqenes
1986 2079 2060 2149 (in
2078 2081 2186 2134 Ῑοε.
2216 2078 2368 2133 hom.
2387 2083 2520 2147 7,1),
2541 2081 2601 2134 S.
2619 2079 2920 2150 Dionysius

407 2165 577 2220 Alex.
601 2167 703 2232 (cfr
732 2167 860 2221 Eus.
892 2167 964 2221 H.
995 2168 1057 2222 E.
1090 2166 1217 2221 Vll.
1250 2171 1359 2235 25),
1391 2169 1445 2221 S.
1477 2167 1854 2222 Athanasius
1882 2172 1991 2238 (ep.
2023 2167 2144 2221 fest.
2185 2166 2302 2236 39),
2333 2167 2392 2222 S.
2439 2168 2760 2237 Greqorius
2783 2169 2920 2220 Nar..

409 2252 499 2320 (de
526 2255 656 2309 Ver.
687 2253 883 2324 Script.
916 2259 1023 2321 37),
1041 2256 1097 2311 S.
1125 2255 1445 2309 Palladius
1474 2255 1640 2320 (Dial.
1669 2257 1758 2321 20)
1783 2256 1842 2312 S.
1873 2254 2244 2311 Philastrius
2278 2255 2468 2320 (Haer.
2496 2257 2610 2324 88),
2640 2256 2700 2311 S.
2733 2259 2920 2326 Anqu-

405 2343 596 2396 stinus
617 2343 827 2406 (Doctr.
861 2339 1051 2396 christ.
1085 2343 1159 2395 11.
1188 2342 1261 2412 8),
1288 2341 1530 2408 Rufinus
1561 2341 1770 2413 (Symb.
1803 2343 1908 2411 37).
1941 2345 2001 2398 S.
2030 2343 2404 2397 Innocentius
2426 2343 2476 2396 I.
2509 2340 2601 2408 (ad
2627 2343 2802 2412 Exup.
2833 2344 2922 2396 To·

406 2427 509 2484 los
540 2429 719 2482 Mansi
749 2429 853 2484 111.
886 2433 1063 2498 1041),
1094 2430 1266 2484 Cone.
1298 2431 1553 2501 Hippon.
1581 2435 1635 2484 et
1664 2430 1876 2485 Carth.
1912 2429 2114 2496 (Mansi
2139 2429 2242 2484 ΙΙΙ.
2276 2434 2408 2498 924;
2443 2429 2540 2484 IV.
2576 2434 2738 2496 430),
2767 2429 2922 2484 immo

408 2515 525 2587 ipse
548 2518 605 2572 S.
633 2518 1023 2586 Hieronymus
1057 2515 1144 2586 (ad
1166 2517 1379 2572 Paulin.
1409 2531 1496 2586 ep.
1526 2523 1686 2583 53,8;
1713 2515 1785 2572 ad
1811 2516 2088 2588 Agerueh.
2118 2533 2208 2587 ep.
2239 2521 2466 2586 12:3‚123
2497 2513 2566 2570 ad
2591 2517 2808 2589 Evang.
2835 2533 2912 2586 ep.

412 2609 565 2670 146‚1
599 2608 748 2670 ete).
780 2606 917 2660 Fere
937 2603 1199 2658 unanime
1230 2603 1397 2675 igitur
1424 2612 1573 2658 recte
1600 2603 1803 2660 dicitur
1827 2604 2170 2674 antiquitatis
2197 2603 2608 2673 testimonium,
2644 2619 2828 2676 neque
2851 2611 2922 2658 est

405 2690 665 2759 dubium,
698 2692 830 2763 quin
858 2711 885 2742 α
912 2691 1137 2746 critici»
1170 2691 1303 2761 ipsi,
1335 2690 1381 2745 si
1410 2689 1480 2747 de
1522 2691 1664 2748 libro
1688 2690 1924 2760 profano
1959 2700 2240 2763 ageretur,
2276 2699 2363 2746 tot
2385 2690 2666 2762 tantisque
2707 2689 2920 2748 testibus

402 2779 571 2835 fidem
600 2779 869 2834 haberent
890 2794 995 2834 nec
1016 2776 1088 2834 ad
1113 2780 1357 2834 internas
1380 2778 1624 2834 rationes
1652 2787 2004 2835 recurrerent
2017 2820 2032 2849 ‚
2057 2787 2118 2834 ut
2137 2779 2254 2834 eius
2275 2778 2624 2834 authentiam
2643 2780 2917 2850 impugna-

402 2874 546 2922 rent.
586 2869 691 2921 Pro
730 2867 963 2922 internis
1002 2865 1310 2922 rationibus
1346 2874 1535 2922 autem
1556 2866 1646 2921 illa
1675 2865 1794 2937 ipsa
1835 2876 2028 2922 contra
2047 2865 2399 2922 ‘authentiam
2437 2865 2712 2936 afferunt,
2737 2865 2914 2938 quibus

404 2953 495 3008 alii
520 2953 862 3010 authentiam
886 2952 1218 3023 defendunt3
1240 2953 1389 3009 unde
1408 2955 1542 3009 satis
1561 2955 1769 3023 elucet,
1793 2953 2066 3009 eiusmodi
2090 2953 2432 3026 argumentis
2449 2955 2581 3009 solis
2595 2995 2612 3021 ,
2635 2955 2682 3009 si
2707 2963 2908 3010 externa

400 3042 716 3098 testimonia
744 3041 973 3110 desunt,
1000 3041 1137 3096 nihil
1168 3039 1562 3097 demonstrari.

480 3211 540 3268 2.
571 3243 649 3251 —
676 3210 748 3268 11.
776 3211 867 3268 DE
901 3212 928 3268 1
960 3210 1203 3270 Ioannis
1228 3226 1553 3268 nris-romu
1583 3225 2008 3269 misum-nous
2035 3213 2206 3269 recte
2229 3210 2462 3269 sentire
2491 3207 2586 3267 illi
2609 3209 2906 3269 videntur.

401 3305 511 3382 qui
550 3305 722 3364 illam
760 3305 1079 3383 Evangelii
1120 3306 1574 3382 praefationem
1613 3307 1712 3366 vel
1751 3307 2284 3367 introductionem
2326 3305 2608 3382 aliquam
2649 3323 2786 3366 esse
2833 3305 2906 3364 di-

403 3405 583 3473 cunt,
619 3418 744 3477 qua
772 3403 1137 3478 ApostoluS‚
1173 3419 1367 3479 quum
1398 3403 1803 3479 Evangelium
1837 3402 2118 3463 ecclesiis
2141 3402 2420 3463 asiaticis
2449 3403 2905 3461 transmitteret.

402 3497 539 3557 eius
586 3514 905 3557 summurn
951 3502 1388 3574 argumentum
1436 3499 1751 3574 finemque
1798 3497 2097 3560 indicavit
2149 3502 2213 3558 et
2259 3497 2538 3557 fructum
2577 3497 2910 3558 accuratim

402 3593 763 3670 explicavit,
797 3610 985 3670 quem
1014 3609 1049 3652 a
1078 3593 1445 3654 Christianis
1475 3611 1550 3654 ex
1581 3595 1718 3655 eius
1747 3594 2015 3654 lectione
2045 3593 2282 3654 hauriri
2308 3592 2530 3653 voluit.

466 3716 521 3769 S.
546 3718 935 3787 Anqustinus,
968 3729 1133 3784 quem
1160 3714 1335 3770 secuti
1359 3723 1488 3770 sunt
1524 3715 1692 3786 aliqui
1723 3716 1962 3772 iuniores
1999 3715 2213 3784 Latini,
2239 3714 2504 3786 epistolae
2539 3713 2676 3770 huic
2711 3717 2913 3771 titulum

402 3824 425 3852 α
454 3802 541 3858 ad
565 3803 823 3859 Parthos
848 3822 874 3854 a>
906 3800 1101 3857 indidit
1126 3804 1335 3869 (Tract.
1357 3801 1416 3857 in
1431 3818 1517 3874 ep.
1546 3804 1703 3858 loan.
1736 3803 1806 3858 ad
1835 3801 2090 3869 Parthos)
2116 3801 2320 3858 mendo
2338 3845 2352 3870 ‚
2377 3810 2442 3856 ut
2465 3801 2707 3870 videtur,
2731 3802 2914 3858 codicis

396 3891 482 3946 sui
503 3890 561 3945 in
589 3906 835 3946 errorem
862 3888 1150 3958 inductus;
1184 3906 1366 3961 neque
1388 3891 1538 3946 enim
1567 3891 1623 3944 in
1652 3889 1877 3946 Oriente
1898 3904 2079 3962 neque
2112 3898 2241 3945 ante
2269 3889 2646 3961 Augustinum
2687 3890 2744 3945 in
2771 3889 2912 3946 oeci-

395 3979 560 4034 dente
586 3977 878 4050 quisquam
902 3993 1025 4033 eam
1050 3977 1272 4033 Parthis
1295 3977 1558 4049 scriptam
1585 3993 1705 4033 esse
1720 3977 1920 4034 innuit.
1951 3979 2014 4032 In
2034 3991 2238 4049 genere
2260 3977 2450 4032 Patres
2473 3975 2546 4032 de
2565 3974 2912 4033 destinatione

396 4068 511 4122 eius
536 4081 649 4122 non
670 4065 996 4138 loquuntur,
1028 4053 1199 4137 quare
1227 4064 1513 4122 deficiente
1546 4065 1848 4121 traditione
1877 4063 1947 4120 ad
1985 4065 2330 4120 coniecturas
2374 4072 2456 4120 est
2495 4063 2912 4138 confugiendum

394 4154 729 4226 internisque
756 4153 1079 4221 rationibuS‚
1109 4162 1377 4225 quantum
1405 4152 1525 4208 fieri
1554 4161 1766 4224 potest,
1800 4167 1888 4208 τω
1917 4160 1999 4208 est
2026 4151 2364 4209 delinienda.
2405 4153 2523 4207 Iam
2554 4167 2690 4208 vero
2721 4169 2788 4208 ex
2813 4153 2910 4222 ipsa

397 4241 624 4312 epistola
646 4241 973 4312 praeprimis
1000 4241 1209 4310 elucet,
1242 4241 1572 4312 Apostolum
1601 4256 1729 4295 cum
1758 4240 1894 4308 illis,
1929 4239 2130 4312 quibus
2166 4238 2385 4308 scribit,
2417 4238 2612 4296 intima
2641 4238 2909 4296 familiari-

394 4339 508 4386 tate
536 4328 700 4384 i‘uisse
728 4329 1085 4384 coniunctum
1112 4344 1296 4399 neque
1326 4329 1508 4384 alieno
1533 4329 1715 4400 gregi,
1749 4326 1847 4382 sed
1877 4329 1989 4382 suis
2011 4326 2207 4383 ovibus
2233 4328 2444 4383 monita
2473 4342 2574 4382 sua
2599 4326 2906 4383 destinasse.

398 4418 587 4488 Neque
622 4417 807 4472 minus
842 4418 990 4473 clare
1027 4431 1093 4472 ex
1123 4415 1355 4486 epistola
1396 4416 1606 4484 elucet,
1634 4417 1780 4471 inter
1817 4415 2186 4483 Christian08‚
2214 4413 2416 4486 quibus
2455 4412 2677 4483 scribit,
2709 4423 2910 4470 exortas·

400 4520 516 4558 esse
536 4503 791 4559 haereses
800 4545 816 4574 ,
848 4521 990 4577 quae
1011 4506 1191 4560 Iesum
1215 4519 1333 4560 esse
1356 4501 1638 4560 Christum
1665 4503 1863 4559 Filium
1892 4501 1996 4558 Dei
2021 4510 2290 4574 negantes
2319 4522 2346 4553 ι
2379 4502 2562 4558 lesum
2587 4501 2864 4557 solvebant
2885 4523 2904 4542 ·

402 4596 565 4659 atque
594 4605 781 4645 veram
819 4599 873 4645 et
902 4592 1107 4646 realem
1139 4591 1576 4647 incarnationem
1607 4591 1996 4663 impugnantes
2033 4587 2398 4645 docetismum
2433 4588 2681 4660 aliquem
2715 4595 2906 4644 statue-
