3050 5184
293 298 404 355 172
485 311 759 355 msromA
803 310 1162 355 exsensaos.
1209 326 1289 337 --
1329 309 1458 352 cst».
1507 274 2093 357 Vsum-:aramum
2138 314 2649 359 mori-:summm

291 445 535 522 integro
563 445 787 504 Vetere
821 446 987 505 Test.
1011 444 1248 503 reiecto
1279 442 1358 502 ad
1398 445 1643 503 Novum
1674 444 2111 522 explicandum
2155 448 2531 527 excogitavit
2560 451 2843 525 systema

289 539 868 601 accommodationis.

359 654 604 710 Semlero
633 670 812 709 canon
838 669 954 710 non
983 651 1087 708 fuit
1114 652 1221 707 nisi
1247 652 1498 709 collectio
1529 652 1827 725 librorum,
1855 654 1951 727 qui
1974 656 2109 712 olim
2138 657 2195 711 in
2222 657 2471 713 coetibus
2508 656 2835 715 christianis

288 741 397 796 sint
441 742 720 813 praelecti,
751 758 932 813 neque
975 749 1166 795 tamen
1209 741 1496 807 maiorem,
1545 756 1715 811 quam
1758 740 2007 813 profani,
2058 742 2355 800 habuerint
2405 745 2831 801 auctoritatem.

289 830 492 884 Mirum
533 845 651 885 esse
681 830 782 897 ait,
822 828 971 900 quod
998 828 1293 884 Christiani
1322 825 1657 883 ludaeorum
1685 828 1859 885 libros
1884 846 2013 886 cum
2042 831 2209 888 verbo
2256 832 2382 902 Dei,
2412 830 2562 903 quod
2590 832 2651 887 in
2676 848 2829 887 non-

287 917 452 972 nullis
492 926 708 973 tantum
751 932 946 972 eorum
984 915 1234 989 partibus
1278 915 1612 986 inveniatur,
1656 916 2036 988 confuderint,
2074 920 2367 992 plerasque
2414 920 2629 975 Veteris
2676 920 2834 975 Test.

287 1005 632 1060 narrationes
654 1004 814 1060 nobis
841 1018 1068 1075 prorsus
1086 1018 1204 1060 esse
1222 1003 1446 1058 inutiles
1465 1012 1633 1076 atque
1654 1006 1912 1061 vaticinia
1941 1005 2011 1061 de
2040 1007 2159 1062 sola
2186 1007 2467 1079 republica
2498 1004 2839 1062 ludaeorum

290 1108 480 1164 agere;
518 1092 706 1163 itaque
743 1091 912 1148 libros
955 1092 1222 1163 plurimos
1249 1092 1466 1147 Veteris
1493 1092 1644 1147 Test.
1688 1109 1848 1164 posse
1877 1095 2102 1167 negligi.
2137 1097 2203 1150 ln
2246 1096 2401 1150 Novo
2445 1094 2595 1149 Test.
2628 1092 2839 1149 deinde

290 1180 464 1235 multa
491 1180 726 1235 inveniri
754 1188 931 1250 ratus,
959 1180 1100 1252 quae
1124 1188 1309 1235 rectae
1336 1179 1539 1252 rationi
1568 1177 1947 1252 adversentur,
1988 1198 2093 1237 nec
2137 1190 2328 1238 tamen
2374 1181 2681 1237 Dominum
2738 1189 2835 1235 aut

289 1268 583 1337 Apostolos
611 1267 812 1323 erroris
849 1283 1108 1324 accusare
1136 1282 1303 1323 ausus
1338 1267 1557 1336 statuit,
1586 1268 1889 1325 Dominum
1918 1270 2325 1341 Apostolosque
2370 1267 2664 1341 aliquoties
2704 1284 2835 1323 sese

291 1354 441 1411 falsis
486 1355 820 1412 Iudaeorum
859 1355 1208 1428 opinionibus
1254 1355 1761 1425 accommodasse,
1803 1358 1843 1411 i.
1875 1373 1925 1413 e.
1952 1356 2129 1412 multa
2175 1355 2456 1427 docuisse,
2502 1372 2645 1428 quae
2689 1371 2825 1410 cum

292 1441 426 1499 falsa
464 1443 682 1500 iudaica
701 1442 954 1500 doctrina
982 1442 1358 1513 consentiant,
1388 1445 1640 1516 quamvis
1668 1460 1731 1500 ea
1762 1443 1896 1500 salsa
1938 1460 2058 1501 esse
2098 1444 2329 1514 scirent;
2362 1460 2529 1516 quam
2572 1442 2644 1499 ob
2678 1460 2821 1499 eau-

287 1546 408 1587 sam
448 1530 739 1605 diligenter
783 1531 1174 1587 discernendas
1218 1547 1338 1587 esse
1376 1548 1535 1588 veras
1564 1534 1784 1588 Domini
1830 1532 2115 1589 doctrinas
2156 1532 2228 1589 ab
2274 1532 2555 1589 erroribus
2583 1530 2825 1587 iudaicis

290 1620 326 1675 i.
359 1635 409 1674 e.
441 1619 510 1676 ab
534 1620 792 1676 omnibus
819 1619 1104 1688 doctriniS‚
1134 1634 1271 1691 quas
1299 1620 1537 1676 Iudaeos
1561 1620 1655 1676 illa
1682 1628 1863 1676 aetate
1886 1620 2145 1689 tenuisse,
2175 1637 2343 1692 opera
2370 1620 2637 1685 Philonis,
2666 1621 2831 1676 Iose-

291 1707 413 1777 phi,
458 1706 822 1763 rabbinorum
867 1706 1183 1763 ostendunt.
1232 1708 1529 1763 Criterium
1583 1708 1759 1764 multo
1816 1707 2029 1765 facilius
2081 1708 2273 1764 statuit
2314 1712 2356 1765 I.
2410 1710 2477 1764 G.
2527 1706 2837 1763 Eicklcorn

293 1797 354 1864 (†
380 1800 515 1851 1827
522 1799 580 1862 .),
613 1795 798 1850 omnia
825 1795 922 1850 illa
948 1810 1052 1867 pro
1083 1793 1312 1851 iudaicis
1338 1796 1667 1851 commentis
1703 1812 1821 1853 esse
1860 1795 2143 1866 habenda,
2176 1813 2317 1868 quae
2346 1810 2474 1851 cum
2504 1804 2655 1851 recta
2682 1796 2741 1861 (i.
2772 1810 2829 1849 e.

289 1897 418 1938 cum
442 1882 667 1938 deistica
695 1881 783 1938 vel
809 1882 1224 1951 rationalistica)
1255 1884 1472 1939 ratione
1499 1900 1615 1939 non
1640 1884 1991 1940 conveniant.
2016 1884 2197 1953 Quam
2226 1883 2461 1954 impium
2486 1881 2833 1939 absurdum-

292 1987 398 2042 que
432 1971 503 2025 sit
529 1970 637 2025 hoc
677 1980 947 2045 systema,
976 1969 1449 2027 demonstratione
1489 1987 1605 2028 non
1628 1970 1855 2043 indiget.
1896 1972 2086 2029 Novae
2112 1986 2245 2027 suae
2287 1970 2651 2027 distinctionis
2680 1970 2833 2025 inter

291 2058 459 2115 libros
493 2074 681 2114 sacros
722 2058 871 2129 ipsos
905 2067 961 2113 et
1001 2058 1231 2114 verbum
1271 2059 1378 2113 Dei
1422 2060 1483 2115 in
1523 2060 1602 2115 eis
1647 2068 1971 2115 contentum
2014 2060 2180 2116 unica
2226 2060 2368 2115 ratio
2420 2059 2668 2116 Semlero
2718 2058 2833 2113 suit

290 2145 652 2218 experientia3
684 2145 857 2203 libros
885 2147 1034 2202 enim
1061 2146 1274 2202 Veteris
1309 2148 1458 2202 Test.
1492 2146 1782 2204 historicos
1804 2147 1991 2219 legens
2027 2146 2326 2219 aliquando
2356 2146 2477 2217 pios
2506 2145 2674 2202 animi
2706 2160 2837 2201 mo-

291 2244 379 2289 tus
404 2243 665 2305 expertus
702 2243 812 2303 est,
848 2235 1175 2306 plerumque
1205 2232 1434 2306 frigidus
1462 2234 1865 2309 languidusque
1904 2236 2134 2302 mansit;
2174 2250 2311 2291 num
2350 2236 2475 2307 quis
2501 2236 2612 2290 tale
2655 2250 2833 2305 argu-

289 2330 539 2377 mentum
578 2320 909 2377 refutatione
940 2321 1171 2395 dignum
1211 2321 1419 2378 habet?
1454 2322 1544 2379 Ad
1584 2322 2156 2379 accommodationem
2178 2332 2366 2379 autem
2395 2321 2547 2395 quod
2593 2322 2795 2377 attinet
2816 2365 2831 2387 ,

291 2410 676 2481 gravissimum
711 2425 845 2465 sane
881 2418 964 2465 est
991 2418 1308 2481 peccatum,
1335 2411 1384 2465 si
1422 2411 1547 2483 quis
1588 2411 1825 2467 aliorum
1854 2426 2071 2467 errores
2098 2418 2327 2467 externe
2364 2418 2421 2467 et
2459 2409 2693 2482 positive
2724 2426 2829 2480 ap-

291 2496 515 2567 probat,
557 2496 688 2553 licet
723 2498 934 2554 interne
981 2496 1296 2568 dissentiat3
1345 2497 1705 2570 blasphemus
1738 2498 1908 2571 igitur
1952 2507 2037 2555 est
2084 2500 2316 2567 Semler,
2367 2498 2459 2571 qui
2514 2498 2825 2553 Dominum

291 2585 466 2655 aperti
488 2584 762 2642 mendacii
789 2586 1042 2641 incusare
1070 2585 1255 2642 audet.

369 2757 426 2815 3.
459 2790 540 2799 —
568 2755 900 2816 [mmanuel
942 2758 1106 2817 Kant
1148 2754 1217 2835 (†
1249 2754 1476 2835 1804.),
1511 2760 1581 2817 ut
1608 2757 1811 2817 solam
1852 2774 2035 2818 suam
2066 2756 2419 2818 naturalem
2448 2755 2837 2833 religionem

292 2852 354 2910 in
383 2852 562 2912 libris
583 2853 774 2913 sacris
795 2852 1006 2913 doceri
1038 2851 1428 2923 ostenderet,
1457 2875 1486 2907 «
1515 2852 1947 2914 authenticam
1980 2854 2571 2933 interpretationem
2594 2874 2622 2905 »
2648 2853 2835 2911 inve-

292 2948 412 3019 nit,
445 2949 557 3010 sed
587 2967 664 3009 ne
693 2966 892 3010 unum
918 2949 1175 3027 quidem
1205 2965 1549 3027 sequacem
1578 2950 1645 3009 in
1675 2950 1794 3009 hac
1821 2947 1923 3010 via
1946 2950 2196 3010 habuit.

361 3070 611 3125 Primum
647 3070 981 3141 principium
1013 3070 1341 3126 kantianum
1373 3078 1483 3139 est,
1516 3072 1633 3127 sola
1674 3080 1965 3143 praecepta
2006 3070 2239 3127 moralia
2277 3070 2617 3127 constituere
2644 3082 2840 3122 essen-

291 3158 428 3212 tiam
471 3158 784 3229 religionis,
835 3157 1096 3229 dogmata
1155 3166 1384 3214 eatenus
1431 3166 1655 3215 tantum
1701 3175 1818 3215 esse
1864 3158 2242 3228 admittenda,
2294 3165 2567 3229 quatenus
2615 3154 2841 3210 virtutis

293 3244 620 3301 exercitium
639 3252 1031 3315 promoveant3
1059 3246 1236 3301 solam
1263 3246 1590 3319 religionem
1615 3247 1929 3303 naturalem
1958 3262 2077 3302 esse
2110 3262 2300 3302 veram
2318 3288 2331 3315 ,
2370 3260 2464 3301 eas
2496 3257 2657 3310 vero,
2690 3258 2839 3315 quae

292 3348 352 3389 se
375 3334 648 3388 revelatas
674 3326 894 3399 dicunt,
927 3348 1081 3390 mera
1105 3348 1222 3389 esse
1243 3334 1506 3407 figmenta
1538 3334 1805 3404 humana,
1831 3342 2081 3391 attamen
2107 3334 2255 3390 bona
2271 3376 2284 3403 ,
2316 3332 2364 3387 si
2394 3331 2593 3389 saltem
2625 3331 2841 3402 prinei-

295 3421 448 3491 pium
482 3419 765 3492 quoddam
802 3421 1152 3487 contineant,
1190 3423 1346 3477 euius
1385 3438 1490 3493 ope
1532 3438 1660 3479 cum
1688 3423 1933 3479 naturali
1972 3422 2241 3494 religione
2271 3418 2562 3476 conciliari
2602 3420 2841 3491 possint.

296 3511 412 3564 Iam
444 3524 572 3563 vero
596 3508 935 3565 christianae
957 3510 1215 3581 religioni
1241 3514 1395 3566 Kant
1422 3510 1532 3566 hoc
1559 3510 1892 3582 principium
1922 3531 1947 3562 α
1978 3510 2300 3567 authentica
2327 3508 2795 3577 interpretatione
2820 3529 2844 3557 n

293 3612 390 3652 sua
437 3595 790 3667 suppeditare
819 3596 1023 3666 voluit,
1056 3598 1210 3653 cuius
1247 3599 1444 3653 unicus
1483 3614 1663 3654 canon
1700 3607 1803 3667 est,
1849 3606 1911 3653 ut
1955 3614 2069 3655 non
2104 3606 2426 3669 quaeratur,
2466 3595 2601 3669 quid
2642 3604 2843 3651 auctor

294 3684 526 3752 dixerit,
550 3682 648 3739 sed
673 3682 806 3755 quid
832 3683 1015 3741 dicere
1041 3684 1322 3755 debuerit,
1349 3694 1412 3740 ut
1437 3686 1579 3742 liber
1606 3688 1722 3743 eius
1748 3686 1885 3742 nihil
1912 3694 2133 3757 praeter
2159 3684 2477 3741 naturalem
2501 3683 2837 3756 religionem

293 3772 618 3828 kantianam
645 3772 948 3827 contineat.

371 3944 429 4001 4.
461 3974 543 3984 —-
571 3942 731 4001 Cum
769 3942 994 4001 Kantio
1040 3942 1104 4001 in
1147 3941 1505 4003 definienda
1546 3944 1853 4021 religione
1894 3944 2210 4005 consentit
2254 3942 2329 4001 H.
2366 3943 2444 4001 Ε.
2484 3942 2555 4001 G.
2596 3942 2840 4002 Paulus

295 4038 363 4115 (-1·
389 4036 594 4117 1851.)
617 4038 684 4098 in
713 4055 787 4097 eo
815 4042 1060 4099 tantum
1089 4038 1169 4097 ab
1199 4038 1308 4099 illo
1336 4039 1663 4112 recedenS,
1688 4039 1857 4117 quod
1887 4056 2015 4100 non
2046 4041 2357 4116 integram
2386 4038 2720 4097 historiam
2750 4056 2843 4097 sa-

294 4150 463 4193 cram
504 4151 619 4212 pro
665 4136 980 4212 superflua
1020 4134 1271 4195 habeat.
1319 4136 1739 4214 Praecipuum
1783 4136 1919 4197 eius
1949 4134 2225 4197 studium
2270 4135 2423 4207 fuit,
2460 4139 2529 4194 ut
2558 4152 2635 4193 ex
2666 4150 2843 4193 sacra

295 4230 556 4289 historia
585 4233 798 4291 omnia
828 4236 1180 4293 removeret
1209 4233 1549 4307 miracula;
1583 4249 1777 4310 quem
1807 4234 1873 4292 in
1904 4234 2095 4293 finem
2126 4228 2840 4308 notioloqico-pkilotoyi·

295 4344 424 4385 cam
454 4344 568 4387 seu
591 4328 1072 4408 psycholoqicam
1102 4329 1697 4407 interpretationem
1728 4330 1965 4390 statuit.

366 4448 571 4502 Totum
603 4449 899 4505 artificium
925 4450 1090 4507 huius
1116 4450 1593 4522 interpretationis
1620 4451 1679 4505 in
1706 4466 1849 4507 nova
1888 4450 2133 4523 quadam
2163 4450 2519 4507 distinctione
2549 4448 2699 4505 iuter
2720 4448 2843 4522 liw-

299 4542 423 4591 tum
448 4543 504 4591 et
531 4536 674 4591 inter
699 4537 994 4593 iudicium
1025 4537 1096 4593 de
1135 4538 1243 4594 hoc
1277 4535 1424 4593 facto
1451 4537 1732 4608 consistit3
1758 4540 1943 4609 priore
1970 4539 2197 4596 nomine
2224 4537 2481 4610 designat
2508 4551 2649 4606 rem,
2680 4550 2845 4607 quam

297 4632 637 4696 spectatores
673 4623 940 4681 accidisse
977 4632 1278 4694 testantur,
1308 4626 1485 4681 altero
1513 4626 1863 4697 opinionem,
1898 4642 2065 4700 quam
2104 4625 2211 4682 sibi
2250 4624 2320 4681 de
2358 4624 2522 4680 huius
2550 4626 2631 4680 rei
2670 4624 2847 4680 causis
