3050 5184
923 938 1763 1037 DISSERTATIO
1844 942 2016 1035 III.

771 1266 860 1330 DE
899 1266 1563 1333 INTERPRETATIONE
1604 1268 1665 1333 S.
1712 1267 2170 1332 SCRIPTURAE.

249 1885 478 1941 Canone
505 1882 914 1953 scripturarum
957 1882 1199 1940 stabilito
1243 1882 1624 1955 fontibusque,
1658 1900 1721 1939 ex
1759 1884 1956 1955 quibus
2002 1886 2269 1957 genuinus
2308 1902 2499 1942 earum
2539 1896 2720 1943 textus

195 1970 464 2039 hauritur,
494 1970 748 2027 indicatis
771 1979 970 2040 restat,
999 1980 1064 2027 ut
1092 1971 1238 2027 viam
1273 1969 1658 2041 ostendamuS,
1692 1988 1799 2043 qua
1830 1969 1901 2027 ad
1939 1987 2131 2029 earum
2160 1974 2379 2043 plenam
2408 1975 2720 2047 intelligen-

190 2060 418 2131 gentiam
454 2059 791 2131 pervenitur.
824 2059 1100 2128 Quoniam
1129 2058 1277 2114 enim
1309 2058 1629 2129 scripturae
1666 2059 1933 2116 obscurae
1960 2068 2116 2129 sunt,
2148 2062 2339 2117 Patres
2374 2062 2485 2117 iani
2523 2064 2721 2118 acriter

189 2146 660 2218 reprehenderunt
684 2146 835 2215 illua,
865 2148 958 2217 qui
993 2167 1018 2197 α
1047 2146 1106 2202 in
1143 2146 1440 2217 scripturis
1467 2148 1670 2203 sanctis
1706 2148 1823 2204 sine
1864 2148 2086 2219 praevio
2124 2158 2179 2205 ct
2205 2158 2547 2205 monstrante
2576 2150 2719 2205 viam

188 2235 388 2307 ingredi
419 2252 482 2291 se
509 2250 670 2307 posse
698 2254 724 2287 ι
749 2234 1116 2307 opinabantur
1137 2235 1156 2269 ¹
1185 2236 1515 2307 regulasque
1534 2234 1910 2305 tradiderunt,
1940 2234 2138 2307 quibus
2155 2238 2211 2292 in
2232 2252 2423 2295 earum
2442 2253 2604 2293 sensu
2630 2240 2717 2293 in-

190 2322 440 2396 dagando
469 2322 772 2395 dirigamur
795 2330 1016 2395 oportet
1043 2322 1230 2395 (Or-2⁸9.
1269 2320 1340 2379 de
1357 2323 1595 2395 Princip.
1636 2325 1755 2391 lv„
1788 2324 1846 2381 S.
1880 2329 2033 2397 Auq.
2072 2322 2142 2380 de
2173 2327 2367 2381 Doctr.
2407 2324 2599 2381 christ.
2640 2328 2716 2381 1.-

191 2412 282 2467 111.
307 2412 466 2483 etc.).
493 2410 824 2483 Disciplina,
858 2426 998 2482 quae
1033 2419 1322 2481 praecepta
1361 2410 1500 2467 haec
1525 2411 1791 2482 explicat,
1834 2415 2289 2469 Hermeneutica
2328 2430 2511 2469 sacra
2555 2413 2718 2469 hodie

188 2500 508 2570 appellatur.
549 2499 840 2570 Duplicem
875 2499 926 2554 ei
962 2497 1130 2554 finem
1171 2498 1417 2571 assignat
1456 2498 1516 2555 S.
1562 2500 1947 2573 Auqustinus‚
1985 2516 2155 2571 quum
2188 2500 2386 2571 ipsein
2419 2517 2520 2556 suo
2552 2518 2719 2573 opere

189 2586 596 2644 liermeneutico
622 2607 647 2637 α
671 2584 902 2642 modum
921 2585 1282 2654 inveniendi,
1311 2602 1452 2658 quae
1475 2586 1836 2659 intelligenda
1855 2596 2003 2656 sunt,
2028 2596 2083 2643 et
2102 2588 2328 2644 modum
2341 2588 2713 2663 proferendi,

189 2690 316 2745 quae
350 2673 635 2732 intellecta
673 2682 804 2730 sunt
843 2693 868 2727 ι
909 2681 1242 2745 exponeret,
1284 2682 1343 2729 at
1379 2673 1575 2729 ultima
1615 2674 1753 2731 haec
1790 2684 2078 2747 praecepta
2119 2674 2283 2731 bodie
2308 2674 2366 2731 in
2403 2677 2717 2733 Rhetorica

187 2778 356 2819 saera
378 2760 699 2819 traduntur.
727 2763 922 2833 Itaque
951 2759 1020 2817 de
1053 2760 1326 2833 prioribus
1345 2760 1635 2817 dumtaxat
1664 2761 2021 2833 disseremus,
2054 2761 2493 2820 dissertationem
2534 2772 2718 2820 autem

187 2852 236 2904 in
272 2850 416 2907 duas
457 2850 730 2907 sectiones
773 2848 1150 2921 dispertimur,
1194 2864 1430 2920 quarum
1461 2850 1613 2921 prior
1640 2850 1833 2919 variis,
1872 2865 2011 2921 quae
2052 2851 2110 2905 in
2152 2850 2447 2920 Scripturis
2488 2850 2719 2907 inveniri

189 2936 458 3007 dicuntur,
489 2952 682 2994 sensus
709 2936 994 3008 speciebus
1017 2937 1278 3008 expositis
1302 2936 1545 3007 regulas,
1573 2953 1713 3009 quae
1737 2938 1807 2994 ad
1830 2952 2021 2993 verum
2044 2952 2273 2997 sensum
2298 2936 2535 3005 ducunt,
2562 2938 2720 2993 theo-

187 3028 344 3083 retice
383 3026 627 3097 explicat
659 3030 940 3096 (systema
985 3024 1523 3096 hermeneuticum),
1558 3026 1729 3081 altera
1758 3025 1907 3081 varia
1936 3033 2234 3097 systemata
2253 3069 2268 3093 ,
2302 3040 2441 3097 quae
2479 3024 2716 3082 decursu

187 3114 528 3170 saeculorum
561 3128 592 3169 a
621 3112 904 3169 catholicis
931 3120 987 3168 et
1023 3111 1346 3167 acatholicis
1383 3112 1631 3168 adhibita
1674 3122 1830 3179 sunt,
1861 3111 2119 3169 historice
2148 3121 2391 3181 enarrat,
2424 3121 2485 3168 ut
2519 3113 2718 3169 clarius

189 3210 458 3273 appareat,
488 3200 708 3273 regulas
733 3209 954 3257 nostras
983 3216 1014 3256 a
1042 3199 1299 3255 Patribus
1320 3198 1823 3272 interpretibusque
1848 3200 2133 3257 catholicis
2160 3216 2378 3271 semper
2415 3200 2579 3256 fuisse
2616 3201 2717 3256 ad-

191 3288 408 3355 hibitas,
435 3304 500 3345 ex
525 3290 770 3344 erroneis
795 3297 981 3344 autem
1002 3286 1438 3343 acatholicorum
1463 3288 1776 3360 systematis
1803 3286 2030 3345 divitem
2049 3303 2305 3345 errorum
2334 3296 2575 3360 segetem
2601 3305 2718 3345 esse

191 3387 428 3433 exortam
452 3376 752 3448 (Historia
782 3378 1121 3449 exeqeseos).

244 3564 304 3625 (t)
333 3562 436 3613 cfr.
469 3564 522 3611 S.
554 3562 705 3612 Hier.
737 3560 800 3611 ad
827 3559 1028 3611 Paulin.
1054 3572 1133 3625 ep.
1161 3564 1290 3623 53,6.
1323 3564 1367 3609 7.
1403 3578 1416 3610 ι
1452 3576 1476 3606 α
1505 3559 1796 3623 Agricolae,
1827 3562 2180 3620 caementarii,
2208 3560 2367 3621 fabri,
2398 3562 2716 3611 metallorum

195 3640 496 3703 lignorumve
523 3652 776 3698 caesores,
811 3638 989 3689 lanarii
1025 3652 1230 3705 quoque
1265 3644 1318 3689 et
1347 3638 1595 3697 fullones,
1626 3642 1677 3689 et
1701 3638 1882 3699 ceteri,
1913 3639 2005 3704 qui
2040 3640 2235 3690 variam
2274 3640 2637 3704 supellectilem
2668 3645 2719 3691 et

191 3721 296 3769 vilia
325 3719 576 3785 opuscula
603 3718 937 3779 fabricantur,
965 3717 1166 3783 absque
1193 3718 1402 3769 doctore
1433 3731 1544 3768 esse
1578 3732 1679 3767 non
1719 3722 1963 3783 possunt,
1988 3719 2131 3783 quod
2168 3720 2406 3785 cupiunt;
2438 3720 2576 3784 quod
2608 3733 2714 3769 me-

189 3798 400 3849 dicorum
427 3804 534 3855 est,

765 3862 1080 3911 Promittant
1103 3858 1313 3921 medici;
1340 3862 1563 3911 tractant
1592 3858 1793 3909 fabrilia
1819 3858 1969 3911 fabri.

242 3948 352 3999 Sola
372 3948 753 4013 scripturarum
781 3962 880 4007 ars,
910 3962 1062 4013 quam
1086 3946 1185 3998 sibi
1213 3960 1390 3997 omnes
1417 3948 1605 4011 passim
1634 3946 1899 3997 vindicant
1928 3965 1941 3997 z

768 4034 1052 4087 Scribimus
1079 4034 1277 4085 indocti
1305 4034 1543 4100 doctique
1570 4037 1799 4099 poemata
1825 4035 2029 4099 passim.

245 4124 378 4175 Hanc
395 4122 606 4189 garrula
628 4136 774 4182 anus,
800 4122 934 4173 hanc
961 4120 1155 4173 delirus
1183 4135 1365 4180 senex,
1395 4122 1531 4172 hanc
1556 4122 1785 4185 sophista
1812 4120 2081 4180 verbosus,
2108 4120 2239 4171 hanc
2268 4121 2493 4171 universi
2517 4135 2717 4185 praesu·

197 4208 346 4263 munt,
369 4202 628 4263 lacerant,
659 4202 874 4262 docent,
905 4205 1178 4266 antequam
1211 4200 1428 4251 discant.
1461 4200 1562 4251 Alii
1594 4200 1816 4250 adducto
1845 4200 2116 4264 supercilio
2144 4200 2352 4261 grandia
2384 4200 2537 4249 verba
2564 4202 2716 4251 truti-

199 4285 354 4333 nanta
373 4282 511 4333 inter
542 4281 873 4331 mulierculas
901 4280 964 4331 de
991 4280 1149 4331 sacris
1177 4279 1338 4330 literis
1367 4279 1809 4343 philosophantur.
1842 4278 1939 4329 Alii
1968 4278 2199 4336 discunt,
2234 4279 2359 4341 proh
2388 4278 2551 4337 dolor,
2584 4295 2611 4329 a
2638 4278 2710 4329 fe-

201 4358 353 4420 minis,
381 4361 519 4427 quod
547 4360 688 4411 viros
716 4360 932 4411 doceant
971 4377 984 4410 t
1024 4363 1078 4410 et
1115 4372 1180 4409 ne
1207 4372 1386 4423 parum
1422 4358 1520 4407 hoc
1558 4358 1649 4415 s1t,
1690 4358 1911 4421 quadam
1950 4355 2197 4407 facilitate
2226 4356 2523 4417 verborum,
2562 4358 2717 4407 immo

201 4438 384 4488 audacia
410 4440 700 4491 edisserunt
729 4438 861 4499 aliis,
892 4438 1031 4504 quod
1057 4436 1156 4503 ipsi
1191 4452 1292 4488 non
1327 4436 1681 4499 intelligunt...
1710 4436 1937 4487 Puerilia
1966 4439 2091 4486 sunt
2122 4436 2243 4485 haec
2271 4440 2323 4485 et
2356 4436 2714 4486 circulatorum

202 4513 306 4567 ludo
331 4518 534 4578 ruhilia,
566 4519 748 4571 docere
771 4518 914 4583 quod
941 4518 1172 4583 ignores»,
1203 4518 1358 4567 immo
1385 4520 1445 4566 ut
1470 4530 1587 4565 cum
1617 4516 1876 4567 stomacho
1904 4515 2087 4579 loquar
2116 4528 2179 4565 ne
2202 4514 2301 4566 boc
2329 4515 2534 4579 quidem
2567 4516 2713 4568 scire.

201 4596 316 4655 quod
341 4600 544 4651 nescitis.
575 4616 600 4646 n
1360 4660 1370 4673 ι

1397 4678 1422 4722 1
1429 4678 1488 4723 25
