3050 5184
344 285 463 346 558
508 301 582 346 nu
612 301 750 346 Novi
780 301 949 346 'ras-r.
978 301 1169 346 manis
1192 299 1550 346 nlnacncis.
1577 299 1819 346 —-,car.
1855 299 1926 344 11.
1960 299 2036 343 nt:
2065 299 2248 342 sms'r.
2280 297 2554 342 mutuus
2577 293 2824 340 mouns.

343 442 613 514 siquidem
640 441 709 498 ab
738 441 1131 514 antiquissimis
1158 440 1440 497 codicibus
1459 441 1672 513 graecis
1693 440 1774 512 (B.
1799 449 1864 494 Ν.
1886 443 1956 497 Α.
1978 440 2084 505 6.),
2113 438 2382 510 vulgatae
2407 435 2603 510 (Fuld.,
2631 435 2833 492 Amiat..

346 529 499 584 Harl.
526 527 677 600 etc.),
708 529 964 600 copticiS,
996 529 1318 600 aethiopicis
1346 529 1636 584 omittitur.
1662 531 1858 598 Itaque
1886 526 2029 582 duae
2058 533 2350 582 remanent
2377 525 2650 580 clausulae
2673 525 2840 588 (1630

343 624 400 670 et
437 621 594 682 16‚25
629 621 805 688 sqq.);
842 625 901 672 at
934 617 1111 672 simile
1156 615 1291 687 quid
1336 615 1614 671 invenitur
1649 616 1708 670 in
1753 621 1786 669 2
1823 615 2012 670 Thess.
2055 619 2202 682 3,16.
2247 620 2342 678 183
2383 619 2442 666 et
2475 612 2520 666 si
2558 611 2675 682 quis
2707 623 2792 663 eas
2815 623 2840 662 a

343 703 516 759 Paulo
550 703 713 760 scribi
748 720 860 760 non
897 705 1139 775 potuisse
1181 703 1366 775 inepte
1394 701 1784 771 contenderet,
1822 702 1895 758 ad
1935 717 2220 758 summum
2248 703 2504 768 16‚21-23
2531 697 2599 754 ab
2637 695 2845 766 epistola

342 798 531 846 nostra
552 791 789 846 avellere
816 799 1019 864 posset.
1045 821 1117 832 —-
1144 793 1385 846 Demum
1408 799 1661 859 monent,
1690 790 1950 854 Paulum,
1983 789 2076 860 qui
2102 791 2316 844 Romae
2343 786 2592 842 nondum
2631 784 2753 852 suit,
2775 789 2847 836 tot

343 892 633 947 persona,
664 887 801 950 quot
831 879 1144 934 salutantur
1170 883 1431 946 (16‚3-16)
1458 879 1708 949 cognitas
1734 893 1848 932 non
1879 875 2162 941 habuisse3
2190 873 2288 930 sed
2316 879 2433 930 tam
2471 873 2723 944 frequens
2745 877 2849 926 erat

343 979 409 1020 eo
436 973 684 1036 tempore
716 967 865 1022 inter
892 967 1073 1022 varias
1112 965 1369 1026 eeclesias
1406 965 1599 1032 Asiae,
1630 964 1870 1021 Achaiae
1897 973 1953 1019 et
1979 967 2192 1020 Romae
2221 961 2642 1028 commercium,
2677 967 2738 1012 ut
2765 957 2848 1012 mi-

344 1067 468 1108 rum
493 1069 608 1109 non
630 1053 726 1122 sit,
755 1051 907 1125 quod
932 1055 1138 1110 Paulus
1162 1053 1387 1126 triginta
1414 1053 1501 1108 vel
1530 1050 1894 1125 quadraginta
1923 1050 2261 1108 Christianos
2287 1052 2501 1106 Romae
2531 1045 2846 1120 cognoverit.

587 1253 673 1304 11.
700 1253 791 1305 De
820 1253 1122 1317 epistolis
1150 1254 1232 1306 ab
1258 1253 1572 1318 Apostolo
1600 1253 1671 1306 in
1695 1253 1903 1317 priore
1932 1250 2319 1315 captivitate
2349 1248 2634 1313 scriptis.

941 1429 983 1518 ἓ
1011 1437 1075 1497 9.
1117 1468 1205 1480 -
1233 1433 1329 1496 De
1359 1429 1642 1518 epistola
1667 1428 1764 1496 ad
1794 1428 2276 1518 Plzz'lzppenseS.

427 1635 482 1690 1.
513 1665 593 1675 —
615 1635 664 1692 Ι.
696 1636 1033 1695 Ecctasnffl
1076 1649 1497 1694 anrpansan
1527 1633 1590 1692 S.
1613 1634 1840 1693 Paulus
1865 1631 2082 1696 divina
2099 1631 2340 1691 visione
2360 1630 2424 1689 in
2451 1624 2854 1689 Macedoniam

349 1727 644 1788 invitatus
687 1731 959 1806 primam
1002 1729 1069 1788 in
1121 1732 1371 1807 Europa
1417 1729 1696 1789 fundavit
1736 1728 2066 1805 proselytis
2108 1726 2479 1808 praesertim
2523 1721 2785 1784 iudaicis
2807 1725 2856 1778 et

348 1824 615 1883 ethnicis
644 1823 722 1884 ad
746 1823 937 1884 fidem
968 1823 1275 1884 adductis.
1302 1826 1395 1883 Ex
1412 1825 1662 1883 civitate
1684 1824 1980 1884 secedere
2000 1828 2250 1884 coactus
2273 1825 2500 1883 Lucam
2524 1821 2617 1880 ibi
2636 1818 2858 1878 videtur

348 1919 707 1996 reliquisse,
743 1920 849 1996 qui
878 1919 1208 1997 neophytis
1244 1919 1627 1997 invigilaret;
1661 1919 1796 1996 ipse
1825 1924 2038 1980 autem
2063 1921 2128 1978 in
2157 1919 2348 1980 tertio
2376 1932 2487 1978 suo
2513 1916 2740 1975 itinere
2767 1927 2856 1971 eos

348 2017 579 2076 iterum
603 2015 883 2076 visitavit
904 2032 1046 2077 cum
1072 2016 1276 2093 iisque
1306 2016 1602 2075 ultimum
1630 2019 1771 2074 ante
1801 2015 2224 2093 captivitatem
2256 2031 2437 2074 suam
2466 2011 2698 2090 paseha
2719 2009 2858 2068 cele-

348 2110 567 2172 bravit.
604 2113 756 2172 Prae
783 2113 1008 2172 ceteris
1036 2111 1197 2172 hanc
1225 2112 1557 2172 ecclesiam
1585 2111 1838 2185 amavit,
1873 2111 2290 2189 probabiliter
2319 2109 2470 2186 quia
2497 2109 2740 2170 fervore
2764 2119 2857 2164 suo

346 2207 606 2284 reliquis
628 2207 1043 2285 praelucebat.

416 2319 684 2391 Philippi
710 2319 867 2387 (olim
894 2319 1206 2388 Krenides,
1237 2319 1408 2376 hodie
1435 2319 1792 2392 Filibedjilc)
1822 2334 1992 2391 parva
2029 2327 2154 2376 erat
2191 2319 2386 2374 civitas
2425 2317 2782 2374 macedonica
2812 2315 2860 2368 in

346 2405 614 2462 Thraciae
647 2405 849 2461 finibus
886 2407 1038 2464 haud
1081 2409 1244 2479 louge
1272 2423 1302 2463 a
1344 2407 1487 2464 mari
1534 2423 1738 2480 aegaeo
1767 2408 1873 2462 sita
1921 2416 2256 2478 portumque
2297 2405 2542 2462 habebat
2569 2403 2856 2476 Neapolim,

346 2510 488 2566 quae
516 2493 711 2549 civitas
739 2510 913 2566 usque
938 2494 1010 2549 ad
1038 2495 1363 2566 Vespasiani
1391 2503 1634 2552 aetatem
1662 2495 1734 2550 ad
1756 2495 2058 2551 Thraciam
2087 2493 2430 2565 pertinebat,
2465 2493 2550 2549 ita
2587 2501 2654 2548 ut
2680 2507 2712 2547 a
2737 2489 2860 2546 mari

347 2580 689 2637 venientibus
706 2581 947 2653 Philippi
980 2603 1005 2632 α
1031 2582 1208 2653 prima
1234 2587 1401 2650 (esset
1426 2581 1607 2653 istius)
1630 2583 1804 2654 partis
1827 2581 2188 2638 Macedoniae
2205 2581 2401 2637 civitas
2432 2601 2457 2631 n
2486 2585 2646 2647 (Aet.
2681 2581 2858 2646 16‚12).

346 2668 433 2725 Ab
460 2669 796 2740 imperatore
824 2673 1074 2742 Augusto
1102 2671 1223 2724 iure
1252 2669 1440 2725 italico
1467 2668 1676 2725 donata
1706 2677 1760 2725 et
1793 2689 1820 2720 <t
1849 2669 2069 2726 colonia
2097 2691 2126 2722 a
2162 2669 2308 2724 facta
2335 2677 2458 2724 erat
2487 2667 2722 2740 eiusque
2747 2679 2861 2737 ager

344 2755 554 2812 divisus
578 2755 881 2824 veteraniS,
914 2767 975 2812 ut
1004 2773 1131 2812 cum
1160 2756 1557 2812 Macedonibus
1575 2757 1819 2812 Romani
1845 2757 2117 2828 Philippis
2136 2755 2450 2813 habitarent
2475 2761 2638 2824 (Aet.
2673 2754 2858 2823 16:203

349 2843 539 2901 Iudaei
564 2860 679 2899 non
706 2845 867 2899 multi
891 2855 1050 2899 erant
1075 2843 1172 2911 ibi,
1196 2860 1331 2900 nam
1357 2845 1558 2900 iustam
1585 2859 1924 2918 synagogam
1945 2844 2021 2900 ibi
2049 2861 2162 2900 non
2192 2843 2490 2911 habebant,
2523 2843 2628 2900 sed
2655 2855 2859 2915 proseu-

346 2931 511 2986 cham
534 2933 835 3002 quamdam
856 2931 1056 3004 (Vulq.
1082 2933 1259 2986 oratio
1280 2935 1411 2986 Act.
1446 2931 1651 3002 16,13).
1675 2931 2050 2988 Nihilominus
2078 2945 2180 3003 pro
2203 2947 2362 2987 more
2385 2947 2486 2986 suo
2513 2931 2635 2987 illis
2657 2938 2779 2986 ante
2795 2941 2862 2982 re-

350 3019 527 3089 liquos
553 3018 915 3090 Evangelium
941 3018 1143 3074 offerre
1170 3017 1493 3074 desiderans
1512 3019 1718 3074 Paulus
1749 3019 1928 3090 primo
1957 3018 2230 3075 sabbatho
2251 3027 2376 3090 post
2393 3034 2558 3074 suum
2585 3016 2862 3074 adventum

348 3106 711 3177 proseucham
738 3105 894 3174 adiit,
926 3105 1023 3162 ubi
1046 3121 1251 3177 paucas
1266 3113 1486 3162 tantum
1513 3107 1771 3163 mulieres
1791 3106 2000 3162 invenit
2019 3107 2166 3179 (Act.
2201 3113 2364 3175 16,13
2387 3111 2572 3177 sqq.);
2599 3104 2702 3162 sed
2723 3103 2864 3159 unius

344 3209 413 3248 ex
440 3193 573 3261 illis,
606 3193 814 3267 Lydiae
838 3193 1149 3265 proselytae
1176 3192 1451 3261 iudaicae,
1481 3194 1638 3248 Deus
1670 3195 1886 3264 aperuit
1913 3209 2030 3264 cor,
2061 3203 2124 3250 ut
2157 3209 2286 3250 cum
2321 3201 2440 3250 tota
2472 3193 2687 3249 familia
2715 3191 2863 3247 fidem

344 3279 790 3353 baptismumque
838 3281 1128 3352 reciperet.
1182 3301 1211 3330 ι
1258 3280 1451 3336 Multis
1489 3279 1685 3337 diebus
1729 3301 1754 3332 a
1803 3282 2008 3337 Paulus
2051 3297 2180 3337 eum
2226 3280 2393 3337 sociis
2448 3281 2567 3338 suis
2615 3276 2864 3350 Philippis

344 3377 719 3424 commoratus
748 3377 829 3424 est
844 3411 858 3438 ‚
896 3367 1075 3424 donec
1102 3366 1374 3423 seditione
1404 3377 1598 3424 exorta
1637 3383 1767 3424 cum
1795 3369 2018 3424 Silvano
2048 3369 2108 3424 in
2131 3384 2414 3425 carcerem
2435 3367 2676 3424 iniectus
2699 3376 2754 3423 et
2779 3380 2864 3435 po·

344 3455 538 3512 stridie
564 3470 598 3511 a
623 3455 1039 3529 magistratibus
1074 3464 1307 3527 rogatus
1349 3464 1463 3522 est,
1492 3464 1556 3510 ut
1591 3455 1792 3512 urbem
1833 3457 2192 3528 relinqueret.
2221 3456 2683 3513 Thessalonicam
2716 3454 2866 3527 igitur

346 3542 625 3615 profectus
652 3553 764 3611 est,
795 3544 975 3600 Lucas
1002 3551 1191 3598 autem
1213 3541 1482 3614 Philippis
1505 3543 1794 3612 remansit,
1829 3557 2006 3613 usque
2033 3542 2170 3600 dum
2198 3544 2466 3614 Apostolo
2493 3543 2554 3598 in
2585 3543 2752 3599 tertio
2783 3540 2862 3595 iti-

342 3647 475 3688 nere
501 3647 564 3686 ex
605 3631 819 3686 Achaia
850 3645 948 3702 per
975 3629 1361 3686 Macedoniam
1398 3630 1457 3685 in
1501 3630 1690 3686 Asiam
1725 3631 2029 3686 revertenti
2065 3632 2279 3687 socium
2319 3647 2380 3687 se
2401 3631 2612 3688 iterum
2639 3628 2866 3688 adiunxit

344 3720 513 3785 (Diss.
544 3719 669 3774 Vll.
704 3721 735 3785 §
759 3725 873 3786 4,1.
909 3734 963 3788 p.
993 3719 1138 3788 474).
1170 3719 1255 3772 De
1284 3717 1532 3786 ludaeiS,
1567 3718 1664 3788 qui
1691 3717 1956 3790 Philippis
1987 3718 2156 3774 fldem
2189 3719 2534 3790 acceperint,
2565 3721 2744 3776 Lucas
2767 3731 2866 3772 non

343 3807 614 3877 loquitur,
646 3805 957 3877 proselytae
980 3804 1190 3878 Lydiae
1210 3813 1267 3860 et
1282 3805 1493 3861 ethnici
1511 3804 1758 3862 custodis
1779 3807 2022 3862 carceris
2041 3822 2346 3879 eorumque
2365 3807 2707 3864 familiarum
2723 3804 2864 3861 dum·

340 3900 493 3950 taxat
518 3893 933 3949 conversionem
960 3891 1161 3948 diserte
1189 3891 1389 3961 rerem
1422 3893 1600 3949 multo
1627 3901 1815 3951 autem
1843 3895 2030 3965 plures
2051 3891 2220 3950 fidem
2247 3895 2546 3966 recepisse,
2571 3895 2708 3951 satis
2733 3893 2864 3949 clare

344 3981 522 4037 innuit
548 3983 698 4047 (Act.
736 3985 913 4049 16,40)
943 3995 1151 4052 eosque
1175 3981 1345 4036 etiam
1381 3995 1481 4051 pro
1510 3980 1622 4037 fide
1657 3979 2044 4038 tribulationes
2072 3997 2192 4038 esse
2220 3996 2409 4053 passos
2447 3981 2614 4039 docet
2649 3980 2864 4053 epistola

345 4076 530 4124 nostra
552 4067 722 4135 (Phil.
755 4074 881 4137 1,29
902 4072 1033 4140 sq.)‚
1062 4084 1205 4140 quae
1240 4069 1408 4123 simul
1432 4067 1776 4143 singularem
1817 4067 2172 4126 dilectionem
2207 4069 2414 4141 prodit,
2447 4087 2556 4142 qua
2581 4069 2867 4142 Apostolus

344 4154 723 4226 Philippenses
756 4175 783 4206 α
810 4154 1007 4212 fratres
1034 4171 1163 4211 suos
1190 4155 1506 4212 carissimos
1535 4165 1591 4211 et
1618 4154 2137 4226 desideratissimo&
2160 4157 2428 4230 gaudium
2449 4173 2616 4214 suum
2633 4166 2692 4215 et
2717 4171 2864 4214 coro·-

347 4257 475 4297 nam
502 4258 659 4297 suam
690 4263 719 4292 »
752 4242 1227 4314 complectebatur
1256 4248 1396 4311 (4,1;
1432 4251 1523 4313 1,7
1551 4259 1634 4314 sq.
1666 4247 1818 4310 etc.).

426 4392 483 4448 2.
514 4423 592 4434 —
620 4391 694 4449 11.
732 4391 981 4452 OCCASIO
1014 4409 1088 4451 Εἰ·
1132 4408 1293 4452 rmus
1335 4407 1678 4453 aelsronan.
1715 4393 2023 4463 Quoniam
2053 4394 2524 4474 philippensem
2551 4394 2864 4456 ecelesiam

348 4501 494 4561 prae
524 4486 749 4546 ceteris
778 4487 1115 4564 diligebat,
1148 4489 1225 4548 ab
1260 4505 1334 4548 ea
1357 4490 1489 4549 sola
1512 4489 1577 4548 S.
1605 4489 1839 4549 Paulus
1881 4491 2322 4569 eleemosynas
2361 4492 2426 4552 in
2465 4511 2652 4556 suum
2693 4506 2862 4551 usum

348 4580 713 4657 recipiebat.
745 4583 959 4660 Itaque
992 4583 1298 4663 neophyti
1342 4585 1536 4646 etiam
1577 4587 1844 4648 Romam
1881 4588 1940 4648 ei
1969 4587 2134 4650 dona
2169 4587 2516 4664 miserunt,
2549 4585 2862 4668 quampri-
