3050 5184
431 327 546 385 132
628 342 702 385 nn
733 340 1282 384 inritamen-noun
1311 342 1359 383 s.
1393 338 1777 383 semerunae.
1812 354 1889 365 -
1918 338 2049 381 car.
2081 337 2122 381 1.
2158 337 2234 381 nn
2268 336 2639 381 scamnum
2668 336 2989 380 SENSIBUS.

430 471 856 539 argumentandi
881 470 1242 527 attentionem
1266 479 1515 527 nostram
1540 470 1939 535 conver-timum
1972 468 2170 525 eodem
2206 469 2355 525 enim
2390 466 2578 537 modo,
2613 484 2724 539 quo
2754 484 2823 523 ex
2851 467 2993 521 lite-

431 559 554 627 rali,
577 560 744 617 etiam
771 576 838 615 ex
861 560 1043 631 typico
1067 574 1231 614 sensu
1255 566 1710 630 argumentantur
1734 556 2006 628 Apostoli,
2036 572 2217 628 neque
2240 556 2455 613 medios
2476 557 2625 611 inter
2642 564 2852 622 textuS,
2886 556 2999 625 qui

433 647 628 703 literali
657 663 822 703 sensu
845 645 1190 718 intelligendi
1226 654 1376 713 sunt,
1412 645 1552 701 alios
1579 644 1779 723 afferre
1812 644 2095 711 dubitant,
2124 644 2218 715 qui
2244 644 2367 699 solo
2391 644 2575 715 typico
2602 658 2767 699 sensu
2792 642 3001 697 thesin

433 735 770 805 propositam
798 735 1204 789 demonstrant.
1227 735 1382 802 Quae
1403 732 1605 788 literali
1624 747 1786 787 sensu
1806 730 1875 787 de
1898 747 2041 803 agno
2063 732 2305 803 paschali
2332 730 2549 803 (Est-od.
2582 736 2772 799 12,46;
2796 733 2965 785 Num
2984 772 2997 781 .

435 826 616 889 9,12),
647 821 716 877 de
745 821 948 893 populo
980 821 1147 878 Israel
1180 824 1301 889 (Os.
1339 824 1482 888 11,1)
1511 828 1617 875 etc.
1652 818 1797 875 dicta
1828 828 2015 884 erant,
2040 834 2101 873 ea
2136 818 2191 874 in
2220 819 2439 874 Christo
2466 818 2693 890 impleta
2728 832 2853 874 esse
2886 817 3001 871 do-

436 918 563 965 cent
585 911 643 965 S.
677 914 930 965 Ioannes
959 913 1161 978 (19,36)
1186 916 1242 964 et
1258 910 1316 963 S.
1350 908 1695 963 Matthaeus
1736 906 1939 977 (2,15):
1971 905 2253 961 Christum
2286 908 2512 979 angelos
2536 920 2821 976 superare,
2850 906 3003 977 quia

426 996 496 1051 sit
522 996 664 1052 filius
701 997 831 1064 Dei,
858 996 1205 1052 demonstrat
1233 998 1288 1051 S.
1328 994 1533 1051 Paulus
1570 1012 1683 1050 non
1714 1002 1931 1049 tantum
1969 1010 2037 1049 ex
2064 996 2153 1049 Ps,
2190 1000 2314 1061 2,7,
2346 994 2438 1065 qui
2474 993 2678 1049 literali
2706 1008 2879 1049 sensu
2916 992 3003 1047 de

423 1084 646 1139 Christo
673 1084 938 1156 loquitur,
965 1082 1060 1139 sed
1090 1084 1254 1138 etiam
1287 1098 1352 1138 ex
1379 1088 1414 1138 2
1443 1088 1577 1153 Περ.
1609 1089 1663 1150 7.
1687 1088 1773 1149 14,
1804 1081 1933 1137 licet
1968 1081 2166 1137 ultima
2199 1080 2338 1137 haec
2376 1080 2542 1137 verba
2580 1072 2782 1137 literali
2812 1094 3003 1137 sensu

427 1170 498 1227 de
531 1172 828 1227 Salomone
863 1172 972 1227 sint
1009 1169 1154 1227 dicta
1195 1172 1392 1239 (Hebr.
1437 1170 1569 1241 1‚5).
1613 1169 1731 1227 Nisi
1768 1169 1936 1241 igitur
1971 1168 2091 1241 typi
2128 1168 2453 1241 typicusque
2487 1183 2681 1224 sensus
2717 1166 3003 1223 admitte-

425 1267 637 1325 rentur,
667 1274 855 1315 sacros
879 1258 1176 1329 scriptores
1197 1259 1253 1313 in
1283 1258 1396 1313 suis
1423 1255 1997 1329 argumentationibus
2020 1272 2230 1312 errasse
2262 1264 2407 1311 esset
2434 1254 2759 1324 dicendum;
2792 1271 3001 1327 neque

427 1347 572 1403 enim
601 1348 752 1404 velut
778 1355 1130 1415 ornamenta,
1164 1345 1261 1402 sed
1287 1354 1577 1417 tamquam
1606 1361 1735 1399 vera
1760 1353 2083 1417 argumenta
2102 1344 2224 1399 illos
2251 1352 2433 1399 textus
2462 1344 2642 1416 typice
2670 1343 3001 1414 explicatos

424 1432 752 1489 attulerunt.
784 1432 963 1491 Simili
983 1432 1153 1491 modo
1179 1432 1350 1489 multa
1375 1432 1481 1487 alia
1509 1432 1691 1503 typica
1708 1432 1768 1487 in
1792 1432 1947 1487 Novo
1966 1434 2115 1487 Test.
2146 1431 2475 1503 allegantur,
2498 1431 2671 1487 immo
2694 1431 2999 1503 integrum

422 1522 596 1577 Vetus
621 1524 770 1579 Test.
804 1521 1045 1594 quodam
1073 1520 1243 1577 modo
1267 1520 1337 1577 ab
1380 1519 1663 1592 Apostolis
1691 1534 1791 1590 pro
1819 1527 1947 1591 typo
1978 1518 2122 1575 Novi
2148 1518 2414 1575 habetur:
2442 1518 2625 1575 Adam
2646 1518 2827 1589 (Rom.
2860 1525 2997 1587 5,-1ζ

423 1608 828 1667 Melchisedech
852 1609 1044 1681 (Hebr.
1074 1610 1183 1679 7,3)
1213 1618 1321 1665 etc.
1348 1616 1476 1663 sunt
1503 1606 1623 1680 typi
1647 1606 1882 1675 Christi3
1915 1608 2047 1661 Sara
2079 1615 2134 1662 et
2162 1608 2350 1677 Ilagar
2375 1622 2501 1661 cum
2522 1605 2651 1661 filiis
2684 1606 2799 1661 suis
2826 1606 2995 1679 figu-

423 1706 551 1752 rant
573 1696 684 1754 duo
716 1705 1064 1754 testamenta
1093 1695 1258 1763 (Gal.
1293 1702 1417 1767 4‚21
1450 1693 1631 1767 sqq.);
1664 1709 1759 1762 ea,
1799 1710 1939 1765 quae
1970 1693 2230 1749 Israelitis
2262 1710 2359 1764 per
2384 1708 2539 1749 mare
2566 1702 2623 1749 et
2652 1710 2751 1765 per
2780 1692 2997 1750 deser-

423 1792 545 1840 tum
589 1783 1015 1841 transeuntibus
1067 1782 1411 1849 acciderunt,
1456 1782 1575 1855 typi
1620 1790 1749 1836 sunt
1795 1780 2189 1837 beneficiorum
2236 1781 2376 1837 Novi
2416 1783 2564 1837 Test.
2606 1782 2651 1852 (1
2688 1784 2830 1837 Cor.
2882 1790 2993 1847 10,

423 1877 458 1925 2
485 1872 629 1943 sqq.)
661 1881 768 1930 etc.

494 1960 648 2029 Quae
675 1968 792 2015 tam
819 1960 966 2016 clare
995 1960 1158 2015 docet
1183 1960 1488 2031 Scriptura,
1517 1973 1583 2015 ea
1606 1973 1719 2014 non
1742 1958 1957 2013 minore
1980 1973 2108 2013 cum
2130 1958 2379 2013 claritate
2402 1958 2607 2014 docent
2628 1960 2854 2025 Patres,
2886 1961 2991 2029 qui

422 2046 528 2118 ipsi
572 2063 688 2103 non
733 2055 952 2103 tantum
1000 2045 1130 2103 inde
1186 2048 1254 2103 ab
1309 2045 1629 2118 apostolicis
1685 2044 2025 2116 temporibus
2069 2052 2229 2117 typos
2288 2044 2554 2101 adhibent
2598 2054 2653 2099 et
2696 2044 2991 2113 explicant

425 2135 504 2204 (S.
537 2138 727 2191 Barn.
757 2150 844 2206 ep.
877 2142 928 2188 7.
962 2142 1015 2191 8.
1049 2141 1103 2191 9.
1135 2142 1274 2203 etc.;
1303 2138 1361 2191 S.
1400 2136 1585 2191 Clem.
1620 2138 1773 2189 Rom.
1811 2140 1836 2189 1
1872 2134 2001 2188 Cor.
2036 2138 2102 2187 12
2126 2132 2286 2204 etc.)‚
2318 2131 2414 2187 sed
2437 2131 2566 2187 inde
2590 2148 2618 2187 a
2648 2132 2835 2187 medio
2868 2134 2990 2188 iam

423 2238 568 2278 saec.
597 2228 649 2277 2.
683 2222 888 2279 diserte
917 2222 1066 2277 hunc
1091 2223 1336 2295 typicum
1366 2238 1591 2278 sensum
1620 2236 1651 2276 a
1680 2219 1876 2276 literali
1905 2219 2248 2292 distinguunt
2280 2220 2355 2291 (S.
2391 2225 2539 2276 lust.
2568 2224 2649 2275 M.
2683 2234 2729 2274 c.
2762 2221 2985 2293 Tryph.

427 2316 560 2367 114:
591 2308 928 2365 «interdum
953 2311 1187 2381 Spiritus
1209 2311 1265 2365 S.
1294 2308 1595 2377 efficiebat,
1622 2317 1685 2362 ut
1708 2308 1853 2363 clare
1878 2316 1931 2361 et
1955 2316 2147 2377 aperte
2171 2308 2409 2380 aliquid
2430 2305 2615 2379 fieret,
2640 2305 2794 2379 quod
2812 2316 2989 2380 typus

423 2406 543 2452 erat
574 2396 764 2466 futuri,
797 2396 1077 2453 interdum
1107 2406 1292 2453 autem
1321 2405 1376 2451 et
1405 2412 1697 2451 sermones
1728 2396 2188 2467 praenuntiat-it
2216 2394 2285 2450 de
2316 2395 2514 2450 suturis
2544 2416 2603 2464 »ς
2633 2398 2691 2451 S.
2721 2398 2895 2451 [ren.
2934 2414 2985 2451 c.

424 2488 576 2541 haer.
610 2486 707 2541 IV.
737 2490 867 2552 26,2
905 2506 919 2539 ε
957 2505 981 2535 α
1011 2484 1056 2540 si
1085 2485 1210 2557 quis
1238 2483 1483 2539 intentus
1510 2484 1821 2555 Scripturas
1848 2482 2021 2555 legat,
2054 2482 2108 2537 in
2134 2482 2200 2537 iis
2224 2483 2464 2539 inveniet
2498 2481 2569 2538 de
2596 2481 2821 2539 Christo
2851 2500 2988 2539 ser-

423 2590 656 2629 monem
685 2580 739 2628 et
767 2589 942 2629 novae
974 2572 1272 2629 vocationis
1291 2570 1873 2644 praeftqurationem
1905 2592 1928 2621 υ
1963 2574 2112 2641 etc.).

493 2661 698 2719 Contra
728 2676 871 2733 quae
897 2659 1038 2715 nihil
1069 2657 1220 2715 aliud
1255 2658 1495 2715 afferunt
1530 2656 1858 2724 adversarii,
1894 2657 1999 2713 nisi
2036 2656 2416 2715 confusionem
2454 2668 2509 2714 et
2545 2658 2981 2731 ambiguitatem

421 2748 604 2821 typico
632 2748 727 2804 illo
755 2764 920 2803 sensu
949 2748 1124 2803 creari
1165 2747 1547 2818 humanasque
1582 2745 1871 2815 opiniones
1905 2745 1965 2799 in
2002 2744 2247 2801 divinam
2274 2746 2615 2817 scripturam
2654 2746 2873 2803 invehi.
2908 2752 2983 2803 At

421 2852 613 2892 sensus
648 2836 863 2909 typicus
900 2835 994 2892 ille
1037 2851 1150 2891 non
1192 2843 1305 2903 est,
1350 2850 1517 2905 quem
1558 2832 1727 2888 homo
1757 2832 1861 2887 sibi
1902 2831 1973 2887 ad
2002 2831 2291 2888 arbitrium
2331 2832 2575 2905 effingit,
2604 2833 2707 2888 sed
2734 2848 2919 2905 quem
2950 2852 2983 2891 a

419 2926 539 2980 Deo
573 2924 848 2980 intentum
887 2940 1006 2979 esse
1044 2930 1282 2979 constat.
1322 2922 1514 2992 Neque
1552 2935 1683 2975 vero
1720 2918 2055 2991 ambiguitas
2094 2929 2191 2975 aut
2230 2919 2483 2976 confusio
2520 2920 2791 2988 exoritur,
2836 2923 2981 2995 quia

427 3034 450 3063 α
479 3027 676 3068 sensus
702 3010 795 3067 isti
821 3026 937 3067 non
964 3010 1400 3081 multiplicantur
1430 3015 1655 3079 propter
1684 3007 1813 3072 hoc,
1843 3006 1993 3079 quod
2029 3022 2140 3062 una
2178 3021 2279 3063 vox
2320 3008 2493 3063 multa
2530 3008 2843 3081 significet,
2880 3012 2983 3067 sed

421 3099 547 3170 quia
575 3099 728 3171 ipsae
751 3114 838 3154 res
863 3098 1203 3171 significatae
1229 3112 1329 3169 per
1351 3109 1512 3151 voces
1536 3095 1693 3167 sigua
1718 3109 1837 3149 esse
1861 3102 2089 3165 possunt
2114 3094 2347 3177 aliarum
2372 3111 2559 3151 rerum
2592 3116 2615 3149 ι
2645 3098 2725 3161 (S.
2762 3096 2981 3153 Thone-

419 3189 644 3241 Summa
675 3187 714 3242 1.
742 3190 836 3251 c.).

498 3312 556 3369 3.
602 3343 682 3352 -
723 3309 974 3369 Certum
1021 3326 1274 3388 quoque
1323 3308 1584 3369 omnino
1630 3310 1755 3380 est,
1808 3324 1885 3366 ex
1944 3308 2158 3385 typico
2210 3324 2393 3369 sensu
2442 3308 2726 3368 validum
2774 3325 2979 3386 posse

420 3406 664 3465 desumi
691 3411 1160 3484 argumentum,
1194 3402 1542 3466 dummodo
1571 3403 1650 3464 de
1674 3403 1887 3481 typica
1916 3404 2163 3463 ratione
2190 3408 2364 3463 certo
2395 3408 2660 3463 constet.

488 3508 811 3580 oppositam
855 3509 1184 3565 sententiam
1213 3518 1403 3563 tenere
1449 3506 1667 3563 videtur
1710 3509 1767 3562 S.
1822 3506 2105 3573 Thomas,
2136 3507 2182 3561 si
2215 3526 2243 3559 α
2266 3522 2332 3563 ex
2380 3508 2501 3563 solo
2548 3522 2715 3563 sensu
2760 3508 2977 3567 literali

363 3648 372 3655 .
419 3613 577 3667 posse
618 3595 768 3651 trahi
804 3604 1196 3669 argumentum
1238 3595 1461 3663 asserit,
1494 3610 1607 3650 non
1646 3603 1832 3649 autem
1870 3610 1935 3649 ex
1974 3594 2090 3657 his,
2122 3610 2264 3666 quae
2300 3594 2605 3650 secundum
2640 3595 2978 3668 allegoriam

419 3685 636 3757 (typice)
669 3683 928 3740 dicuntur
956 3706 982 3737 n
1023 3684 1079 3753 (l.
1120 3688 1213 3751 e.),
1247 3684 1406 3753 eique
1445 3681 1792 3738 consentiens
1829 3690 2021 3737 monet
2057 3683 2115 3737 S.
2152 3682 2550 3754 Hieronymus
2590 3702 2613 3735 ι
2657 3698 2977 3757 numquam

417 3770 741 3844 parabolam
769 3782 827 3828 et
854 3772 1082 3828 dubiam
1109 3771 1481 3842 aenigmatum
1507 3769 1926 3841 intelligentiam
1954 3784 2113 3841 posse
2135 3769 2205 3825 ad
2235 3771 2619 3827 auctoritatem
2637 3769 2977 3844 dogmatum

418 3860 688 3932 prolicere
711 3882 735 3911 n
768 3861 852 3933 (In
876 3860 1078 3916 Matth.
1125 3862 1322 3927 13,33).
1357 3862 1430 3912 At
1458 3856 1684 3912 evidens
1711 3865 1823 3925 est,
1854 3858 1946 3915 SS.
1978 3859 2248 3913 Doctores
2276 3859 2555 3929 Apostolis
2580 3858 2978 3917 contradicere

417 3948 688 4017 noluisse,
720 3947 815 4019 qui
854 3946 1176 4020 frequenter
1215 3962 1280 3999 ex
1320 3960 1484 3999 sensu
1525 3944 1707 4017 typico
1736 3952 2211 4016 argumentantur,
2241 3943 2340 4000 sed
2375 3945 2431 4002 id
2470 3945 2651 4001 solum
2688 3946 2973 4013 innuisse.

413 4035 598 4091 minus
625 4043 816 4107 aptum
843 4049 961 4091 esse
989 4048 1212 4089 sensum
1239 4032 1482 4105 typicum
1511 4030 1585 4087 ad
1612 4030 2147 4103 argumentandum,
2174 4032 2301 4103 quia
2330 4032 2399 4089 de
2428 4048 2495 4089 eo
2522 4050 2637 4090 non
2668 4033 2832 4091 facile
2862 4052 2977 4092 no-

416 4122 500 4178 bis
529 4130 765 4179 constat.
797 4122 978 4191 Quam
1018 4121 1259 4192 primum
1298 4135 1428 4175 vero
1467 4120 1582 4175 sive
1616 4135 1682 4174 ex
1721 4119 1948 4175 alterius
1975 4121 2259 4190 scriptoris
2294 4120 2550 4191 inspirati
2576 4122 2689 4177 sive
2724 4138 2793 4177 ex
2823 4139 2973 4180 una-

415 4209 554 4265 nimi
588 4209 1044 4280 interpretatione
1087 4210 1314 4263 Pati-um
1351 4208 1464 4263 sive
1501 4222 1569 4262 ex
1607 4206 1881 4263 Ecclesiae
1917 4205 2192 4263 infallibili
2230 4208 2549 4265 testimonio
2586 4209 2775 4281 typica
2820 4214 2974 4268 ratio

415 4296 645 4353 alicuius
683 4304 866 4352 textus
899 4296 1060 4351 nobis
1095 4294 1363 4365 innotuit,
1397 4310 1524 4351 eum
1554 4294 1749 4351 eadem
1778 4296 2017 4363 ratione,
2054 4309 2163 4367 qua
2200 4294 2501 4363 literalem,
2532 4296 2803 4355 adhibere
2842 4316 2973 4371 pos-

417 4398 638 4453 sumus3
679 4382 874 4439 eadem
911 4384 1062 4439 enim
1099 4382 1341 4451 ratione,
1375 4398 1482 4453 qua
1520 4382 1642 4451 ille,
1681 4390 1965 4439 auctorem
2006 4381 2172 4438 habet
2207 4382 2469 4455 Spiritum
2506 4386 2563 4441 S.
2604 4390 2791 4457 Atque
2824 4385 2971 4442 haec

415 4469 644 4541 quidem
668 4469 738 4526 de
765 4470 1242 4543 argumentatione
1283 4471 1472 4526 stricte
1511 4468 1823 4541 theologica
1853 4471 2067 4539 valent3
2098 4469 2325 4525 liberior
2356 4472 2502 4527 enim
2534 4486 2669 4529 usus
2699 4481 2971 4547 typorum

415 4556 688 4627 typicique
733 4574 926 4613 sensus
965 4558 1022 4613 in
1069 4557 1424 4613 concionibus
1469 4558 1833 4628 permittitur;
1870 4557 1969 4613 sed
2010 4559 2065 4613 in
2107 4558 2193 4614 his
2241 4574 2461 4631 quoque
2502 4558 2648 4616 duae
2674 4562 2971 4617 cautiones

415 4652 542 4698 sunt
570 4643 912 4701 adhibendae
945 4667 956 4701 :
991 4650 1075 4712 a.)
1105 4654 1167 4700 ut
1194 4661 1320 4703 vera
1359 4644 1504 4702 adsit
1542 4653 1735 4718 typum
1774 4647 1917 4702 inter
1956 4654 2011 4702 et
2038 4647 2349 4719 antitypum
2374 4649 2737 4721 congruentia
2776 4665 2967 4721 neque
