3050 5184
470 287 587 346 530
629 304 703 348 oa
731 305 871 348 Nov1
899 305 1066 348 rssr.
1101 305 1292 348 umus
1316 301 1667 350 n1nAcr1c1s.
1700 318 1777 332 -·
1806 305 1934 348 cap.
1966 304 2010 346 1.
2045 301 2120 348 nn
2146 303 2337 348 nmsr.
2374 301 2633 346 munins
2660 297 2909 344 nuxvnnsr.

468 423 695 488 rasset,
740 419 1172 498 Pamphyliae,
1219 418 1519 491 Pisidiae,
1561 419 1943 496 Lycaoniae,
1983 417 2029 478 i.
2076 436 2135 484 6.,
2176 435 2435 494 magnae
2482 417 2637 494 parti
2678 427 2915 474 romanae

472 515 822 589 provinciae
859 515 1160 586 Galatiae,
1194 515 1607 592 Evangelium
1639 516 2018 589 intulerunt;
2050 515 2283 575 frustra
2320 514 2489 573 enim
2520 511 2716 573 ludaei
2752 525 2920 587 perse-

468 609 819 671 cutionibus
849 611 978 671 suis
1003 629 1112 671 eos
1139 611 1488 672 absterrere
1518 613 1901 672 conabantur
1929 609 2396 691 (13‚13-14‚9.5).

533 715 846 770 Secundum
873 714 978 770 hoc
1005 715 1109 770 iter
1143 714 1661 786 ierosolymitanum
1688 715 1989 786 Apostolus
2016 715 2176 782 (Gal.
2210 716 2470 783 1,18-2,1)
2498 713 2703 768 silentio
2725 717 2919 780 praeter-

463 800 651 868 mittit,
677 801 806 872 quia
834 803 889 856 in
915 802 1011 858 illo
1040 803 1256 857 nullum
1285 802 1615 872 Apostolum
1642 801 1857 857 viderat
1886 803 1935 872 (α
1966 800 2038 856 ad
2064 801 2311 857 seniores
2332 821 2359 852 n
2392 799 2541 857 enim
2561 799 2797 864 mittitur,
2824 809 2924 866 quos

463 887 640 942 Lucas
662 888 720 943 in
749 895 881 944 Act.
916 895 1057 956 15‚2.
1080 897 1134 945 4.
1157 894 1212 944 6.
1243 892 1330 944 22.
1357 895 1456 956 23;
1485 895 1609 956 16,4
1638 899 1743 944 etc.
1776 889 1845 944 ab
1870 889 2150 960 Apostolis
2178 904 2398 960 semper
2424 886 2740 958 distinguit),
2762 890 2811 938 et
2832 889 2923 936 ante

455 974 601 1029 illud
629 975 742 1029 iam
770 974 868 1031 diu
895 984 1216 1031 exercuerat
1243 976 1611 1032 ministerium
1642 991 1804 1032 suum
1839 976 2236 1048 apostolicum,
2267 977 2345 1031 ita
2366 983 2431 1030 ut
2457 975 2527 1031 ad
2556 970 2923 1045 argumentatio·

465 1062 551 1116 nis
574 1077 705 1118 suae
731 1063 900 1118 finem
927 1062 1290 1119 obtinendum
1318 1064 1591 1119 rationem
1628 1063 1773 1121 illius
1815 1062 2028 1120 itineris
2070 1061 2545 1120 commemorandi
2583 1077 2693 1116 non
2728 1057 2921 1114 haberet.

461 1149 572 1204 Cur
603 1149 870 1204 visionem
894 1150 952 1204 in
979 1157 1013 1205 2
1042 1152 1180 1206 Cor.
1209 1156 1295 1207 12.
1337 1160 1831 1207 commemoratam
1858 1167 1987 1207 cum
2014 1151 2123 1207 hoc
2149 1150 2351 1206 itinere
2378 1151 2791 1222 coniungamus,
2819 1153 2925 1216 patet

462 1251 527 1290 ex
574 1236 932 1308 chronologia
977 1237 1249 1306 indicata3
1278 1238 1713 1310 quatuordecim
1754 1237 1915 1294 annis
1959 1239 2125 1305 enim,
2157 1247 2457 1310 antequam
2502 1235 2777 1308 epistolam
2816 1233 2925 1288 illam

463 1322 744 1389 scriberet,
791 1339 848 1379 se
886 1325 945 1380 in
993 1325 1306 1394 paradisum
1350 1333 1569 1396 raptum
1620 1341 1737 1382 esse
1783 1327 2005 1394 asserit3
2050 1325 2287 1396 epistola
2328 1331 2361 1380 2
2398 1326 2523 1381 Cor.
2575 1333 2751 1380 autem
2788 1336 2926 1375 versus

462 1408 632 1464 finem
649 1411 799 1467 tertii
819 1411 1030 1467 itineris
1048 1413 1105 1467 in
1123 1411 1451 1468 'Macedonia
1473 1414 1675 1483 scripta
1697 1423 1779 1468 est
1810 1414 1847 1468 i.
1872 1429 1923 1468 6.
1946 1421 2180 1470 exeunte
2198 1428 2247 1468 a.
2272 1419 2343 1469 58
2368 1412 2516 1484 (αἰτῇ
2541 1419 2635 1480 7,6
2656 1427 2705 1481 p.
2726 1416 2819 1466 552
2836 1423 2924 1478 sq.=.

462 1498 568 1552 iter
592 1502 778 1553 autem
808 1498 914 1554 hoc
941 1499 1450 1572 ierosolymitanum
1479 1509 1799 1571 susceptum
1824 1516 1875 1557 a.
1910 1507 2003 1557 44..
2032 1502 2210 1572 (Diss.
2242 1501 2367 1555 vu.
2400 1503 2431 1568 s
2460 1505 2586 1567 13,2
2618 1515 2671 1570 p.
2699 1500 2825 1562 523).
2852 1497 2929 1549 lter

463 1585 667 1654 ipsum,
700 1585 849 1657 quod
887 1588 940 1642 S.
983 1587 1163 1641 Lucas
1197 1587 1331 1642 satis
1367 1585 1486 1642 fuse
1514 1595 1733 1655 narrat,
1773 1589 1971 1644 saltem
2005 1587 2147 1643 duos
2186 1589 2273 1643 vel
2308 1594 2422 1643 tres
2456 1603 2633 1642 annos
2660 1584 2929 1641 absumsissr

468 1669 705 1740 videtur3
733 1680 819 1727 tot
852 1681 908 1728 et
935 1681 1090 1728 tanta
1129 1687 1256 1727 vero
1296 1674 1597 1744 Apostolus
1633 1675 1691 1729 in
1724 1674 1821 1730 illo
1858 1675 2111 1746 pertulit,
2138 1683 2201 1730 ut
2232 1689 2425 1730 versus
2460 1675 2607 1730 vitae
2640 1674 2820 1739 finem,
2842 1672 2873 1725 i.
2894 1685 2925 1721 e.

467 1759 588 1828 plus
613 1759 804 1831 viginti
842 1759 1003 1814 annis
1031 1769 1182 1826 post,
1219 1775 1392 1830 quum
1418 1760 1713 1816 Timotheo
1752 1762 2161 1832 persecutIones
2190 1761 2582 1833 passionesque
2618 1775 2742 1817 suas
2770 1760 2821 1815 in
2846 1772 2927 1812 me-

463 1847 697 1902 moriam
728 1861 986 1902 revocare
1027 1847 1211 1916 vellet,
1234 1846 1324 1903 illa
1365 1849 1695 1920 praeprimis
1732 1849 1779 1905 ei
1824 1858 2198 1916 occurrerent,
2234 1865 2379 1922 quae
2419 1863 2615 1921 passus
2650 1857 2763 1904 erat
2792 1846 2931 1902 Antio-

463 1933 647 1999 chiae,
686 1933 856 1992 Iconii
892 1942 948 1988 et
976 1933 1184 2006 Lystris
1210 1933 1261 2002 (2
1307 1936 1458 2010 Tim.
1481 1941 1639 2003 3‚11;
1668 1936 1750 1992 cl'r
1774 1943 1907 1993 Act.
1938 1944 2126 2006 13,50;
2161 1943 2306 2006 14,5.
2348 1941 2455 2003 18).
2498 1937 2681 1994 Maior
2715 1944 2931 1992 ten-amm

467 2035 620 2090 parS,
651 2036 788 2092 quas
813 2021 872 2076 iu
909 2020 1016 2077 hoc
1042 2021 1240 2078 itinere
1266 2021 1468 2078 Paulus
1497 2033 1554 2078 et
1586 2024 1869 2080 Barnabas
1904 2033 2299 2096 peragrarunt,
2326 2024 2399 2080 ad
2435 2039 2731 2080 romanam
2766 2022 2930 2094 provin-

456 2115 602 2172 ciam
648 2119 933 2174 Galatiae
976 2118 1313 2192 pertinebat,
1361 2118 1509 2173 unde
1558 2120 1783 2174 omnino
1830 2116 2119 2186 probabile
2160 2126 2270 2182 est,
2312 2115 2537 2170 nomine
2580 2137 2607 2166 «
2639 2113 2935 2170 ecclesiarum

465 2212 718 2268 Galatiae
747 2235 798 2276 ι),
823 2211 1021 2282 quibus
1048 2212 1255 2268 Paulus
1285 2213 1665 2284 gravissimam
1692 2213 1980 2283 epistolam
2006 2213 2249 2284 scripsit,
2278 2213 2401 2269 illas
2428 2225 2549 2267 esse
2576 2205 2933 2280 intelligendas.

465 2315 602 2371 quas
638 2299 964 2354 Antiochiae
998 2298 1258 2366 Pisidiae,
1307 2300 1498 2368 Iconii,
1538 2301 1753 2373 Lystris
1792 2309 1899 2357 etc.
1930 2301 1990 2356 in
2018 2300 2125 2356 hoc
2160 2300 2358 2356 itinere
2394 2297 2651 2355 fundavit
2684 2297 2783 2370 (cfr
2814 2291 2933 2366 infra

467 2391 498 2454 ς
525 2394 613 2454 6,ι
647 2403 702 2455 ρ.
735 2393 883 2453 544).

547 2541 605 2596 4.
636 2525 1134 2595 —Antiochiam
1157 2535 1367 2612 Syriae
1391 2538 1626 2596 reversi
1650 2537 1881 2598 Paulus
1912 2542 1976 2597 et
1996 2537 2306 2597 Barnabas
2330 2536 2654 2596 consuetis
2677 2532 2939 2595 laboribus

469 2649 688 2694 vacare
715 2636 1081 2709 coeperant,
1115 2631 1360 2709 quando
1390 2632 1946 2693 Iudaeochristiani
1979 2634 2233 2710 quidam
2258 2631 2523 2692 ethnicis
2553 2629 2870 2709 neophytis
2890 2625 2941 2684 ad

467 2728 1012 2788 circumcisionem
1043 2726 1280 2787 adactis
1309 2729 1745 2804 quaestionem
1775 2728 1852 2789 de
1882 2728 2186 2806 legalibus
2214 2729 2583 2789 excitarunt.
2606 2729 2815 2805 Itaque
2838 2738 2943 2783 cum

468 2824 782 2887 nonnullis
812 2824 950 2884 aliis
979 2824 1358 2901 lerosolyma
1385 2825 1563 2884 missi
1592 2825 1669 2884 ab
1698 2825 2016 2902 Apostolis
2047 2825 2368 2885 decretum
2398 2824 2829 2892 obtinuerunt,
2857 2836 2943 2894 qu„

467 2938 500 2981 a
525 2920 736 2981 rituali
776 2921 910 2997 lege
949 2919 1170 2979 solutis
1209 2919 1834 2980 Ethnicochristianis
1876 2937 2077 2997 pauca
2113 2920 2437 2982 dumtaxat
2471 2920 2729 2982 vitanda
2762 2914 2945 2998 praeci-

468 3017 820 3094 piebantur,
861 3019 931 3074 ut
969 3015 1212 3076 facilius
1249 3032 1392 3075 cum
1439 3015 2030 3076 Iudaeochristianis
2068 3017 2133 3075 in
2162 3033 2361 3077 unum
2402 3021 2664 3076 coetum
2697 3015 2945 3075 coalesce-

469 3117 628 3172 rent.
660 3112 791 3182 Qua
818 3111 1162 3189 apostolica
1191 3111 1560 3172 definitione
1592 3112 1969 3172 Antiocheni
2005 3129 2231 3191 magno
2269 3110 2501 3190 gaudio
2534 3115 2687 3172 sunt
2718 3109 2945 3187 impleti.

471 3208 580 3268 scd
611 3207 892 3284 quaestio
921 3207 1056 3284 ipsa
1084 3224 1210 3267 non
1250 3207 1434 3284 plane
1474 3209 1833 3267 terminata.
1865 3208 2048 3268 Brevi
2093 3208 2261 3268 enim
2305 3213 2446 3285 post
2481 3208 2599 3269 sub
2640 3207 2763 3268 alia
2799 3208 2948 3265 formu

469 3304 720 3375 revixit,
748 3321 942 3380 quum
965 3303 1219 3377 PetruS,
1248 3304 1351 3380 qui
1382 3303 1745 3364 Antiochiae
1776 3304 1950 3382 prius
1989 3321 2137 3365 cum
2166 3303 2433 3364 ethnicis
2466 3305 2803 3384 neophytis
2828 3303 2951 3360 vixo-

470 3406 592 3472 rat,
623 3399 700 3458 ab
731 3415 952 3458 eorum
979 3399 1273 3459 societate
1305 3417 1440 3459 sese
1470 3401 1860 3472 retraxisset,
1886 3417 1965 3460 ne
1987 3399 2579 3461 Iudaeochristianis
2608 3399 2951 3476 ierosolymi-

469 3497 633 3556 tanis
671 3485 961 3554 scandalo
1010 3498 1197 3554 esset.
1244 3495 1470 3555 Paulus
1510 3513 1689 3569 vere,
1725 3497 1832 3574 qui
1870 3495 1987 3557 hac
2022 3497 2193 3556 Petri
2232 3496 2453 3574 agendi
2492 3496 2741 3558 ratione
2780 3511 2951 3575 pac-em

469 3592 765 3653 ecclesiae
797 3589 1202 3664 antiochenae
1226 3592 1466 3652 turbari
1499 3591 1907 3670 ethnicosque
1932 3609 1970 3652 a
1997 3593 2121 3652 fide
2158 3593 2495 3653 absterreri
2518 3593 2717 3668 vidit,
2745 3593 2951 3654 Petrum

374 3691 376 3694 ’
468 3690 662 3748 libere
697 3686 1129 3764 reprehendit,
1159 3691 1346 3764 atque
1385 3692 1593 3748 morte
1624 3687 1854 3748 Christi
1883 3705 2009 3748 non
2036 3693 2280 3750 tantum
2312 3687 2627 3762 ethnicos„
2662 3689 2773 3752 sed
2809 3689 2953 3750 etiam

467 3785 730 3845 Iudaeos
757 3800 794 3842 a
819 3783 980 3860 Lege
1009 3783 1306 3842 liberatos
1337 3801 1473 3844 esse
1503 3785 1803 3844 ostendit.

533 3891 620 3943 De
644 3889 774 3942 Act.
810 3893 930 3954 15‚1
963 3901 1084 3957 sqq.
1124 3894 1178 3941 et
1209 3887 1346 3942 Gal.
1390 3893 1477 3955 2,1
1512 3903 1635 3960 sqq.
1668 3903 1941 3945 consensu
1977 3887 2063 3944 cfr
2092 3889 2253 3945 Diss.
2286 3891 2407 3945 VII.
2440 3889 2469 3963 ᾗ
2502 3897 2627 3959 123
2666 3907 2723 3962 p.
2762 3886 2958 3956 5213&

467 3991 612 4031 anno
641 3974 870 4031 Concilii
899 3973 1052 4028 ibid.
1083 3977 1114 4041 §
1145 3979 1268 4038 13,3
1296 3990 1348 4045 p.
1378 3981 1502 4030 524.
1538 3977 1658 4042 Quo
1687 3984 1939 4047 tempore
1962 3978 2159 4032 Petrus
2182 3977 2534 4034 Antiochiam
2566 3979 2863 4044 advenerit,
2888 3991 2955 4030 ac·

467 4071 656 4118 curate
690 4061 905 4118 definiri
939 4077 1054 4117 non
1085 4069 1284 4128 potest.
1322 4063 1461 4118 Tota
1497 4071 1685 4119 tamen
1721 4064 1879 4120 Pauli
1916 4064 2112 4120 relatio
2146 4064 2313 4136 (Gal.
2356 4071 2479 4133 2,11
2512 4071 2658 4138 sqq.)
2704 4075 2825 4139 post
2846 4067 2957 4121 Con·

467 4151 654 4206 cilium
681 4150 901 4206 finitum
927 4147 984 4205 id
1012 4148 1270 4204 accidisse
1299 4149 1563 4222 ostendit3
1593 4152 1799 4206 Paulus
1826 4161 2011 4207 autem
2040 4153 2156 4223 ipse
2192 4161 2315 4222 post
2336 4153 2643 4210 Concilium
2672 4155 2755 4210 bis
2784 4163 2958 4209 tantum

467 4237 790 4294 Antiochiae
829 4245 912 4291 est
947 4245 1349 4305 commoratuS,
1379 4236 1696 4292 immediate
1732 4247 1921 4308 postea
1960 4247 2258 4311 antequam
2294 4240 2601 4296 secundum
2636 4241 2741 4297 iter
2774 4247 2959 4312 aposto—

468 4325 636 4380 licum
655 4324 894 4394 suscepit
922 4327 1071 4389 (Act.
1098 4328 1279 4390 15,33.
1312 4329 1400 4391 36)
1427 4333 1482 4379 et
1499 4325 1707 4380 iterum
1728 4341 1794 4380 ex
1822 4325 2066 4382 secundo
2096 4327 2292 4383 itinere
2311 4327 2488 4383 redux
2508 4333 2653 4396 (Act.
2683 4333 2854 4396 18:22.
2876 4333 2959 4382 23.

467 4412 576 4468 Sed
603 4421 730 4468 ante
757 4410 1062 4466 secundum
1089 4411 1195 4467 iter
1223 4411 1369 4468 inter
1390 4414 1622 4467 Paulum
1652 4421 1708 4468 et
1734 4413 2047 4470 Barnabam
2070 4413 2183 4470 iam
2202 4414 2467 4471 dissensio
2493 4419 2679 4472 exorta
2708 4427 2840 4482 erat,
2870 4435 2889 4464 e
2914 4417 2959 4465 fl!

469 4499 833 4554 discederent
873 4499 951 4552 ab
995 4499 1242 4554 invicem
1283 4519 1307 4550 ι)
1339 4504 1491 4566 (Act.
1540 4499 1739 4572 15,39),
1772 4517 1955 4572 neque
1992 4499 2359 4570 improbabile
2402 4513 2512 4573 est,
2546 4505 2959 4563 inconstantiam,

471 4601 636 4656 quam
665 4583 946 4640 Barnabas
970 4586 1115 4641 Petri
1147 4588 1401 4658 exemplo
1429 4587 1689 4644 seductus
1720 4577 2039 4645 ostenderat
2062 4589 2227 4662 (Gal.
2258 4590 2429 4662 213),
2457 4590 2837 4648 dissensionem
2864 4603 2963 4660 pro·
