3050 5184
451 275 564 333 532
609 291 683 333 m:
712 289 857 332 uox-*1
887 289 1053 333 Tesr.
1087 289 1275 332 umus
1302 287 1666 332 mmo-nem.
1696 303 1775 314 -—
1800 285 1930 330 car.
1964 283 2009 328 1.
2044 285 2119 328 ne
2150 283 2331 327 ems-r.
2366 281 2641 326 raumms
2670 278 2957 324 umvsnse
3029 291 3031 294 ·

447 436 552 474 nos
587 419 828 491 scripsit3
861 421 1064 476 etenim
1099 441 1124 471 a
1149 419 1380 475 ulterius
1409 418 1594 475 locum
1632 433 1747 474 non
1780 416 1993 472 babens
2018 415 2075 470 in
2104 413 2466 470 orientalibus
2490 411 2804 483 regionibus
2826 433 2849 457 n
2874 411 2965 464 lli-

448 509 672 577 spaniae
693 506 858 562 tidem
879 508 1078 563 afferre
1097 507 1200 572 sibi
1229 513 1611 578 proposuerat,
1639 514 1806 576 atque
1834 504 1894 558 in
1920 503 2027 559 hoc
2048 503 2247 558 itinere
2276 515 2566 557 romanam
2594 497 2779 554 videre
2800 496 2967 552 eccle-

449 595 613 662 siam;
644 595 874 666 epistola
903 605 1088 650 autern
1111 611 1211 650 sua
1237 595 1382 650 viam
1409 593 1513 650 sibi
1540 607 1871 665 praeparare
1894 591 2071 647 voluit
2096 590 2282 662 (Rom.
2320 595 2481 658 15:23
2508 589 2679 658 sqq.).

531 719 586 778 7.
623 753 702 764 —
731 719 832 780 Uti
877 720 936 779 ei
983 719 1378 797 praedictum
1421 721 1583 792 erat,
1623 715 1855 776 Paulus
1892 715 2326 793 lerosolymis,
2370 711 2655 790 quamvis
2698 727 2735 771 a
2762 710 2969 770 Iacobo

449 816 726 876 monitus
757 815 836 875 ad
861 815 1232 876 Iudaeorum
1261 815 1605 875 calumnias
1632 812 2007 873 refellendas
2034 815 2249 871 votum
2282 811 2349 869 in
2378 809 2620 886 templo
2661 807 2963 866 solvisset.

449 913 623 972 velut
651 912 830 989 Legis
859 916 1214 972 contemtor
1241 911 1305 970 in
1331 911 1577 972 vincula
1604 910 1929 970 coniectus
1954 913 2049 970 est
2072 913 2263 986 atque
2293 908 2416 967 iter
2438 921 2625 966 suum
2648 920 2965 964 romanum

451 1008 575 1068 alio
605 1007 824 1082 mod0,
851 1025 1042 1085 quam
1067 1009 1186 1067 sibi
1218 1011 1658 1086 proposuerat,
1694 1008 1895 1066 facere
1926 1010 2175 1067 coactus
2208 1009 2325 1064 est.
2358 1004 2641 1063 Primum
2681 1001 2851 1060 enim
2882 1001 2966 1059 le·

449 1105 786 1182 rosolymis
837 1121 1046 1164 coram
1095 1104 1420 1182 synedri0,
1474 1103 1624 1165 dein
1671 1104 2005 1163 Caesareae
2062 1117 2275 1161 coram
2327 1099 2533 1160 Felice
2587 1102 2967 1176 procuratore

451 1205 640 1278 atque
671 1205 814 1279 post
841 1201 1214 1278 captivitatis
1243 1199 1571 1261 biennium
1600 1199 1833 1260 iterum
1864 1214 2072 1259 coram
2101 1201 2284 1258 Festo
2307 1197 2707 1275 procuratore
2736 1211 2967 1254 causam

453 1297 658 1358 dicere
688 1283 892 1358 iussus
921 1300 1240 1358 Caesarem
1270 1296 1625 1374 appellavit.
1650 1299 1862 1372 ltaque
1888 1299 2227 1355 auctumno
2252 1311 2309 1354 a.
2334 1295 2431 1353 61.
2461 1294 2728 1353 Romam
2756 1291 2970 1350 abduc-

453 1399 554 1454 tus
592 1399 715 1468 est,
750 1411 874 1472 quo
905 1400 1046 1472 post
1075 1393 1293 1454 infelix
1335 1394 1455 1453 iter
1491 1410 1638 1452 vere
1677 1392 2067 1470 insequentis
2094 1392 2245 1450 anni
2280 1389 2553 1451 advenit.
2586 1389 2681 1448 Ibi
2708 1392 2913 1448 autem
2940 1405 2972 1444 a

451 1490 697 1570 ludaeis
727 1490 1016 1569 repulsus
1050 1507 1163 1570 per
1187 1489 1515 1550 biennium
1544 1491 1612 1549 in
1637 1489 1875 1567 privata
1898 1488 2091 1549 domo
2118 1504 2263 1548 cum
2288 1487 2491 1546 milite
2517 1483 2782 1545 custode
2810 1483 2971 1544 babi-

452 1592 588 1648 tans
616 1587 882 1648 ethnicis
916 1586 1324 1664 Evangelium
1359 1586 1755 1646 annuntiavit
1782 1589 1967 1662 atque
1992 1585 2183 1645 simul
2220 1583 2629 1644 ecclesiarum
2665 1580 2907 1658 pridem
2938 1597 2970 1637 a

453 1701 518 1743 se
542 1682 942 1744 fundatarum
974 1700 1218 1743 memor
1242 1683 1362 1744 fuit
1392 1681 1547 1762 (Act.
1578 1681 2019 1762 21‚16-28,31).

520 1788 735 1855 Quanta
765 1803 893 1842 cum
919 1787 1202 1854 diligentia
1231 1787 1476 1843 ecclesiis
1499 1787 1614 1842 suis
1634 1787 1690 1841 in
1712 1787 2028 1858 captivitate
2056 1803 2156 1843 sua
2178 1785 2543 1858 invigilaverit
2558 1827 2573 1854 ‚
2596 1781 2859 1854 epistolae
2883 1781 2971 1836 illo

451 1884 698 1941 tempore
737 1875 823 1930 ad
859 1876 1284 1948 Philippenses,
1323 1875 1707 1943 Colossenses,
1740 1874 2163 1939 Philemonem,
2193 1874 2477 1948 Ephesios
2512 1872 2856 1942 conscriptae
2882 1869 2969 1923 de-

449 1971 788 2031 monstrant,
817 1979 884 2018 ex
915 1963 1112 2035 quibus
1144 1963 1311 2019 etiam
1339 1963 1545 2032 elucet,
1578 1978 1705 2018 eum
1734 1979 1834 2035 per
1862 1962 2161 2036 discipulos
2186 1963 2386 2018 missos
2411 1960 2535 2017 illas
2562 1960 2621 2014 in
2646 1957 2759 2014 fide
2788 1959 2971 2013 contir-

450 2067 628 2118 masse
656 2051 988 2122 illarumque
1017 2053 1236 2123 negotia
1274 2058 1562 2107 tractasse.
1596 2053 1775 2106 Immo
1812 2051 1979 2107 etiam
2018 2049 2089 2106 ad
2116 2051 2376 2106 ecelesias
2410 2047 2637 2119 speciali
2670 2061 2837 2102 curae
2866 2047 2970 2101 eius

447 2155 560 2194 non
598 2139 919 2194 commissas
969 2137 1400 2194 sollicitudinem
1454 2139 1812 2210 apostolicam
1868 2138 2140 2207 extendit3
2194 2137 2415 2194 biennio
2456 2137 2607 2192 enim
2650 2133 2969 2205 captivitatis·

446 2242 711 2282 romanae
740 2227 971 2299 epistola
1001 2227 1087 2282 ad
1115 2227 1418 2284 Hebraeos
1452 2235 1602 2282 recte
1626 2225 1866 2283 adscribi
1896 2226 2131 2283 videtur.

529 2353 586 2411 8.
620 2384 698 2404 -ν
725 2349 990 2410 Biennio
1028 2350 1404 2429 captivitatis
1443 2367 1737 2412 romanae
1780 2353 1974 2411 Lucas
2012 2349 2437 2410 narrationem
2475 2366 2659 2410 suam
2687 2347 2967 2408 terminat

450 2463 564 2507 nec
603 2448 742 2524 quis
783 2465 1007 2508 causae
1038 2447 1215 2508 Pauli
1247 2448 1448 2508 exitus
1477 2448 1669 2509 fuerit
1696 2447 1953 2508 indicat.
1981 2450 2275 2508 Attamen
2304 2449 2560 2508 Patrum
2596 2443 2965 2506 testimoniis

449 2545 600 2604 satis
625 2548 894 2616 constat,
923 2545 1294 2622 Apostolum
1325 2561 1579 2604 causam
1612 2561 1791 2604 suam
1817 2529 2039 2604 vicisse
2073 2546 2264 2621 atque
2302 2561 2337 2604 e
2366 2559 2619 2604 carcere
2644 2542 2963 2602 dimissum

445 2641 598 2700 alias
629 2641 1061 2719 expeditiones
1091 2641 1158 2700 in
1187 2641 1593 2702 Occidentem
1620 2645 1684 2701 et
1712 2641 2033 2702 Orientem
2062 2641 2446 2718 suscepisse,
2479 2655 2683 2716 usque
2727 2638 2885 2699 dum
2916 2653 2961 2693 a.

445 2739 543 2798 67.
577 2737 801 2798 eodem
832 2738 963 2809 die,
999 2755 1129 2816 quo
1159 2739 1221 2798 S.
1249 2739 1498 2809 PetruS,
1532 2741 1763 2798 Rornae
1788 2737 2089 2814 martyrio
2114 2740 2210 2797 est
2236 2740 2595 2797 coronatus.

513 2845 658 2897 Ante
694 2849 956 2898 aestatem
991 2857 1041 2898 a.
1061 2849 1188 2908 ·64.,
1222 2858 1332 2914 quo
1366 2849 1620 2916 tempore
1658 2843 1806 2897 Nero
1844 2842 2189 2897 Christianos
2224 2843 2441 2896 Romae
2478 2839 2739 2912 persequi
2776 2837 2965 2909 eoepit.

445 2929 675 2984 Paulum
701 2930 934 2985 vinculis
963 2944 1081 2985 esse
1114 2929 1440 2998 liberatum,
1463 2929 1585 2985 iure
1616 2929 1941 2997 asserimus3
1968 2937 2253 3000 tamquam
2278 2949 2303 2978 a
2326 2937 2493 2998 eaput
2520 2937 2707 2983 sectae
2736 2929 2965 2984 Nazare-

445 3033 643 3072 norum
673 3037 700 3068 ι)
731 3020 884 3085 (Act.
915 3018 1063 3088 24,5)
1093 3017 1244 3073 enim
1270 3026 1559 3072 aecusatus
1584 3025 1823 3072 mortem
1859 3033 1973 3074 non
2009 3016 2319 3088 effugisset,
2344 3015 2449 3072 nisi
2486 3025 2621 3073 ante
2644 3015 2964 3087 persecutio·

443 3120 570 3160 nem
616 3104 754 3160 liber
799 3108 910 3160 iam
959 3105 1165 3162 suisset.
1209 3105 1439 3161 Constat
1484 3113 1838 3170 autemeam
1884 3121 1937 3161 a.
1973 3111 2057 3161 14.
2090 3103 2325 3160 Neronis
2354 3104 2411 3171 (i.
2449 3120 2500 3160 e.
2530 3109 2601 3160 67
2642 3119 2760 3158 aer.
2808 3102 2963 3166 vulg.=

445 3193 612 3248 vitam
638 3192 881 3249 finivisse
912 3193 988 3260 (S.
1027 3193 1178 3249 Hier.
1214 3191 1285 3248 de
1317 3193 1434 3248 Vir.
1470 3193 1553 3248 iu.
1592 3198 1645 3248 3.
1676 3192 1759 3249 cfr
1800 3199 1893 3261 123
1926 3197 2068 3248 Eus.
2106 3193 2315 3249 Chron.
2358 3191 2431 3247 ad
2468 3207 2519 3246 a.
2568 3198 2654 3248 14.
2694 3191 2962 3246 Neronis.

442 3289 608 3350 atque
636 3289 848 3336 certum
872 3297 1092 3353 quoque
1122 3290 1221 3349 est,
1257 3297 1385 3336 eum
1415 3281 1823 3352 expeditionem
1848 3280 2206 3352 apostolicam
2232 3280 2291 3336 in
2320 3281 2643 3351 Hispaniam
2674 3279 2967 3349 suscepisse

443 3371 704 3438 (Fraym.
735 3371 1026 3424 Muracor.
1058 3371 1096 3424 l.
1125 3375 1213 3424 37.
1242 3375 1338 3438 38;
1361 3370 1419 3424 S.
1456 3371 1641 3426 Clem.
1674 3374 1838 3425 Rom.
1871 3375 1893 3425 1
1926 3371 2050 3426 Cor.
2074 3375 2139 3436 53
2166 3371 2225 3425 S.
2254 3368 2476 3426 Athan.
2510 3367 2581 3423 ad
2610 3371 2887 3424 Dracont.
2912 3375 2961 3420 -1,

439 3459 497 3511 S.
522 3455 690 3510 Hier.
718 3455 774 3510 in
803 3459 874 3511 ls.
901 3463 1030 3521 2,1o
1060 3462 1208 3525 ete).
1241 3457 1591 3529 Quapropter
1618 3456 1822 3529 duplex
1857 3457 2016 3513 Pauli
2043 3457 2333 3528 captivitas
2364 3455 2697 3512 admittatur
2728 3463 2960 3524 oportet.

441 3543 572 3615 quid
599 3551 784 3599 autem
812 3543 1139 3600 intermedio
1167 3553 1417 3615 tempore
1449 3547 1650 3618 egerit,
1680 3561 1855 3616 aeque
1886 3554 2102 3601 certum
2126 3560 2243 3600 non
2272 3554 2383 3608 est;
2417 3559 2545 3600 cum
2572 3543 2761 3616 aliqua
2794 3553 2964 3598 tamen

439 3629 825 3702 probabilitate
860 3631 993 3688 haee
1029 3633 1196 3688 asseri
1233 3640 1482 3700 possunt.
1513 3635 1818 3704 Postquam
1855 3648 2084 3688 causam
2120 3633 2425 3704 peroravit,
2458 3632 2647 3687 statim
2675 3632 2741 3686 in
2774 3631 2961 3700 Hispa-

437 3719 586 3776 niam
615 3719 922 3790 p1·ofectuS‚
947 3719 1044 3776 sed
1072 3720 1146 3776 ibi
1174 3736 1288 3776 non
1328 3719 1425 3776 diu
1451 3728 1830 3776 commoratus
1858 3729 2156 3776 auctumno
2186 3735 2237 3775 a.
2270 3726 2357 3775 64.
2392 3721 2447 3774 in
2470 3720 2763 3777 Orientem
2792 3731 2963 3774 rever-

436 3817 558 3863 tens
578 3809 800 3863 Cretam
829 3809 996 3874 venit,
1025 3807 1122 3864 ubi
1147 3809 1332 3864 Titum
1363 3807 1585 3880 reliquit
1610 3808 1745 3875 (Tit.
1782 3813 1919 3874 1,5);
1955 3806 2157 3863 deinde
2184 3807 2443 3863 ecclesias
2465 3808 2524 3862 in
2552 3809 2689 3862 Asia
2720 3807 2965 3862 fundatas

439 3894 670 3950 visitavit
691 3905 856 3967 atque
882 3895 1086 3967 Ephesi
1113 3897 1170 3951 in
1203 3895 1588 3952 Macedoniam
1616 3895 1971 3967 proficiscens
2004 3896 2232 3967 reliquit
2266 3895 2657 3962 Timotheum,
2692 3897 2785 3950 eui
2824 3889 2965 3948 breti

439 3991 620 4054 postea
638 3985 902 4056 priorem
931 3985 1252 4057 epistolam
1281 3985 1498 4055 scripsit
1515 3984 1575 4038 in
1596 3999 1703 4055 qua
1724 3985 1833 4039 cito
1862 4000 1921 4040 se
1944 3999 2301 4040 reversurum
2318 3999 2437 4040 esse
2461 3983 2718 4055 promisit
2738 3990 2787 4051 (1
2822 3981 2957 4036 Tim.

437 4074 604 4144 3,14).
635 4075 846 4128 Revera
876 4073 1112 4128 alterum
1149 4074 1254 4127 iter
1281 4072 1335 4126 in
1365 4072 1556 4127 Asiam
1586 4070 1804 4128 videtur
1832 4073 2167 4144 suscepisse3
2194 4071 2325 4130 inde
2355 4088 2454 4143 per
2480 4071 2740 4129 Miletum
2764 4073 2823 4126 in
2854 4069 2961 4122 Mu·

434 4159 720 4214 cedoniam
749 4169 805 4215 et
820 4161 1112 4217 Graeciam
1139 4158 1420 4232 profectus
1443 4163 1641 4216 Titum
1672 4161 1931 4232 epistola
1960 4161 2237 4230 invitavit,
2264 4169 2327 4216 ut
2348 4159 2660 4231 Nicopolim
2680 4159 2757 4226 (in
2778 4157 2955 4226 Epiro·

431 4246 500 4301 ad
531 4263 588 4302 se
615 4248 823 4303 veniret
849 4249 988 4316 (Tic,
1019 4250 1182 4318 3‚12).
1217 4247 1466 4304 Corinthi
1493 4249 1551 4304 S.
1581 4250 1810 4304 Petrum
1839 4249 2075 4318 invenit,
2106 4263 2237 4304 cum
2264 4241 2375 4320 qffo
2409 4252 2651 4304 Romam
2686 4245 2962 4318 profectus

431 4343 514 4390 est
539 4335 614 4402 (S.
646 4337 880 4407 Dionys.
916 4337 1048 4393 Cor.
1081 4335 1228 4408 apud
1252 4339 1377 4392 Eus.
1407 4339 1480 4391 H.
1513 4339 1578 4392 E.
1612 4337 1688 4392 11.
1718 4339 1827 4407 24).
1858 4337 1923 4392 ln
1946 4336 2102 4392 Urbe
2128 4337 2331 4393 iterum
2356 4337 2417 4393 in
2443 4337 2659 4394 vincula
2684 4335 2961 4391 coniectu>

431 4421 620 4478 ultima
655 4439 752 4479 sua
785 4424 1040 4496 epistola
1073 4424 1440 4481 Timotheum
1463 4422 1538 4479 ad
1566 4441 1626 4480 se
1667 4425 1951 4494 invitavit,
1977 4434 2143 4497 atque
2180 4423 2389 4482 ibidem
2422 4447 2449 4476 α
2480 4423 2580 4482 sub
2614 4419 2895 4496 praesectis
2934 4436 2955 4463 ι

432 4512 510 4573 (S.
545 4511 722 4566 Clem.
757 4517 918 4568 Rom.
952 4521 978 4568 1
1009 4513 1137 4569 Cor.
1169 4514 1222 4584 5)
1262 4514 1531 4583 Tigellino
1563 4523 1618 4569 et
1656 4513 1999 4586 Nymphidio
2030 4511 2119 4570 die
2146 4519 2236 4571 29.
2276 4514 2419 4570 Iunii
2448 4529 2498 4571 a.
2530 4519 2619 4570 67.
2647 4511 2835 4581 capitis
2860 4507 2959 4559 oh-

431 4599 777 4653 truneatione
807 4599 1103 4670 gloriosam
1128 4602 1384 4672 martyrii
1413 4602 1657 4674 palmam
1680 4601 1941 4658 obtinuit.
