3050 5184
446 248 565 306 306
696 264 771 308 m:
814 265 951 309 var.
1002 266 1253 309 TESTAM.
1300 265 1496 310 Lienis
1537 265 1886 310 aimei-tels.
1935 285 2014 294 -
2057 266 2189 311 car.
2241 268 2308 311 11.
2357 267 2432 310 nu
2471 266 2648 312 uano
2689 265 2799 309 1013.

518 400 571 448 2.
599 395 866 452 Secunda
884 399 1083 452 concio
1117 400 1384 466 (ΜΛ-37)
1416 397 1722 454 iustitiam
1753 398 2026 454 divinam
2049 397 2332 453 vindicat.
2355 428 2425 438 —-
2454 397 2648 452 Verbis
2675 394 2944 454 nonnullis,

692 482 891 554 quibus
929 483 1029 539 Iob
1067 486 1247 540 Deum
1276 483 1573 540 iniustitiae
1610 485 1886 542 incusasse
1919 485 2228 555 videbatur,
2261 485 2586 557 vituperatis
2617 485 2835 554 (s4,1-9)
2867 482 2949 536 Dei

694 571 956 626 iustitiam
984 587 1052 627 ex
1080 572 1199 627 eius
1226 587 1443 640 amore,
1476 571 1724 640 iudiciiS,
1757 573 1980 628 scientia
2011 572 2355 628 demonstrat
2380 574 2696 643 (tuno-37).

520 661 568 709 3.
610 659 1043 714 Tertiaconcio
1073 661 1357 728 (35,1-16)
1384 660 1636 732 pietatis
1663 661 1984 715 utilitatem
2013 659 2199 717 docet.
2229 693 2300 701 —
2328 662 2538 715 Iterum
2577 675 2608 713 a
2645 657 2766 714 lobi
2801 656 2956 712 verbis

692 745 957 801 inchoans
985 763 1098 802 non
1128 749 1247 802 Deo
1274 747 1373 803 sed
1402 747 1614 802 homini
1643 746 1745 818 ipsi
1772 746 1946 803 bonas
1975 748 2060 803 vel
2089 748 2262 804 malas
2299 748 2545 803 actiones
2570 747 2736 802 utiles
2763 745 2844 800 vel
2869 761 2956 798 no-

694 833 843 888 civas
870 849 989 888 esse
1018 833 1182 890 docet
1214 835 1446 904 (35,1-8)
1473 833 1782 905 explicanS,
1815 850 1917 891 cur
1943 837 2094 891 Deus
2134 851 2248 891 non
2281 835 2466 890 statim
2503 849 2727 904 semper
2765 833 2958 904 piorum

691 934 884 990 preces
910 919 1168 977 exaudiat
1190 923 1467 994 (35,9-16).

516 1011 571 1060 4.
600 1009 837 1077 Quarta
866 1010 1067 1064 concio
1099 1014 1462 1079 (36,1-37‚24)
1500 1010 1831 1064 accuratius
1863 1009 2146 1074 ostendit,
2179 1013 2358 1065 Deum
2393 1009 2842 1065 calamitatibus
2871 1007 2958 1060 Ιιο-

692 1099 874 1150 mines
894 1097 1153 1152 erudire.
1187 1129 1258 1137 -
1278 1101 1431 1152 Deus
1458 1099 1632 1152 iustos
1669 1097 1904 1152 al'tlictos
1932 1113 2040 1153 non
2070 1097 2402 1168 derelinquit
2431 1097 2528 1153 sed
2556 1106 2744 1152 servat
2771 1105 2825 1151 et
2851 1109 2962 1148 eru-

696 1181 795 1252 dit,
818 1191 985 1254 atque
1012 1185 1086 1239 ita
1116 1186 1228 1257 egit
1251 1201 1376 1240 cum
1398 1184 1498 1240 Iob
1526 1185 1812 1254 (36‚1-21);
1840 1185 2026 1256 itaque
2053 1185 2176 1240 Eliu
2203 1184 2388 1240 divina
2417 1184 2681 1256 sapientia
2711 1181 2962 1238 celebrata

695 1279 857 1344 rogat
886 1272 1107 1342 lobum,
1136 1280 1199 1326 ut
1226 1287 1383 1328 suam
1412 1273 1777 1343 ignorantiam
1807 1273 2134 1328 confiteatur
2160 1273 2447 1344 (ΜΛ-24).

516 1359 751 1414 Tanna
778 1375 930 1416 PAns
962 1361 1274 1430 (ssa-426)
1307 1360 1540 1415 duobus
1557 1357 1922 1416 sermonibus
1949 1366 2208 1425 constat,
2235 1361 2448 1434 quibus
2469 1363 2618 1415 Deus
2646 1375 2772 1427 eos,
2801 1357 2964 1430 quiin

448 1461 590 1500 suae
613 1447 1018 1518 providentiae
1052 1449 1336 1518 mysteria
1370 1451 1659 1504 curiosius
1693 1449 2026 1520 inquirunt,
2063 1448 2150 1504 ad
2175 1448 2478 1504 silentium
2507 1447 2750 1518 rediqit.

523 1539 569 1588 1.
593 1536 769 1588 Prior
802 1551 992 1590 sermo
1011 1535 1255 1591 divinus
1273 1539 1506 1609 Iobique
1534 1537 1842 1591 excusatio
1866 1536 2249 1607 (38,1-39,35).
2282 1567 2353 1577 -
2383 1535 2562 1590 Variis
2587 1533 2968 1606 iuterrogatio-

692 1621 857 1678 nibus
884 1623 952 1678 de
983 1625 1159 1694 prima
1197 1639 1384 1679 rerum
1418 1624 1696 1679 creatione
1729 1627 2016 1694 (38,1-15),
2056 1624 2126 1679 de
2163 1633 2396 1678 naturae
2437 1623 2644 1678 viribus
2682 1631 2970 1677 astrorum-

696 1725 803 1780 que
826 1725 993 1766 cursu
1018 1714 1339 1780 (asae-38),
1369 1710 1439 1766 de
1468 1711 1790 1766 animalium
1819 1723 1943 1765 ortu
1974 1719 2029 1766 et
2057 1711 2166 1765 vita
2195 1713 2584 1780 (38‚39·39,30)
2607 1715 2760 1766 Deus
2787 1707 2968 1763 lobum

693 1797 1040 1868 ignorantiae
1077 1800 1352 1854 convincit
1384 1803 1559 1868 (39,31
1593 1800 1732 1869 sq.),
1767 1801 1871 1871 qui
1899 1797 2304 1854 inconsiderate
2333 1813 2390 1853 se
2420 1812 2539 1853 esse
2563 1797 2813 1852 locutum
2846 1795 2970 1850 l'ate-

692 1894 785 1939 tur
814 1889 1129 1956 (39,33-35).
1727 1913 1732 1918 ·

517 1977 569 2026 2.
599 1972 762 2026 Alter
780 1989 969 2028 sermo
998 1974 1236 2029 divinus
1264 1981 1318 2030 et
1347 1974 1473 2028 lobi
1500 1975 1812 2029 excusatio
1841 1974 2180 2042 (40‚1-42‚6).
2212 2003 2283 2012 —-
2308 1972 2490 2040 Quam
2517 1988 2720 2044 parum
2749 1981 2970 2028 conteu-

694 2058 827 2115 dere
854 2075 1038 2116 secum
1066 2061 1236 2132 possit
1268 2061 1454 2129 homo,
1488 2060 1732 2116 ostendit
1756 2064 1906 2115 Deus
1935 2076 2092 2115 suam
2121 2060 2426 2131 potentiam
2451 2059 2758 2115 infirmitati
2789 2060 2968 2115 huma-

691 2163 797 2203 nae
826 2164 1108 2219 opponens
1138 2149 1195 2202 in
1225 2148 1591 2219 descriptione
1621 2147 1857 2203 duorum
1879 2147 2222 2216 animalium,
2248 2163 2388 2218 quae
2415 2148 2530 2217 ipse
2549 2149 2791 2215 creavit,
2817 2148 2970 2202 homo

693 2243 879 2291 autem
912 2235 1218 2308 gubernare
1255 2237 1445 2307 nequit
1484 2237 1874 2304 (40,1·-41,25);
1906 2233 2147 2289 divinam
2181 2235 2351 2306 igitur
2381 2235 2686 2305 potentiam
2717 2243 2774 2291 et
2816 2237 2969 2291 scien·

695 2323 847 2389 tiam,
876 2339 1032 2379 suam
1059 2339 1192 2379 vero
1222 2324 1590 2395 ignorantiam
1619 2321 1894 2393 professus
1911 2321 2015 2377 Iob
2041 2323 2254 2377 veniam
2281 2330 2537 2392 precatur
2570 2324 2824 2391 (ΩΑ-6).

518 2411 580 2464 ln
610 2425 879 2467 arnono
908 2426 1205 2468 Pnosnco
1238 2413 1499 2482 (42,7-16)
1529 2413 1677 2466 Deus
1704 2417 1816 2465 tres
1843 2410 2049 2465 amicos
2083 2409 2448 2481 vituperasse,
2479 2409 2615 2465 Iobo
2661 2409 2970 2466 felicitatem

448 2498 673 2568 pristina
697 2497 959 2553 maiorem
987 2499 1286 2555 restituisse
1314 2507 1590 2555 narratur.

524 2650 582 2707 3.
608 2681 686 2690 —-
715 2647 911 2718 Quem
950 2649 1141 2707 finem
1174 2649 1236 2708 in
1279 2648 1398 2708 hoc
1434 2651 1726 2724 poemate
1765 2651 1984 2707 auctor
2021 2647 2139 2706 sibi
2183 2647 2619 2724 proposuerit,
2653 2665 2970 2726 argumen—

448 2751 585 2804 tum
614 2745 823 2821 ipsum
852 2743 1056 2802 docet.
1084 2744 1331 2802 Variam
1360 2745 1533 2803 enim
1561 2748 1624 2802 et
1651 2742 2068 2820 multiplicem
2099 2761 2234 2803 esse
2264 2743 2702 2820 providentiae
2732 2745 2970 2804 divinae

444 2841 755 2901 rationem
785 2839 1090 2912 ostendit,
1124 2839 1367 2899 homini
1391 2845 1635 2911 autem,
1668 2840 1776 2916 qui
1806 2839 1906 2898 vel
1937 2840 2104 2918 ipsas
2135 2857 2236 2898 res
2269 2839 2552 2899 visibiles
2590 2840 2871 2917 ignoret,
2905 2839 2971 2897 do

444 2938 706 2997 occultis
736 2935 862 2996 illis
900 2935 1138 2995 normis
1178 2953 1302 2996 non
1342 2936 1531 2996 licere
1571 2935 1878 3008 iudicare,
1913 2936 2261 2996 secundum
2301 2953 2454 3012 quas
2499 2939 2666 2996 Deus
2711 2935 2970 3014 singulis

446 3051 746 3112 prospera
772 3034 873 3092 vel
901 3032 1161 3092 adversa
1191 3031 1546 3092 distribuat.

512 3151 571 3202 S.
618 3146 871 3201 Thomas
909 3145 1037 3200 libri
1074 3145 1437 3200 intentionem
1476 3146 1534 3200 in
1580 3145 1798 3201 divinae
1837 3143 2211 3216 providentiae
2249 3144 2725 3201 demonstratione
2771 3143 2972 3200 versari

447 3249 641 3303 parum
665 3241 814 3288 recte
844 3234 1073 3304 putavit,
1100 3249 1205 3288 nec
1235 3233 1433 3288 rectius
1464 3237 1735 3303 Lyranus
1761 3241 1816 3288 et
1839 3234 2042 3288 Estius
2071 3248 2192 3288 eam
2230 3233 2289 3287 in
2327 3232 2666 3304 quaestionis
2705 3233 2972 3288 solutione

444 3328 762 3392 posuerunt,
802 3340 829 3370 α
855 3325 1059 3375 utrum
1089 3322 1239 3375 Deus
1266 3321 1423 3376 iustis
1448 3320 1744 3392 aliquando
1775 3320 2002 3376 adversa
2032 3321 2313 3388 immittat,
2337 3337 2409 3376 au
2429 3336 2558 3376 vero
2583 3321 2746 3376 iustis
2767 3328 2972 3375 tantum

443 3409 589 3464 bona
618 3416 672 3464 et
698 3408 917 3463 iniustis
946 3415 1162 3462 tantum
1199 3408 1345 3462 mala
1374 3428 1425 3462 n.
1469 3409 1714 3479 Longius
1753 3407 2111 3475 aberrarunt,
2152 3407 2246 3478 qui
2293 3406 2623 3464 Iudaeorum
2665 3409 2970 3480 persuasio·

444 3513 573 3552 nem
600 3499 687 3566 (?),
733 3515 761 3546 α
803 3511 997 3551 omnes
1034 3511 1123 3551 res
1164 3494 1423 3550 adversas
1460 3511 1578 3550 esse
1621 3494 1919 3550 actualium
1964 3503 2314 3565 peccatorum
2353 3509 2558 3564 poenas
2599 3503 2772 3566 atque
2811 3495 2972 3550 iustos

444 3599 669 3656 semper
699 3585 761 3638 in
790 3583 895 3638 Ιιαο
919 3588 1087 3638 terra
1113 3583 1417 3652 praemium
1446 3581 1664 3636 virtutis
1692 3581 1934 3651 recipere
1962 3603 1986 3632 ι)
2007 3624 2021 3649 ,
2053 3583 2366 3653 impugnari
2405 3580 2704 3636 duxerunt.
2743 3583 2972 3653 Longis-

442 3673 579 3728 sime
604 3671 829 3726 demum
858 3670 1209 3735 aberrarunt,
1240 3669 1335 3740 qui
1362 3669 1415 3724 in
1442 3669 1724 3740 (piissimo)
1757 3669 1891 3724 Iobo
1919 3669 2040 3740 (per
2063 3668 2414 3739 daemonem)
2438 3669 2646 3724 afflicto
2677 3669 2974 3742 symbolice-

440 3765 917 3829 repraesentatum
956 3758 1216 3813 viderunt
1254 3757 1517 3827 populum
1562 3758 1730 3812 Israel
1775 3756 1866 3822 (ob
1905 3755 2223 3828 gravissima
2262 3755 2494 3810 crimina
2530 3772 2563 3811 a
2601 3757 2744 3827 Deo)
2788 3757 2972 3812 exsilio

441 3848 787 3902 mulctatum.
818 3876 887 3886 —
914 3844 1059 3902 Satis
1082 3844 1231 3899 clare
1251 3842 1413 3900 docet
1442 3853 1653 3912 auctor,
1678 3844 1856 3898 varias
1883 3859 2000 3899 esse
2022 3844 2398 3899 calamitatum
2427 3858 2638 3898 causas.
2666 3842 2790 3899 lobi
2818 3841 2970 3900 amici

440 3932 501 3989 in
527 3934 646 3988 Deo
674 3933 854 3988 solum
880 3948 1143 3988 severum
1173 3933 1421 3988 iudicem
1448 3939 1754 4003 agnoscunt
1781 3930 2107 3986 inexorabili
2135 3946 2261 3986 cum
2290 3929 2598 4002 rigiditate,
2631 3939 2695 3984 ut
2723 3931 2974 3988 ordinem

443 4019 684 4076 iustitiae
711 4019 971 4086 vindicet,
1002 4019 1149 4074 mala
1176 4020 1337 4073 malis
1366 4027 1422 4073 et
1447 4017 1592 4073 bona
1614 4016 1776 4073 bonis
1805 4019 1868 4072 in
1891 4017 2005 4073 hac
2023 4023 2188 4073 terra
2215 4017 2642 4088 rependentem;
2665 4017 2790 4073 Elin
2825 4019 2880 4073 in
2913 4033 2972 4072 eo

444 4107 610 4162 etiam
642 4107 955 4177 beniqnum
980 4113 1209 4179 patrem
1238 4106 1501 4178 agnoscit,
1537 4105 1652 4178 qui,
1686 4114 1746 4160 ut
1787 4105 1962 4160 filium
1995 4105 2198 4160 certius
2226 4121 2257 4160 a
2287 4105 2433 4160 malo
2462 4113 2700 4172 avertat,
2741 4105 2976 4160 leviores

445 4209 665 4264 quoque
689 4209 895 4250 naevos
920 4193 1203 4250 interdum
1233 4191 1575 4264 gravioribus
1597 4192 1792 4263 poenis
1819 4193 2050 4264 castigat
2089 4193 2301 4262 (33,29;
2343 4197 2502 4260 36‚1o
2539 4197 2718 4264 sqq.);
2753 4193 2970 4248 tertiam

444 4281 820 4336 calamitatum
845 4298 1067 4338 causam
1094 4281 1301 4336 indicat
1324 4281 1587 4350 prologus
1615 4278 1842 4346 docenS,
1873 4279 2026 4350 pium
2057 4277 2252 4335 Iobum
2274 4279 2626 4350 permittente
2652 4282 2774 4334 Deo
2801 4277 2970 4334 amic—

444 4374 567 4422 tum
592 4381 729 4434 esse,
760 4377 823 4424 ut
849 4368 965 4423 eius
1004 4369 1178 4424 virtus
1219 4367 1548 4439 probaretur
1576 4375 1633 4422 et
1668 4381 1856 4422 coram
1903 4375 2021 4422 toto
2064 4366 2272 4422 mundo
2308 4366 2780 4422 manifestaretur.
2823 4367 2970 4436 Quo-

444 4451 593 4508 niam
620 4467 805 4510 autem
834 4456 1017 4511 variae
1042 4463 1170 4511 sunt
1190 4456 1568 4511 calamitatum
1591 4469 1808 4524 causae,
1840 4454 1966 4509 Eliu
1989 4455 2100 4510 iam
2127 4470 2354 4510 monere
2381 4453 2593 4525 incipit,
2617 4471 2687 4509 ne
2709 4453 2888 4508 homo
2907 4449 2972 4505 de

444 4540 662 4598 divinae
685 4541 1060 4614 providentiae
1089 4541 1395 4600 rationibus
1422 4540 1670 4598 iudicare
1701 4549 2044 4614 praesumat,
2073 4551 2238 4613 atque
2268 4544 2418 4598 Deus
2449 4541 2570 4614 ipse
2593 4541 2702 4598 suis
2723 4539 2970 4596 interro-
