3050 5184
874 327 951 374 nn
991 331 1040 373 e.
1089 328 1338 374 mamus
1377 328 1669 374 Ares-rom
1713 329 1873 374 vrrA.
2522 313 2640 374 499

193 459 239 510 A
277 472 380 528 quo
423 458 756 531 imperatore
796 463 852 517 S.
901 463 1138 517 loannes
1180 461 1237 516 in
1278 460 1516 516 insulam
1567 462 1824 518 Patmum
1864 461 1933 517 sit
1972 462 2279 534 relegatus,
2320 459 2641 518 omnimoda

127 543 333 614 quidem
367 561 492 602 cum
531 547 862 604 certitudine
903 564 1016 604 non
1043 557 1287 616 constat3
1319 564 1536 604 summa
1568 557 1757 604 autem
1798 563 1925 604 cum
1965 548 2441 606 verisimilitudine
2484 548 2639 604 illam

127 631 502 704 relegationem
531 634 602 690 ad
642 635 944 692 Domitiani
973 637 1202 708 (St—96)
1230 636 1669 707 persecutionem
1712 635 2023 692 referimus,
2066 637 2212 692 Nam
2246 637 2399 693 illam
2434 634 2643 692 indicat

125 719 279 774 claris
305 720 480 777 verbis
507 723 568 778 S.
597 727 866 780 irenaeus
899 744 924 774 «x
956 739 1072 780 non
1099 731 1228 779 ante
1255 723 1486 796 longum
1517 723 1787 795 temporis
1818 724 2087 795 spatium,
2118 723 2217 780 sed
2257 722 2369 780 fere
2406 721 2508 779 sub
2538 737 2640 778 suo

125 807 327 862 saeculo
363 807 434 864 ad
464 809 632 866 finem
671 811 890 882 imperii
932 811 1236 867 Domitiani
1267 831 1292 864 n
1326 811 1696 884 Apocalypsin
1724 810 1899 868 visam
1936 827 2053 868 esse
2090 827 2368 879 asserens3
2402 825 2639 883 quocum

125 895 460 950 consentiunt
489 899 548 954 S.
585 900 936 956 Victorinus
971 904 1178 956 Petav.
1207 899 1288 966 (in
1323 902 1500 970 Apoc.
1540 905 1726 969 10,11;
1760 903 1969 968 17,1o),
2000 899 2280 956 Eusebius
2312 898 2537 966 (Chron.
2569 894 2641 952 ad

125 982 320 1037 Domit.
347 999 397 1038 a.
433 987 548 1056 14),
574 986 633 1042 S.
665 987 1064 1056 Hieronymus
1091 991 1162 1053 (c.
1195 987 1368 1044 lovin.
1403 988 1448 1042 Ι.
1479 992 1579 1055 26;
1618 985 1691 1042 de
1717 987 1836 1042 Vir.
1866 987 1945 1042 ill.
1988 989 2099 1057 9.);
2125 1002 2307 1058 neque
2349 985 2639 1042 dissentire

124 1067 328 1125 dicendi
353 1081 483 1128 sunt
514 1073 774 1129 Clemens
810 1074 983 1129 Alex.
1011 1074 1168 1143 (Quis
1199 1073 1355 1130 dives
1381 1074 1516 1130 salv.
1555 1077 1647 1144 42)
1678 1081 1735 1130 et
1762 1075 2041 1146 oriqenes
2073 1075 2149 1142 (in
2181 1074 2383 1130 Matth.
2412 1082 2456 1130 t.
2482 1073 2638 1130 X'VI.

123 1163 197 1226 6),
223 1158 312 1229 qui
331 1173 534 1214 nomen
563 1160 916 1232 imperatoris
943 1169 1157 1232 tacent,
1189 1169 1285 1217 aut
1323 1161 1730 1218 Tertullianus
1770 1159 1862 1228 (de
1886 1163 2137 1218 Praescr.
2170 1167 2291 1230 36),
2334 1162 2429 1235 qui
2473 1161 2641 1217 etiam

123 1245 336 1300 nomine
355 1246 706 1318 imperatoris
731 1265 846 1304 non
868 1263 1130 1321 expresso
1155 1249 1318 1304 simul
1345 1249 1535 1316 refert,
1562 1257 1690 1304 ante
1712 1249 2107 1322 relegationem
2136 1251 2403 1306 loannem
2428 1250 2641 1304 Romae

125 1334 178 1386 in
203 1332 380 1388 oleum
407 1335 632 1408 igneum
659 1336 986 1392 immersum
1009 1335 1108 1392 scd
1133 1336 1276 1392 nihil
1301 1337 1514 1392 laesum
1539 1350 1675 1393 esse.
1708 1337 1871 1394 Solus
1897 1336 2149 1393 dissentit
2170 1337 2229 1392 S.
2260 1336 2641 1410 Epiphanius

123 1421 302 1484 (Haer.
329 1427 512 1489 51,12.
559 1427 648 1491 33)
677 1424 838 1496 lapsu
873 1425 1200 1492 memoriae,
1241 1433 1305 1480 ut
1343 1423 1583 1491 videtur,
1616 1424 1863 1480 exsilium
1890 1423 2139 1496 Apostoli
2166 1424 2402 1496 tempori
2430 1419 2642 1479 Claudii
2726 1476 2737 1488 ,

123 1513 370 1576 (ιιι-54.)
405 1511 722 1582 assignan33
773 1511 1244 1584 Theopllylaclus
1271 1527 1404 1568 vero
1448 1513 1531 1568 vel
1570 1511 1701 1568 ideo
1737 1511 1884 1568 inter
1922 1519 2087 1568 testes
2117 1512 2393 1568 recenseri
2422 1510 2637 1581 nequit,

119 1595 242 1666 quia
270 1596 400 1652 satis
423 1613 616 1654 recens
644 1607 700 1653 et
724 1599 828 1655 sibi
851 1616 966 1655 non
989 1608 1250 1656 constans
1269 1601 1439 1656 semel
1463 1599 1566 1655 sub
1592 1601 1815 1656 Nerone
1840 1600 2008 1667 (Prol.
2034 1599 2091 1655 in
2118 1602 2317 1668 loan.),
2343 1599 2515 1656 semel
2538 1597 2641 1654 sub

119 1683 349 1739 Traiano
370 1685 446 1750 (in
475 1684 675 1742 Matth.
703 1691 888 1756 20,23)
919 1687 1290 1760 Apocalypsin
1318 1686 1583 1758 scriptam
1606 1702 1725 1743 esse
1748 1685 1901 1743 dicit.

185 1771 482 1826 Domitiani
505 1787 792 1829 successor
820 1775 1000 1831 Nerva
1032 1774 1467 1846 praedecessoris
1495 1775 1581 1830 sui
1605 1773 1829 1831 decreta
1857 1775 2111 1844 rescidit,
2130 1777 2207 1831 ita
2236 1784 2300 1831 ut
2327 1775 2381 1832 S.
2406 1775 2643 1831 Ioannes

117 1857 390 1928 Ephesum
417 1861 622 1917 reverti
649 1870 814 1933 atque
842 1861 1028 1918 denuo
1051 1863 1311 1919 ecclesias
1334 1863 1588 1918 asiaticas
1614 1877 1806 1936 regere
1835 1864 2109 1934 potuerit;
2128 1871 2335 1935 quanto
2361 1878 2490 1918 cum
2522 1862 2643 1918 zelo

115 1945 190 2000 ibi
213 1946 474 2004 Cerintho
498 1947 778 2006 haeretico
804 1950 1089 2016 restiterit,
1113 1951 1172 2006 S.
1197 1952 1470 2006 Irenaeus
1494 1949 1665 2006 refert
1692 1954 1764 2018 (c.
1788 1951 1958 2006 Haer.
1984 1953 2088 2007 111.
2114 1951 2189 2022 3),
2212 1960 2268 2006 et
2289 1960 2497 2023 quanto
2516 1967 2643 2007 cum

117 2032 316 2089 ardore
341 2045 658 2106 peccatores
686 2037 757 2093 ad
783 2038 1182 2110 poenitentiam
1214 2036 1490 2094 adducere
1517 2053 1684 2094 senex
1716 2037 2019 2106 studuerit,
2046 2037 2423 2110 pulcherrimo
2456 2055 2641 2096 exem-

115 2121 206 2192 plo
233 2120 401 2177 allato
431 2124 690 2180 Clemens
721 2124 895 2182 Alex.
927 2124 1090 2182 docet
1113 2126 1267 2194 (Quis
1294 2125 1446 2181 dives
1475 2125 1613 2181 salv.
1644 2131 1755 2193 42).
1786 2127 1981 2199 Usque
2005 2125 2079 2182 ad
2104 2126 2327 2182 Traiani
2353 2127 2642 2197 imperium

115 2224 241 2263 eum
283 2209 452 2265 vitam
493 2213 845 2283 protraxisse,
891 2222 1015 2285 post
1050 2215 1106 2269 S.
1141 2216 1435 2270 Irenaeum
1471 2213 1721 2284 plerique
1763 2211 1994 2269 tradunt
2036 2215 2261 2283 Patres;
2286 2212 2415 2270 licet
2459 2223 2643 2270 autem

117 2307 292 2352 morte
319 2299 558 2355 naturali
587 2300 760 2356 vitam
797 2300 1034 2370 finierit,
1068 2322 1093 2353 α
1122 2317 1239 2358 non
1265 2301 1445 2372 impar
1471 2300 1735 2356 meritum
1762 2301 1819 2355 in
1861 2303 2057 2369 Petro,
2090 2300 2183 2374 qui
2224 2311 2555 2374 passusest,
2589 2313 2647 2360 et

115 2385 170 2440 in
197 2387 422 2454 Ioanne,
451 2387 546 2459 qui
569 2403 764 2458 passus
792 2404 906 2444 non
940 2396 1022 2444 est
1045 2409 1072 2440 s
1089 2429 1106 2458 ,
1135 2403 1268 2446 nam
1310 2389 1569 2444 virtutem
1598 2389 1924 2460 patientiae,
1956 2403 2124 2460 quam
2161 2389 2358 2446 Petrus
2394 2389 2453 2444 in
2478 2405 2647 2462 opere

113 2471 388 2542 exhibuit,
419 2476 654 2531 Ioannes
679 2476 740 2532 in
769 2475 961 2532 habitu
991 2475 1230 2533 habehat
1253 2477 1330 2544 (S.
1357 2481 1509 2549 Auy.
1536 2477 1621 2534 De
1646 2476 1794 2532 bono
1824 2477 1967 2532 coni.
1999 2479 2135 2546 21.).

528 2679 792 2737 Quaene
819 2679 892 2729 11.
917 2706 980 2715 —
1007 2681 1081 2728 De
1104 2682 1268 2742 quarti
1297 2681 1558 2742 Evangelii
1580 2679 1839 2728 authentia
1868 2685 1919 2727 et
1936 2661 2236 2740 integritate.

185 2856 246 2914 3.
280 2887 360 2897 ——
391 2856 657 2917 Maximo
679 2873 824 2918 cum
843 2857 1066 2917 ardore
1086 2874 1278 2934 quam
1304 2858 1557 2936 plurimi
1574 2857 1996 2918 rationalistae
2014 2837 2422 2934 apostolicam
2442 2858 2643 2934 quarti

107 2951 430 3029 Evangelii
460 2951 771 3030 originem
800 2953 1170 3032 impugnant
1197 2955 1488 3032 antiquos
1515 2955 1743 3032 Alogos
1772 2953 1989 3014 secuti.

177 3065 378 3136 Usque
421 3064 494 3119 ad
537 3073 794 3122 nostrum
838 3065 959 3122 fere
1017 3067 1301 3122 saeculum
1357 3081 1554 3124 omnes
1609 3065 1905 3122 Christiani
1965 3073 2225 3136 quartum
2287 3065 2645 3138 Evangelium

101 3155 157 3208 S.
215 3151 416 3207 Ioanni
457 3154 729 3224 Apostolo
757 3154 972 3210 auctori
1011 3154 1420 3227 adscripserunt
1449 3155 1636 3226 paucis
1674 3153 1783 3210 illis
1811 3153 2051 3224 exceptis
2095 3152 2415 3220 haereticis,
2448 3151 2646 3224 quibus

101 3239 238 3312 quia
261 3238 356 3292 τὸν
381 3240 542 3309 Δόγον
573 3241 876 3312 (Verbum)
905 3257 936 3297 a
962 3242 1170 3298 Ioanne
1200 3241 1581 3313 praedicatum
1608 3249 1937 3312 respuerunt
1962 3241 2020 3295 S.
2050 3240 2427 3312 Epiphanius
2453 3241 2642 3308 (Haer.

98 3330 258 3396 51,8)
301 3327 779 3385 lrrationabilium
817 3327 1093 3400 (Ἀλόγων)
1122 3345 1329 3385 nomen
1365 3344 1463 3401 per
1490 3327 1823 3384 derisionem
1866 3327 2147 3398 imposuit.
2179 3329 2428 3384 Exeunte
2460 3338 2643 3384 autem

99 3415 332 3474 saeculo
367 3413 734 3486 praecedente
765 3417 1110 3490 Anglicanus
1145 3416 1402 3488 quidam,
1438 3415 1551 3472 Ed.
1592 3419 1883 3479 Euan-son,
1910 3415 2123 3486 primus
2154 3415 2335 3487 quarti
2367 3415 2645 3489 Evangelii

99 3520 232 3560 cum
259 3503 570 3578 synopticis
611 3512 668 3559 et
695 3520 824 3560 cum
861 3505 1199 3578 Apocalypsi
1229 3520 1470 3577 pugnam
1511 3505 1755 3576 aliquam
1784 3502 2200 3574 deprehendere
2234 3503 2337 3559 sibi
2368 3503 2512 3560 visus
2538 3514 2639 3570 est,

99 3601 274 3665 atque
301 3590 380 3649 ab
405 3607 473 3648 eo
499 3599 756 3664 tempore
787 3592 1037 3666 plerique
1063 3593 1176 3660 illi,
1203 3593 1297 3664 qui
1325 3591 1704 3648 rationalistae
1731 3591 1913 3647 vocari
1940 3591 2143 3658 solent,
2178 3589 2251 3646 ad
2286 3591 2644 3647 lrrationabi-

99 3680 240 3736 lium
283 3687 477 3752 partes
519 3680 879 3738 transierunt.
921 3684 986 3738 In
1015 3681 1316 3737 Germania
1351 3683 1414 3738 Ε.
1451 3683 1511 3736 F.
1548 3679 1722 3752 Voqel
1761 3677 2039 3750 Evangelii
2080 3687 2365 3734 auctorem
2410 3679 2644 3735 Iudaeo-

101 3767 476 3828 christianum
504 3768 929 3830 alexandrinum
958 3766 1124 3824 fuisse
1151 3768 1458 3837 suspicatus
1486 3774 1598 3834 est,
1633 3769 1695 3823 C.
1730 3769 1801 3822 G.
1834 3765 2284 3824 Brelsclmeider
2306 3775 2491 3821 autem
2518 3782 2645 3822 eum

103 3857 717 3920 Ethnicochristianum
765 3857 928 3913 fuisse
956 3855 1210 3912 asseruit.
1240 3859 1318 3913 At
1343 3853 1596 3912 nondum
1639 3855 1771 3910 satis
1800 3862 1959 3910 erant
2003 3853 2317 3925 praeparati
2356 3853 2554 3922 animi,
2584 3863 2647 3909 ut

101 3961 280 4002 novas
327 3945 434 4003 has
479 3945 780 4006 sententias
833 3944 1218 4012 admitterent3
1265 3943 1449 4016 itaque
1513 3941 1929 4014 Liiczelberyer
1972 3942 2211 4014 primum
2266 3940 2645 3996 demonstrare

99 4044 347 4091 conatus
375 4044 458 4092 est
474 4077 488 4104 ,
522 4037 791 4094 loannem
813 4033 1144 4104 Apostolum
1163 4045 1468 4103 numquam
1495 4030 1553 4086 in
1572 4030 1699 4086 Asia
1724 4029 1861 4086 Min.
1887 4029 2055 4085 fuisse
2070 4071 2084 4098 ,
2112 4037 2373 4100 quartum
2397 4029 2644 4100 Evange-

99 4121 244 4177 lium
273 4132 472 4179 autem
498 4121 567 4178 ab
596 4121 852 4178 omnibus
887 4119 1129 4191 antiquis
1167 4117 1526 4190 scriptoribus
1552 4117 1611 4174 in
1637 4118 1763 4174 Asia
1794 4119 1929 4173 Min.
1961 4117 2230 4188 scriptum
2254 4116 2449 4184 asseri,
2480 4125 2647 4187 atque

101 4211 148 4262 Ι.
177 4211 250 4264 D.
283 4211 540 4267 Strauss
567 4211 840 4282 integram
867 4207 1156 4264 historiam
1186 4206 1562 4279 evangelicam
1590 4205 1799 4278 mythis
1832 4211 2085 4260 constare
2112 4202 2382 4258 definiens
2410 4202 2644 4259 authen-

101 4295 244 4354 tIam
282 4298 542 4355 omnium
569 4297 992 4370 Evangeliorum
1022 4311 1054 4351 a
1083 4295 1268 4366 priore
1295 4293 1657 4365 impugnavit.
1685 4295 1827 4348 Tum
1854 4289 2081 4346 demum
2108 4290 2568 4363 Neotubinqiaui
2590 4299 2649 4347 et

106 4403 130 4430 a
163 4387 381 4442 critici
411 4407 436 4437 n
477 4387 538 4442 in
573 4399 834 4456 campum
874 4383 1254 4457 prosilierunt;
1295 4396 1489 4438 eorum
1532 4395 1733 4452 parens
1776 4383 1837 4434 F.
1890 4379 2031 4434 Cllr.
2078 4382 2251 4434 Bam·
2287 4377 2647 4444 Evangelium

101 4471 257 4528 circa
283 4489 342 4528 a.
378 4481 497 4530 1¹70.
529 4473 586 4529 in
613 4472 746 4530 Asia
775 4473 911 4528 Min.
938 4472 1026 4527 vel
1049 4469 1419 4526 Alexandriae
1446 4469 1813 4540 compositum
1840 4481 1957 4521 esse
1987 4463 2197 4532 docuit,
2222 4473 2285 4520 ut
2310 4463 2649 4522 iudaizantes

99 4557 326 4616 Petrini
357 4569 414 4618 et
453 4561 670 4618 Paulini
698 4559 1116 4616 universalistae
1151 4557 1346 4614 altiore
1372 4555 1611 4629 quadam
1654 4563 1710 4610 et
1738 4553 2057 4610 sublimiore
2084 4552 2335 4610 doctrina
2377 4552 2446 4610 ad
2484 4553 2648 4609 unio-

101 4661 242 4703 nem
272 4649 720 4722 adducerentur;
752 4649 959 4704 similes
987 4645 1284 4704 sententias
1312 4643 1664 4701 tradiderunt
1690 4641 1809 4698 eius
1836 4640 2094 4714 discipuli
2120 4650 2175 4699 et
2202 4657 2492 4716 sequaces,
2524 4640 2652 4698 licet
