3050 5184
343 262 455 319 122
534 277 685 320 msr.
732 277 1017 322 ‘rsx'ruuu
1058 277 1133 320 ΕΤ
1175 272 1536 319 vnnsxouun.
1583 292 1662 303 —
1702 276 1832 323 CAP.
1879 277 1959 321 w.
2005 276 2082 319 ne
2123 277 2326 322 nonum
2369 276 2478 321 usu
2517 274 2767 321 cnmco.

340 406 524 479 igitur,
557 423 698 479 quae
726 416 917 463 contra
944 408 1043 464 illa
1072 415 1325 478 peccant,
1356 406 1552 477 saltem
1577 406 1763 463 minus
1791 415 1920 463 sunt
1947 407 2064 463 veri
2089 406 2298 463 similes
2333 415 2388 463 et
2412 407 2710 479 pleraeque
2736 406 2865 461 reii-

338 494 587 561 ciendae‚
633 496 893 566 quoniam
926 494 1293 568 negligentiae
1320 493 1408 549 vel
1440 492 1717 549 humanae
1746 492 2030 567 fragilitati
2055 494 2410 552 librariorum
2443 492 2747 563 debentur-3
2783 502 2874 549 at-

339 581 676 637 tendendum
702 590 892 637 autem
920 592 1031 653 est,
1062 582 1153 654 agi
1181 580 1250 637 de
1271 581 1462 653 lingua
1490 580 1768 649 hebraica,
1795 583 1955 639 cuius
1977 590 2270 654 praecepta
2289 598 2356 638 ex
2377 596 2544 653 parvo
2563 581 2875 637 documen-

340 676 523 725 torum
550 684 784 725 numero
812 686 926 725 non
948 670 1135 725 omnia
1164 667 1378 725 desumi
1403 678 1648 739 possunt,
1679 677 1735 725 et
1763 667 1833 725 dc
1861 668 2098 726 dialecto
2124 669 2462 728 bellenistica
2481 678 2647 741 atque
2665 668 2874 725 rustica

340 756 523 828 lingua
553 755 717 812 latina
733 798 748 825 ,
778 772 918 828 quae
944 773 1059 812 non
1082 754 1387 813 seeundum
1414 755 1774 812 classicorum
1802 773 1969 828 opera
2000 755 2382 814 diiudicandae
2410 765 2559 813 sunt.
2586 755 2674 824 d.)
2697 757 2877 812 Suum

338 844 567 915 quisque
598 843 801 899 habere
819 844 960 899 solet
987 844 1191 916 stylum
1219 858 1485 915 suamque
1515 842 1818 900 dictionem
1850 844 2157 916 propriam3
2186 859 2357 918 quare
2389 853 2586 900 contra
2613 844 2739 900 illas
2764 844 2878 900 lec-

337 931 534 995 tiones,
557 946 697 1002 quae
726 947 758 986 a
781 941 1043 987 consueto
1062 931 1349 1002 scriptoris
1372 932 1518 1003 stylo
1543 929 1856 997 dissonant,
1881 948 2048 1005 grave
2080 931 2236 988 adest
2261 930 2690 1003 praeiudicium,
2721 928 2877 1003 quod

339 1028 525 1073 tamen
557 1018 735 1073 solum
773 1016 843 1073 ad
880 1017 1177 1077 lectionem
1206 1018 1452 1089 aliquam
1489 1017 1845 1074 reficiendam
1879 1035 2005 1074 raro
2033 1019 2266 1089 sufficit,
2307 1019 2570 1091 quoniam
2605 1016 2880 1074 iudicium

338 1104 408 1159 de
438 1105 698 1176 peculiari
722 1105 951 1161 alicuius
977 1106 1261 1177 scriptoris
1286 1106 1431 1183 stylo
1461 1106 1708 1176 periculo
1737 1107 1940 1163 erroris
1968 1121 2186 1178 semper
2203 1115 2285 1163 est
2311 1106 2640 1177 expositum.
2663 1110 2740 1173 e.)
2759 1106 2878 1161 Cri·

338 1192 433 1247 tici
456 1191 673 1263 profani
695 1191 1065 1251 difficiliorem
1088 1193 1383 1249 lectionem
1407 1191 1640 1249 faciliori
1663 1194 1989 1265 plerumque
2007 1192 2429 1267 praeferendam
2454 1210 2573 1249 esse
2595 1202 2876 1255 statuunt,

341 1278 507 1351 idque
546 1289 715 1349 recte,
748 1282 877 1353 quia
922 1279 979 1336 in
1024 1279 1179 1336 libris
1218 1279 1460 1353 profanis
1497 1296 1732 1352 magnus
1773 1296 2038 1337 numerus
2081 1282 2380 1337 lectionum
2424 1296 2491 1337 ex
2537 1279 2878 1337 emendandi

343 1368 553 1437 pruritu
576 1367 1067 1441 grammaticorum
1092 1376 1313 1424 exortus
1336 1376 1437 1424 cst.
1460 1371 1722 1423 Attamen
1744 1368 1805 1423 in
1823 1366 2139 1441 ScripturiS,
2164 1384 2300 1441 quas
2319 1384 2419 1425 ceu
2443 1376 2661 1423 sanctas
2679 1366 2876 1423 Iudaei

342 1462 398 1509 et
422 1454 719 1511 Christiani
746 1471 964 1527 semper
992 1455 1236 1511 venerati
1273 1465 1429 1521 sunt,
1457 1456 1708 1527 plerique
1737 1454 1952 1512 librarii
1974 1456 2045 1512 ab
2069 1454 2340 1513 eiusmodi
2367 1456 2670 1512 arbitrariis
2697 1464 2880 1510 muta-

342 1541 580 1597 tionibus
615 1542 1026 1611 abstinuerunt‚
1055 1540 1291 1615 ideoque
1318 1542 1505 1616 regula
1547 1542 1642 1599 illa
1659 1586 1673 1613 ,
1705 1543 1809 1599 etsi
1845 1542 2016 1599 etiam
2051 1542 2110 1599 in
2145 1543 2334 1599 critica
2372 1557 2525 1599 sacra
2563 1558 2676 1598 non
2717 1542 2880 1597 omui

342 1630 664 1686 auctoritate
688 1638 901 1699 careat,
934 1645 1061 1685 raro
1089 1638 1277 1685 tamen
1305 1629 1558 1686 adhiberi
1586 1637 1785 1702 potest.

422 1816 481 1873 3.
511 1798 589 1858 --’
616 1813 979 1891 Repudiatis
1004 1812 1131 1873 illis
1154 1813 1560 1893 lectionibuS,
1587 1831 1744 1891 quae
1771 1814 1851 1875 ob
1875 1812 2244 1875 intrinsecas
2263 1814 2540 1874 rationes
2563 1812 2882 1890 genuinae

345 1926 483 1969 esse
528 1926 653 1969 non
692 1912 987 1987 possunt,
1015 1910 1412 1970 examinandi
1458 1914 1603 1971 sunt
1643 1913 1836 1971 testes
1866 1910 2255 1987 reliquarum
2278 1955 2291 1982 ,
2321 1914 2391 1970 ut
2434 1926 2510 1969 ea
2546 1908 2877 1985 seligatur,

348 2022 505 2082 quae
533 2022 659 2065 non
688 2009 819 2065 tam
846 2022 1108 2067 numero
1146 2022 1333 2083 quam
1370 2006 1650 2084 pondere
1683 2005 2193 2067 testimoniorum
2221 2004 2554 2084 praevalet.
2591 2004 2881 2065 Testiutn

346 2105 557 2163 autem
580 2118 842 2161 munere
867 2101 933 2161 in
959 2101 1179 2162 critico
1202 2101 1321 2162 boc
1344 2102 1631 2163 examine
1660 2103 2009 2180 funguntur
2035 2105 2278 2181 antiqui
2297 2102 2520 2162 codices
2541 2146 2554 2173 ,
2582 2104 2881 2180 antiquae

347 2197 655 2270 versiones,
686 2200 950 2259 Patrum
978 2203 1479 2278 antiquorumque
1501 2203 1896 2277 interpretum
1920 2196 2202 2278 alleqata.

415 2330 551 2383 Loci
576 2326 874 2401 paralleli
900 2327 1076 2396 enim,
1106 2328 1202 2399 qui
1229 2326 1509 2383 interdum
1539 2329 1682 2384 inter
1707 2337 1875 2385 testes
1900 2329 2278 2397 nominantur,
2315 2327 2447 2384 licet
2472 2325 2540 2382 ad
2578 2326 2886 2397 genuinum

346 2431 572 2471 sensum
601 2414 977 2471 definiendum
1009 2415 1305 2486 plurimum
1336 2416 1583 2484 valeant,
1618 2417 1677 2471 in
1709 2416 1814 2472 hac
1838 2417 2135 2473 verborum
2161 2416 2288 2472 crisi
2315 2430 2441 2470 raro
2466 2413 2721 2469 adhiberi
2752 2430 2886 2485 pos-

347 2511 503 2569 sunt,
545 2503 671 2574 quia
708 2501 909 2558 diversi
949 2502 1246 2574 scriptores
1287 2502 1524 2559 eundem
1573 2518 1794 2558 sensum
1835 2504 2154 2575 saepissime
2194 2501 2426 2560 diversis
2464 2500 2645 2557 verbis
2690 2502 2886 2573 expri-

348 2599 525 2645 munt.
562 2594 757 2661 Itaque
796 2590 974 2662 primo
1014 2589 1073 2645 in
1100 2589 1224 2645 loco
1262 2589 1616 2646 examinandi
1654 2599 1785 2646 sunt
1825 2591 2051 2647 codices
2087 2589 2490 2662 manuscripti
2515 2597 2684 2661 atquc
2711 2590 2884 2643 etiam

352 2678 561 2749 primae
590 2676 881 2746 editione8‚
912 2693 1052 2749 quae
1074 2677 1392 2733 immediate
1421 2694 1487 2733 ex
1511 2677 1795 2733 codicibus
1823 2687 1954 2734 sunt
1981 2677 2238 2747 haustae3
2269 2678 2510 2733 maxima
2538 2684 2725 2731 autem
2754 2692 2886 2731 cum

350 2764 713 2821 sollicitudine
740 2765 1133 2837 inquirendum
1161 2772 1272 2832 est,
1310 2781 1420 2837 quo
1450 2773 1726 2836 tempore,
1760 2781 1871 2838 quo
1895 2765 1952 2820 in
1977 2764 2133 2835 loco,
2165 2781 2273 2838 qua
2305 2779 2435 2820 cum
2461 2762 2744 2835 diligentia
2775 2764 2883 2818 sint

351 2853 647 2923 conscripti
676 2862 732 2908 et
760 2852 1055 2921 emendati,
1089 2868 1200 2924 quo
1227 2868 1293 2908 cx
1326 2851 1476 2908 fonte
1504 2852 1613 2907 sint
1639 2852 1852 2920 hausti,
1881 2868 2019 2908 num
2041 2850 2113 2907 ad
2141 2861 2352 2908 certam
2382 2850 2646 2907 familiam
2673 2850 2764 2906 vel
2793 2866 2887 2907 re-

349 2941 660 2996 censionem
700 2942 1035 3011 pertineant3
1067 2956 1247 3011 neque
1286 2940 1433 2995 enim
1467 2938 1798 2995 numerandi
1833 2947 1991 3009 sunt,
2022 2938 2120 2995 sed
2150 2937 2512 3010 ponderandi.
2543 2935 2800 2995 Secundo
2829 2939 2886 2992 in

352 3028 472 3082 loeo
501 3029 725 3084 veniunt
748 3029 1028 3082 versiones
1052 3029 1351 3100 antiquae,
1389 3036 1556 3098 atque
1589 3028 1834 3098 proxime
1870 3028 2032 3094 illae,
2071 3043 2214 3099 quae
2242 3026 2554 3082 immediate
2585 3042 2652 3081 ex
2691 3025 2888 3097 primi·-

352 3114 525 3187 geniis
569 3113 806 3170 textibus
834 3121 977 3169 ‘sunt
1021 3113 1353 3182 adornatae3
1399 3113 1672 3169 mediatae
1710 3114 1860 3169 enim
1889 3113 2027 3170 fonti
2065 3130 2165 3171 suo
2211 3114 2500 3169 dumtaxat
2534 3110 2888 3169 emendando

354 3202 558 3257 directe
596 3202 918 3257 inserviunt.
958 3204 1276 3273 Antequam
1314 3211 1501 3257 autem
1533 3201 1885 3269 adhibentur,
1919 3201 1988 3258 de
2022 3217 2214 3257 earum
2252 3201 2488 3273 puritate
2525 3210 2582 3256 et
2617 3199 2886 3257 fidelitate

353 3297 606 3345 constare
634 3288 828 3357 debet3
871 3305 1012 3360 quae
1040 3287 1087 3345 si
1115 3297 1267 3345 extra
1298 3288 1540 3361 prudens
1568 3290 1799 3345 dubium
1830 3297 1912 3345 est
1941 3289 2144 3360 posita,
2181 3289 2394 3359 priseae
2430 3288 2710 3344 versiones
2739 3288 2889 3343 vices

354 3384 553 3447 gerunt
580 3376 1074 3432 vetustissimorum
1102 3376 1383 3445 codicum,
1412 3394 1477 3431 ex
1507 3377 1710 3450 quibus
1740 3385 1869 3433 sunt
1909 3376 2139 3432 haustae
2165 3384 2433 3447 tantoque
2458 3375 2890 3448 praestantiores

355 3472 481 3517 sunt
508 3478 703 3518 eorum
729 3463 1020 3532 lectiones,
1054 3473 1260 3536 quanto
1298 3464 1527 3536 propius
1554 3464 1777 3520 illarum
1807 3465 1961 3536 origo
1991 3463 2061 3519 ad
2091 3479 2375 3518 sacrorum
2411 3462 2886 3535 autograpbormn

354 3558 605 3621 tempora
642 3550 868 3607 accedit.
908 3552 1094 3607 Tertio
1130 3552 1188 3607 in
1225 3551 1350 3607 loco
1388 3567 1501 3607 non
1540 3552 1696 3623 parvi
1731 3552 1998 3607 momenti
2035 3559 2166 3607 sunt
2196 3555 2440 3606 Patrum
2490 3550 2784 3622 alleqata,
2834 3551 2887 3604 in

356 3637 553 3711 quibus
590 3646 773 3693 tamen
810 3637 1207 3695 attendendum
1234 3647 1347 3707 est,
1378 3640 1720 3711 antiquiores
1749 3656 1779 3693 e
1803 3640 2068 3694 memoria
2098 3638 2278 3710 potius
2307 3652 2474 3709 quam
2501 3654 2569 3693 ex
2601 3635 2883 3693 codicibus

354 3726 663 3797 Scripturas
696 3726 960 3798 allegare,
1002 3736 1167 3797 atque
1204 3726 1401 3782 sciolos
1436 3727 1690 3783 librarios
1719 3726 1869 3783 haud
1897 3726 2270 3797 infrequenter
2296 3740 2491 3779 eorum
2519 3724 2884 3797 allegationes

356 3815 466 3871 suis
488 3814 897 3886 scripturarum
915 3812 1191 3869 codicibus
1210 3812 1604 3869 conformasse.
1628 3818 1702 3871 At
1720 3831 1785 3870 ex
1808 3816 2051 3885 ipsorum
2069 3815 2296 3869 Patrum
2313 3812 2884 3883 argumentationibus

355 3910 410 3957 et
439 3900 984 3972 interpretationibus
1020 3916 1215 3956 eorum
1241 3900 1507 3957 lectiones
1535 3906 1698 3972 sae‘pe
1726 3918 1856 3957 cum
1883 3900 2212 3956 certitudine
2248 3906 2678 3971 cognoscuntur,
2717 3910 2884 3971 atque

356 3990 491 4045 haec
523 3989 837 4045 testimonia
868 3990 951 4044 vel
979 3986 1103 4043 ideo
1132 3997 1260 4044 sunt
1288 3989 1515 4045 maximi
1539 3990 1835 4059 momenti,
1867 3988 1997 4060 quia
2025 3985 2309 4044 codicibus
2331 3986 2720 4058 superstitibus
2747 3988 2885 4045 Scri·

356 4086 642 4148 pturarum
673 4078 933 4150 pleraque
956 4083 1086 4131 sunt
1107 4076 1420 4149 antiquiora
1434 4119 1448 4134 .

435 4266 493 4322 4.
520 4296 601 4307 —
632 4262 1035 4341 Interrogatis
1065 4262 1332 4321 testibus
1356 4261 1437 4321 ad
1466 4262 1852 4321 sententiam
1891 4260 2213 4321 ferendam
2255 4260 2380 4319 iam
2421 4258 2886 4321 deveniendum

359 4364 473 4430 est,
510 4359 575 4419 in
613 4376 737 4436 quo
782 4358 1016 4419 iudicio
1064 4359 1405 4419 auctoritas
1462 4358 2007 4429 testimoniorum,
2045 4374 2208 4434 quae
2249 4356 2414 4416 inter
2459 4372 2528 4415 se
2575 4362 2883 4433 pugnant,

359 4458 645 4516 accurate
673 4455 1099 4534 perpendatur
1120 4456 1395 4532 oportet.

430 4587 625 4657 Itaque
661 4590 745 4651 α.)
780 4585 943 4640 lectio
982 4600 1097 4641 non
1130 4592 1349 4639 tantum
1374 4582 1501 4651 illa,
1540 4600 1682 4655 quae
1711 4582 1959 4639 omnium
1991 4583 2219 4638 testium
2255 4581 2584 4638 auctoritate
2623 4581 2887 4643 munitur,
