3050 5184
1217 352 1671 399 raomsounm.
2686 347 2722 401 5

151 482 326 539 ehard
363 484 600 549 Simon,
651 493 818 557 atque
863 485 1015 543 idem
1061 486 1165 543 sibi
1212 497 1625 557 proposuerunt
1664 490 2002 545 recentiores
2050 504 2273 549 omnes,
2328 488 2423 561 qui
2477 488 2723 546 divinam

153 572 554 629 revelationem
596 582 927 645 agnoscunt.
967 576 1160 646 Neque
1194 574 1504 631 timendum
1543 584 1653 643 est,
1685 592 1757 631 ne
1793 576 1996 647 duplici
2035 578 2363 645 praestituto
2400 578 2508 633 ssnc
2541 579 2725 634 unitas

151 660 478 731 d'seiplinae
505 662 866 729 destruatur3
901 678 968 717 ex
999 663 1084 719 rei
1111 663 1261 719 enim
1295 671 1492 719 natura
1524 665 1904 736 consequitur,
1940 674 2000 719 ut
2031 665 2171 721 alter
2202 666 2371 737 priori
2400 665 2721 721 subordina-

149 757 256 813 tur,
278 748 570 821 siquid·-
601 750 794 807 debito
813 749 984 805 modo
1003 750 1076 805 ad
1101 750 1492 823 intelligendas
1514 752 1831 824 Scripturas
1866 753 2185 824 praeparari
2214 767 2377 808 nemo
2404 762 2605 823 potest,
2628 753 2729 811 nisi

155 852 422 905 quaenam
453 837 533 893 sit
561 853 764 894 earum
799 837 1016 894 indoles
1043 846 1100 894 et
1127 838 1430 895 auctoritas
1457 840 1623 895 simul
1652 839 1982 909 edoceatur;
2023 842 2213 912 itaque
2244 842 2465 897 lectoris
2496 856 2729 912 praepa·
2772 868 2778 873 ·
2828 872 2841 879 -

151 926 306 992 ratio,
329 925 390 981 id
413 926 586 997 quod
616 928 788 981 etiam
817 927 1250 983 Introductionis
1279 942 1485 983 nomen
1515 926 1725 995 innuit,
1759 928 1879 983 eius
1910 929 2041 985 linis
2066 938 2151 983 est
2178 930 2473 999 primarius
2501 936 2557 985 et
2580 937 2726 984 tota-

153 1014 242 1079 lis,
269 1013 642 1069 auctoritatis
669 1015 942 1071 librorum
967 1013 1214 1072 defensio
1239 1023 1432 1070 autem
1459 1016 1835 1072 secundarius
1863 1026 1919 1072 et
1949 1015 2212 1088 partialis.

217 1104 290 1157 Ex
325 1102 622 1173 primario
659 1118 828 1174 porro
865 1102 1006 1171 fine,
1043 1103 1091 1159 si
1117 1103 1288 1159 simul
1322 1100 1394 1159 ad
1435 1102 1763 1175 disciplinae
1792 1104 2082 1161 historiam
2118 1104 2435 1173 attenditur,
2467 1112 2724 1177 apparet,

175 1190 426 1257 mutinam
470 1192 552 1245 sit
599 1191 902 1261 genuinum
945 1190 1064 1247 eius
1096 1197 1523 1263 armamentum
1573 1200 1630 1248 et
1680 1192 1878 1264 quibus
1918 1192 2189 1249 limitibus
2220 1192 2721 1249 circumscribatur.

187 1278 444 1335 Etsieuim
477 1278 839 1350 praeparatio
869 1278 1092 1335 lectoris
1127 1294 1227 1351 per
1253 1294 1316 1335 se
1348 1295 1518 1351 quam
1547 1279 1792 1352 plurima
1821 1281 2287 1351 comprehendat,
2322 1280 2487 1337 hodie
2514 1289 2725 1345 tamen,

185 1377 446 1437 unquam
487 1366 639 1422 aliae
678 1366 1004 1437 disciplinae
1041 1376 1172 1423 sunt
1213 1368 1500 1436 excultae,
1546 1383 1690 1441 quae
1728 1367 1999 1441 quidquid
2036 1371 2107 1425 ad
2146 1370 2487 1443 linguarum,
2526 1368 2725 1441 quibus

175 1455 322 1525 εει-ἱρή
351 1463 508 1510 sunt
545 1453 710 1522 libri,
737 1463 794 1510 et
819 1468 1038 1525 rerum,
1071 1470 1210 1527 quas
1238 1464 1511 1523 tractant,
1547 1456 1809 1521 scientias
1832 1458 2072 1528 pertinet
2107 1458 2211 1513 sibi
2249 1459 2400 1513 velut
2438 1458 2725 1529 proprium

165 1552 558 1612 argumentum
587 1542 893 1609 vindicant,
921 1542 1328 1599 introductioni
1355 1552 1671 1601 reservatae
1699 1553 1829 1601 sunt
1853 1546 2004 1601 solae
2032 1546 2161 1601 illae
2186 1547 2558 1618 quaestioneS,
2582 1560 2724 1616 quae

160 1630 420 1687 iffirorum
465 1631 766 1687 historiam
805 1639 1211 1703 externamque
1255 1630 1496 1689 formam
1536 1632 1849 1706 attingunt,
1887 1642 1947 1689 ut
1985 1632 2093 1689 hoc
2127 1640 2289 1705 pacto
2327 1633 2485 1689 nobis
2521 1632 2725 1688 indolis

155 1734 334 1776 eornm
369 1728 442 1775 et
480 1718 748 1775 hodierni
785 1726 964 1775 status
1004 1719 1188 1776 ideam
1234 1718 1516 1790 quandam
1566 1720 1885 1791 generalem
1922 1720 2210 1790 exhibeat,
2252 1737 2362 1793 qua
2398 1721 2456 1776 in
2492 1720 2723 1793 singulis

153 1824 338 1864 eorum
367 1807 640 1880 partibus
669 1807 1012 1877 explicandis
1041 1807 1335 1864 ducamur.

211 1897 452 1953 Clarum
487 1902 680 1951 autem
713 1902 826 1965 est,
863 1894 937 1951 ad
966 1895 1218 1953 indolem
1257 1902 1312 1953 et
1341 1896 1635 1953 historiam
1672 1898 2089 1969 scripturarum
2124 1898 2571 1971 cognoscendam
2607 1914 2721 1954 non

149 1984 442 2053 minoen-e,
475 1991 540 2038 ut
575 1981 644 2039 de
673 1997 868 2039 earum
894 1983 1138 2057 origine,
1169 1985 1619 2054 conservatione,
1659 1986 2056 2057 propagatione
2090 1986 2444 2054 edoceamur,
2482 1984 2583 2042 sed
2619 2001 2721 2041 ne-

145 2074 392 2129 cessario
435 2070 768 2143 requiritur,
810 2078 874 2127 ut
912 2080 1150 2127 conatus
1191 2088 1442 2143 quoque,
1485 2075 1578 2144 qui
1622 2072 1693 2128 ad
1734 2088 1827 2129 eas
1869 2073 2225 2145 explicandas
2265 2074 2551 2147 hucusque
2590 2072 2721 2129 facti

147 2172 292 2229 sunt,
325 2160 814 2230 adiumentaque,
845 2174 990 2231 quae
1024 2161 1382 2231 explicationi
1409 2176 1605 2216 earum
1636 2162 1974 2229 inserviunt,
2003 2178 2405 2234 cognoscamus
2433 2171 2491 2219 et
2516 2161 2717 2218 diiudi-

145 2266 366 2319 eemus;
409 2247 612 2303 critica
647 2246 814 2319 igitur
857 2246 1134 2317 quaedam
1171 2248 1645 2320 interpretationis
1688 2248 1917 2305 historia
1959 2250 2363 2307 Introductioni
2408 2250 2718 2323 completae

145 2338 334 2393 deesse
365 2350 496 2392 non
533 2342 744 2406 potest3
769 2332 872 2391 sed
906 2334 1044 2391 haec
1079 2336 1196 2406 ipsa
1235 2335 1496 2408 requirit,
1527 2345 1590 2392 ut
1628 2338 1933 2409 genuinum
1969 2338 2442 2411 interpretationis
2478 2348 2718 2413 systema

141 2432 492 2497 exponatur,
535 2423 605 2478 ad
637 2423 794 2479 cuius
837 2439 1098 2480 normam
1137 2439 1330 2479 omnes
1368 2433 1601 2481 conatus
1641 2434 1772 2481 sunt
1807 2426 2170 2483 diiudicandi.
2214 2428 2569 2501 Quapropter
2608 2427 2719 2483 illis

145 2514 513 2579 accedimus,
535 2512 630 2583 qui
656 2510 1102 2569 hermeneuticas
1130 2513 1353 2585 regulas
1385 2512 1453 2569 ab
1484 2512 1906 2570 Introductione
1944 2530 2057 2569 non
2086 2515 2424 2583 excludunt;
2456 2524 2511 2569 at
2541 2514 2716 2570 histo-

149 2606 278 2657 riam
313 2598 620 2673 quandam
647 2614 941 2671 exegeseos
968 2599 1210 2656 maxime
1237 2599 1558 2657 addendam
1586 2616 1707 2657 esse
1734 2602 2094 2658 arbitramur.

220 2796 282 2851 «ἱ.
328 2822 427 2833 -——
463 2788 593 2849 Sua
637 2792 861 2866 sponte
913 2788 1300 2850 Introductio
1341 2790 1406 2848 in
1440 2788 1783 2865 qeneralem
1826 2794 1889 2848 et
1926 2790 2240 2866 specialem
2280 2788 2712 2866 distinguitur,

145 2894 474 2965 quatenus
503 2887 612 2945 aut
638 2883 780 2943 illas
812 2886 1210 2962 quaestiones
1235 2884 1531 2962 explicat,
1565 2902 1727 2961 quae
1755 2901 1982 2945 omnes
2012 2884 2209 2944 libros
2235 2902 2444 2943 sacros
2470 2900 2717 2944 eorum-

151 3002 269 3061 que
297 2980 758 3043 collectionem
785 2980 1122 3058 attingunt,
1153 2986 1260 3042 aut
1291 2981 1688 3059 singulorum
1713 2980 2020 3041 librorum
2051 2980 2386 3042 historiam
2412 2981 2717 3040 indolem-

153 3100 272 3157 que
329 3076 621 3156 exponit.
669 3077 974 3155 Specialis
1028 3095 1176 3139 vero
1234 3095 1349 3155 pro
1403 3080 1496 3139 rei
1544 3084 1773 3137 natura
1822 3076 2067 3138 duabus
2118 3078 2399 3156 partibus
2450 3082 2714 3150 constat,

155 3193 435 3257 quarum
459 3173 636 3253 prior
655 3174 735 3234 de
765 3174 944 3236 libris
973 3175 1250 3244 VeteriS,
1284 3175 1481 3236 altera
1513 3176 1592 3236 de
1628 3176 1809 3235 libris
1846 3176 2001 3235 Novi
2030 3176 2415 3237 Testamenti
2450 3176 2717 3254 singulis

155 3276 306 3353 agit.
335 3271 718 3349 Tripartitus
746 3270 940 3348 igitur
964 3273 1082 3332 erit
1110 3273 1360 3350 integer
1384 3276 1681 3333 tractatus
1710 3271 1825 3331 hac
1853 3272 2098 3333 ratione
2126 3290 2140 3331 :

237 3373 404 3431 Pars
431 3371 634 3447 prima
668 3386 719 3428 s.
761 3366 1134 3429 Introduc-cio
1171 3370 1465 3447 qeneralt’s
1505 3370 1583 3429 de
1625 3368 1939 3449 Utriusque
1986 3370 2136 3430 Test.
2180 3374 2447 3441 canonis,
2489 3375 2713 3443 textus,

162 3468 682 3545 interpretationis
709 3466 1004 3541 historia5

243 3564 406 3624 Pars
432 3563 630 3623 altera
660 3580 712 3623 s.
752 3562 1132 3624 Introductio
1159 3563 1434 3641 specialis
1467 3568 1531 3623 in
1571 3563 1792 3623 Veteris
1826 3564 1981 3623 Test.
2025 3562 2214 3624 libros
2254 3563 2587 3641 historicae,
2623 3564 2717 3624 da·-

167 3660 468 3733 daeeicos,
495 3660 871 3736 propheticos
881 3675 907 3735 ;

247 3762 402 3821 Pars
427 3760 616 3817 tertia
641 3773 692 3815 s.
721 3756 1100 3816 Introductio
1129 3754 1192 3816 in
1219 3754 1381 3816 Novi
1413 3756 1565 3817 Test.
1604 3755 1791 3817 libros
1821 3756 2133 3816 historicos
2162 3761 2285 3817 etc.

237 3933 602 4003 Quat-,stiones
622 3933 678 3986 in
707 3931 1147 3987 Introductione
1179 3930 1448 4003 qenerali
1475 3931 1835 4001 explicandae
1859 3938 1989 3985 sunt
2016 3930 2249 4003 triplicis
2274 3931 2509 4003 generis
2543 3930 2715 3987 Biblia

177 4022 316 4077 mim
339 4028 551 4087 nostra,
578 4034 718 4091 quae
739 4034 842 4075 ceu
870 4017 1054 4073 divina
1081 4017 1242 4074 nohis
1264 4017 1436 4073 tradit
1466 4018 1729 4087 Ecclesia,
1759 4018 1969 4074 multos
1988 4019 2276 4074 continent
2306 4018 2479 4074 libros
2501 4016 2716 4074 diverso

183 4120 422 4181 tempore
449 4122 482 4163 a
507 4106 735 4163 diversis
763 4106 1084 4163 hominibus
1112 4106 1343 4162 diversis
1370 4106 1573 4178 linguis
1605 4114 1711 4163 etc.
1742 4105 2116 4178 conscriptos,
2154 4114 2323 4177 atque
2349 4105 2528 4177 prima
2556 4120 2719 4176 quae·

181 4197 278 4252 stio
308 4194 574 4253 solvenda
599 4203 704 4264 est,
732 4195 1016 4267 quomodo
1045 4202 1100 4251 et
1125 4192 1349 4267 quando
1380 4194 1518 4251 haec
1545 4194 1799 4251 collectio
1816 4238 1829 4263 ,
1862 4194 1952 4251 cui
1982 4195 2229 4251 canonis
2258 4208 2463 4249 nomen
2485 4190 2716 4259 inditur,

183 4286 250 4339 sit
272 4292 464 4339 exorta
493 4291 550 4339 et
579 4298 718 4354 quae
748 4284 870 4339 eius
905 4283 977 4338 sit
1013 4283 1342 4351 auctoritas3
1374 4282 1466 4338 cui
1503 4284 1813 4355 quaestioni
1851 4282 2031 4354 prima
2069 4280 2370 4354 respondet
2404 4280 2719 4336 dissertatio

189 4372 500 4427 historiam
523 4374 768 4427 canonis
807 4374 1129 4445 Utriusque
1161 4376 1310 4427 Test.
1345 4386 1631 4427 enarrans,
1666 4372 1861 4427 Altera
1890 4372 2139 4443 quaestio
2177 4377 2287 4439 est,
2321 4383 2456 4424 num
2483 4366 2609 4425 libri
2637 4368 2719 4423 illi

189 4461 306 4529 puri
323 4468 378 4515 et
401 4458 598 4515 illibati
624 4458 696 4515 ad
717 4474 824 4515 nos
851 4459 1204 4530 pervenerint
1220 4502 1235 4527 ,
1263 4468 1319 4515 et
1353 4460 1439 4515 sin
1467 4459 1683 4526 minus,
1714 4476 1855 4531 quae
1880 4459 2127 4516 subsidia
2166 4459 2223 4513 in
2250 4464 2474 4529 promtu
2511 4458 2621 4513 sint
2650 4455 2719 4511 ad

189 4562 370 4603 eorum
405 4562 612 4603 naevos
647 4545 1073 4619 abstergendos3
1101 4562 1274 4619 quare
1307 4546 1479 4603 altera
1510 4546 1825 4603 dissertatio
1854 4556 1982 4619 aget
2014 4546 2089 4603 de
2126 4549 2403 4603 textuum
2432 4548 2721 4618 primiqe-

191 4636 412 4691 πίω-ιω
431 4635 934 4707 antiquarumque
960 4637 1299 4692 versionum
1325 4636 1588 4692 historia
1612 4640 1671 4691 et
1696 4638 2066 4693 auctoritate
2096 4634 2529 4706 praecipuasque
2556 4648 2721 4706 regu-

195 4722 272 4776 las
293 4722 574 4792 indicabit,
595 4722 902 4779 secundum
927 4738 1066 4795 quas
1094 4722 1340 4780 subsidia
1369 4721 1442 4780 ad
1469 4724 1769 4796 genuinum
1792 4732 2011 4779 textum
2040 4721 2445 4779 restituendum
2468 4720 2722 4777 adhiberi
