3050 5184
412 307 529 366 588
568 323 644 366 nE
686 321 829 366 novt
874 320 1039 365 TEST.
1070 321 1269 366 umus
1298 321 1672 366 bmacrlcls.
1705 339 1784 350 —-
1819 321 1949 364 CAP.
1987 322 2082 364 111.
2111 323 2188 366 ΒΕ
2231 320 2536 364 ΕΡΙΒΤΟῙᾸΒ
2575 318 2900 363 CA‘rnoLtms.

412 453 565 510 ribus
590 453 923 509 iustificatur
951 453 1121 508 homo
1146 460 1203 509 et
1221 469 1333 509 non
1354 469 1421 508 ex
1440 451 1554 508 fide
1573 459 1793 509 tantum
1815 473 1867 519 n,
1891 454 1946 508 S.
1976 452 2182 508 Paulus
2200 461 2387 508 autem
2407 456 2588 518 (Rom.
2611 455 2731 518 3,28
2751 453 2874 522 sqq.)
2894 470 2905 505 :

416 560 443 590 α
473 541 825 598 Arbitramur
864 539 1147 596 hominem
1183 540 1469 596 iustificari
1500 555 1598 612 per
1623 539 1794 596 fidem
1827 541 1946 596 sine
1976 539 2237 613 operibus
2271 540 2434 612 Legis
2466 559 2527 604 »ς
2555 538 2745 594 deinde
2769 537 2907 594 ambo

410 627 482 682 ad
510 643 669 684 suam
691 627 1002 685 doctrinam
1028 627 1419 686 stabiliendam
1446 627 1690 684 afferunt
1725 628 2042 701 exemplum
2073 627 2334 685 Abrahae
2371 636 2429 684 et
2463 627 2623 683 ambo
2655 643 2718 682 ex
2749 625 2910 681 iisdem

408 715 723 787 scripturae
749 715 929 772 verbis
956 725 1420 789 argumentantur
1449 737 1463 770 ε
1503 733 1530 768 c
1560 714 1808 773 Credidit
1840 715 2126 772 Abraham
2153 719 2273 773 Deo
2308 725 2364 772 et
2402 723 2709 788 reputatum
2741 723 2818 769 est
2851 715 2910 768 illi

408 800 482 858 ad
515 805 778 860 iustitiam
822 824 874 859 n.
905 803 1420 861 contradictionem
1446 804 1592 861 inter
1624 803 1765 862 duos
1799 805 2100 876 Apostolos
2131 819 2248 860 non
2287 820 2409 860 esse
2435 804 2540 859 nisi
2569 811 2909 874 apparentem.

408 891 623 948 clarum
651 901 753 960 est,
784 901 843 948 at
868 908 1043 964 aeque
1070 893 1285 948 clarum
1310 901 1410 960 est,
1444 895 1500 949 S.
1536 892 1800 949 Iacobum
1825 892 1984 948 Pauli
2012 891 2178 948 verba
2211 907 2518 963 eorumque
2541 891 2744 946 malam
2769 891 2910 945 inter·

407 979 777 1048 pretationem
802 996 936 1051 prae
964 980 1140 1036 oculis
1168 980 1443 1048 habuisse,
1477 979 1701 1052 quando
1731 996 1890 1037 suam
1919 981 2218 1053 epistolam
2243 980 2509 1036 exaravit.
3001 1051 3003 1054 .

477 1069 613 1122 Post
646 1084 699 1123 a.
730 1073 817 1124 59.
850 1068 1021 1141 igitur
1042 1068 1263 1140 scripsit
1288 1069 1342 1125 S.
1376 1068 1632 1137 lacobus,
1661 1070 1836 1125 immo
1861 1068 1989 1141 quia
2029 1067 2256 1140 aliquod
2287 1067 2556 1139 temporis
2591 1066 2909 1123 intervallum
3001 1080 3003 1096 ³

406 1155 729 1227 requiritur,
752 1165 815 1210 ut
834 1157 994 1212 Pauli
1018 1157 1249 1228 epistola
1278 1157 1525 1214 ecclesiis
1546 1158 1893 1214 innotescere
1915 1166 1971 1213 et
1998 1172 2286 1229 perversas
2309 1155 2789 1228 interpretationes
2809 1169 2909 1226 pro·

408 1243 632 1314 gignere
652 1243 922 1314 potuerit,
944 1253 1075 1300 ante
1094 1261 1147 1300 a.
1170 1250 1261 1301 61.
1284 1245 1369 1300 vel
1388 1251 1478 1300 62.
1500 1261 1616 1300 non
1635 1245 1914 1316 scripsisse
1939 1254 2088 1301 recte
2116 1243 2338 1301 dicitur.
2369 1245 2490 1300 Iam
2511 1259 2645 1299 vero
2665 1258 2812 1298 error
2831 1255 2909 1296 an-

407 1331 805 1398 tinomisticus‚
830 1331 923 1404 qui
952 1332 1071 1387 sola
1100 1331 1213 1388 fide
1239 1341 1534 1388 contentus
1557 1349 1724 1403 opera
1751 1332 1896 1389 bona
1927 1332 2204 1405 superflua
2234 1347 2355 1388 esse
2384 1331 2574 1388 docuit
2591 1375 2606 1401 ,
2627 1332 2684 1386 in
2701 1329 2909 1386 ecclesiis

406 1417 573 1473 Asiae
590 1419 724 1476 Min.
754 1419 991 1474 maxime
1013 1428 1350 1492 propagatus
1370 1419 1499 1489 fuit,
1524 1418 1583 1475 id
1603 1421 1750 1477 enim
1776 1420 1977 1477 docent
1997 1421 2168 1488 Petri,
2191 1421 2436 1488 Ioannis,
2466 1419 2640 1476 Indae
2661 1418 2906 1490 epistolae,

409 1521 549 1578 quae
576 1506 815 1562 eundem
841 1521 1105 1574 errorem,
1134 1508 1261 1564 licet
1284 1508 1453 1564 aliam
1472 1507 1594 1564 eius
1619 1507 1858 1565 formam
1885 1509 2166 1581 aliumque
2195 1509 2314 1564 eius
2337 1507 2597 1581 gradum,
2619 1508 2906 1578 impugnan-

406 1600 492 1647 tes
520 1609 712 1650 omnes
740 1594 981 1650 ecclesiis
1016 1595 1181 1650 Asiae
1214 1596 1349 1650 Min.
1382 1605 1543 1652 erant
1566 1596 1887 1652 destinatae.
1934 1599 2128 1667 Neque
2155 1595 2383 1652 difficile
2415 1605 2501 1652 est
2525 1596 2648 1652 eius
2671 1593 2906 1660 originem
3004 1645 3005 1684 ss

406 1681 702 1752 explicare.
729 1683 939 1738 Omnes
961 1681 1111 1738 enirn
1135 1683 1263 1738 illae
1290 1684 1556 1740 ecclesiae
1593 1700 1624 1739 a
1657 1685 1832 1740 Paulo
1869 1684 2099 1756 eiusque
2129 1683 2418 1756 discipulis
2447 1693 2614 1740 erant
2651 1682 2901 1742 fundatae,
3004 1685 3005 1690 ’

404 1767 643 1840 ideoque
668 1770 873 1824 mirum
898 1785 1015 1825 non
1040 1778 1141 1838 est,
1173 1769 1321 1843 quod
1346 1787 1550 1844 magno
1577 1787 1706 1827 cum
1733 1771 1934 1828 ardore
1973 1773 2237 1843 epistolas
2267 1770 2514 1844 magistri
2543 1772 2632 1828 sui
2662 1768 2906 1841 conquisi-

404 1856 610 1924 verint,
640 1857 700 1912 in
725 1857 927 1929 quibus
956 1879 981 1909 a
1024 1867 1155 1914 sunt
1182 1858 1454 1930 quaedam
1499 1859 1786 1916 intellectu
1825 1859 2066 1916 difficilia
2082 1903 2096 1927 ,
2139 1876 2284 1933 quae
2313 1860 2518 1917 indocti
2561 1869 2621 1916 et
2661 1857 2906 1915 instabiles

402 1942 659 1999 homines
682 1943 987 2016 depravant
1010 1945 1081 2001 ad
1106 1961 1265 2002 suam
1284 1947 1530 2018 ipsorum
1558 1946 1926 2018 perditionem
1949 1967 1973 2001 ι
1999 1953 2051 2014 (2
2079 1951 2239 2005 Petr.
2269 1953 2438 2018 3,16).
2473 1949 2631 2003 Inter
2656 1962 2792 2020 quae
2813 1961 2904 2002 non

402 2032 659 2086 ultimum
682 2031 867 2086 locum
889 2029 1044 2086 Pauli
1070 2029 1322 2086 doctrina
1344 2030 1413 2086 de
1438 2030 1568 2086 fidei
1591 2045 1937 2102 operumque
1965 2032 2038 2088 ad
2065 2033 2512 2096 iustificationem
2535 2041 2806 2096 relatione
2832 2057 2905 2096 oe·

400 2127 594 2189 cupat.
632 2133 799 2190 quam
831 2139 857 2168 «
888 2119 1141 2174 nonnulli
1174 2117 1425 2174 homines
1456 2132 1572 2173 non
1599 2117 1976 2184 intelligentes
2005 2129 2338 2190 putaverunt
2375 2142 2505 2182 eum
2534 2126 2750 2194 dicere,
2781 2123 2908 2178 suffi-

408 2212 533 2253 cere
552 2197 763 2255 homini
788 2197 985 2270 fidem,
1016 2201 1121 2256 etsi
1148 2201 1291 2258 male
1316 2203 1462 2258 vivat
1491 2211 1548 2258 et
1575 2219 1742 2276 opera
1769 2203 1914 2262 bona
1945 2221 2058 2263 non
2087 2204 2291 2262 babeat
2322 2228 2347 2259 n
2381 2207 2458 2276 (S.
2487 2213 2647 2278 Any.
2686 2206 2753 2263 de
2773 2207 2904 2264 Grat.

406 2293 464 2340 et
490 2284 583 2340 lib.
616 2294 671 2341 ct
696 2286 814 2343 arb.
846 2293 950 2355 18).
978 2287 1065 2344 Ad
1095 2305 1261 2360 quem
1280 2306 1529 2346 errorem
1555 2293 1736 2365 magis
1755 2293 2098 2350 inclinabant
2121 2294 2644 2364 Iudacochristiani,
2675 2295 2906 2367 qnoniam

405 2373 565 2428 multi
593 2373 787 2429 Iudaei
814 2375 1151 2432 Hellenistae
1174 2378 1319 2449 Lege
1346 2387 1402 2434 et
1426 2379 1842 2437 circumcisione
1883 2383 2131 2438 contenti
2159 2391 2474 2438 accuratam
2510 2393 2906 2455 praeceptorum

404 2459 811 2518 observantiam
840 2463 1191 2536 negligebant
1225 2486 1251 2516 α
1274 2475 1451 2521 semet
1472 2467 1622 2538 ipsos
1649 2467 1986 2540 decipientes
2012 2479 2068 2525 et
2087 2469 2349 2540 dicentes,
2382 2471 2600 2526 etiamsi
2619 2478 2905 2544 peccatores

400 2556 607 2614 essent,
635 2551 817 2606 Deum
846 2559 1051 2618 tamen,
1085 2551 1388 2610 dummodo
1424 2554 1584 2610 illum
1607 2566 2024 2628 cognoscerent,
2057 2557 2189 2629 ipsis
2225 2575 2338 2614 non
2370 2575 2489 2615 esse
2528 2560 2904 2631 imputaturum

400 2645 627 2706 peccata
654 2658 681 2689 n
717 2641 793 2704 (S.
821 2642 965 2694 lust.
992 2656 1041 2696 c.
1072 2640 1281 2713 Trypb.
1309 2643 1461 2712 141),
1494 2657 1635 2714 quae
1661 2642 1916 2700 doctrina
1943 2647 2196 2716 proxime
2213 2645 2285 2702 ad
2313 2662 2562 2703 errorem
2590 2663 2624 2702 a
2653 2650 2708 2703 S.
2731 2647 2904 2702 Iacobo

398 2725 785 2798 impugnatum
812 2726 1041 2784 accedit.
1081 2726 1275 2784 ludaei
1309 2729 1477 2800 igitur
1514 2747 1548 2786 a
1591 2731 1766 2786 Paulo
1805 2732 2091 2789 audientes
2127 2754 2153 2784 α
2195 2733 2478 2790 hominem
2517 2735 2796 2792 iustificari
2823 2749 2904 2806 per
3006 2769 3007 2782 η

397 2812 567 2868 fidem
588 2814 706 2870 sine
735 2815 994 2885 operibus
1028 2817 1188 2888 Legis
1220 2837 1270 2886 a»,
1306 2816 1473 2872 tidem
1514 2818 1584 2874 ab
1621 2820 1890 2891 Apostolo
1923 2823 2256 2890 postulatam
2287 2838 2402 2878 non
2433 2823 2606 2879 aliam
2644 2839 2762 2880 esse
2789 2823 2900 2886 rati,

396 2901 501 2955 nisi
528 2902 771 2957 sterilem
801 2903 954 2959 illam
984 2905 1429 2975 persuasionem,
1456 2921 1565 2976 qua
1599 2923 1844 2979 eousque
1883 2909 2130 2965 contenti
2176 2908 2414 2978 fucrant,
2455 2909 2738 2968 obiectum
2764 2911 2902 2966 dum·

395 2996 547 3043 taxat
592 2989 737 3045 illius
778 2991 1151 3062 persuasionis
1191 3000 1480 3048 mutarunt
1521 3002 1578 3048 et
1613 2993 1743 3050 fidei
1787 3004 2042 3052 mortuae
2082 3006 2138 3052 et
2183 2998 2359 3054 sterili
2395 2999 2456 3053 in
2491 3001 2752 3056 Messiam
2792 3014 2902 3054 ven·

392 3083 582 3132 turum
606 3077 772 3133 aliam
800 3095 911 3134 non
936 3079 1121 3136 minus
1146 3079 1392 3135 sterilem
1420 3081 1825 3138 substituerunt
1850 3083 1909 3139 in
1935 3085 2218 3154 Messiam,
2250 3085 2343 3157 qui
2368 3087 2478 3142 iam
2501 3087 2826 3144 advenisset.

464 3166 570 3219 Per
590 3164 784 3221 fideles
804 3166 1095 3238 quosdam,
1123 3167 1215 3238 qui
1236 3167 1574 3240 lerosolyma
1597 3180 1882 3239 venerant,
1906 3171 1976 3228 de
2006 3172 2112 3227 hoc
2139 3189 2328 3230 errore
2353 3174 2411 3229 in
2433 3175 2680 3232 ecclesiis
2699 3175 2902 3232 asiatids

392 3261 643 3323 serpente
671 3254 875 3309 certior
900 3253 1077 3310 factus
1106 3256 1164 3311 S.
1197 3255 1432 3312 lacobus
1459 3257 1707 3328 periculo
1732 3259 1922 3315 statim
1953 3261 2366 3318 occurrendum
2393 3277 2512 3318 esse
2551 3267 2790 3332 censuit,
2823 3261 2900 3320 sed

393 3341 626 3406 Paulus,
651 3343 747 3412 qui
773 3342 1013 3412 optimus
1039 3358 1268 3399 suorum
1294 3344 1588 3400 verborum
1613 3346 1886 3418 interpres
1915 3346 2120 3416 fuisset,
2155 3365 2221 3405 eo
2249 3359 2504 3420 tempore
2529 3353 2795 3410 Caesarea
2813 3355 2902 3408 Ro-

390 3442 538 3481 mam
565 3427 836 3484 abductus
878 3428 1007 3496 fuit,
1042 3429 1169 3486 ideo
1200 3432 1309 3490 hoc
1336 3449 1540 3488 munus
1569 3435 1626 3488 in
1667 3450 1726 3489 se
1764 3435 1882 3506 ipse
1924 3437 2186 3508 suscepit.
2227 3439 2342 3494 Nec
2385 3439 2683 3510 qnisquam
2709 3447 2902 3514 praeter

388 3514 619 3570 Paulum
648 3517 719 3571 ad
748 3517 904 3572 illum
931 3534 1195 3589 errorem,
1228 3521 1320 3592 qui
1349 3521 1497 3576 inter
1537 3521 2076 3580 Iudacochristianos
2101 3524 2276 3597 magis
2303 3535 2422 3582 erat
2439 3539 2798 3602 propagatuS,
2825 3545 2902 3584 re-

390 3601 681 3658 futandum
718 3613 837 3659 erat
868 3606 1047 3678 magis
1072 3605 1331 3676 idoneuS,
1363 3609 1491 3680 quia
1526 3629 1551 3660 a
1585 3611 1799 3680 Iacobi,
1834 3609 2021 3667 fratris
2049 3613 2276 3668 Domini
2317 3633 2341 3666 ι
2374 3616 2679 3671 auctoritas
2707 3616 2901 3673 Indaeis

386 3691 663 3746 conversis
688 3707 903 3747 summa
927 3703 1064 3748 erat.

462 3845 521 3900 4.
553 3876 633 3884 —
661 3843 759 3903 IV.
796 3846 1225 3906 Aaouunn‘ruu
1257 3863 1333 3906 Εἰ·
1364 3864 1584 3908 Divisio
1607 3865 1954 3911 aristonis.
1983 3853 2061 3913 Ut
2096 3869 2284 3914 omne
2314 3855 2670 3932 periculum
2709 3858 2782 3917 ab
2811 3873 2896 3916 ec-

382 3938 595 3998 clesiis
622 3939 747 3999 illis
788 3945 1128 4010 averteret,
1166 3944 1502 4020 Apostolus
1537 3944 1660 4005 duo
1702 3952 2024 4023 praestare
2055 3949 2258 4010 voluit
2295 3969 2310 4010 :
2358 3969 2638 4013 errorem
2669 3955 2746 4013 de
2783 3953 2898 4012 sola

380 4034 502 4095 fide
526 4035 723 4094 sterili
746 4035 1122 4097 iustificante
1146 4039 1231 4098 ita
1255 4039 1566 4112 refellere,
1595 4046 1666 4102 ut
1691 4047 1902 4102 tamen
1923 4045 2102 4122 Legis
2124 4048 2422 4125 antiquae
2441 4049 2894 4128 abrogationem

382 4131 445 4189 in
468 4132 905 4208 quaestionem
934 4134 1164 4194 iterum
1194 4152 1321 4195 non
1350 4143 1626 4208 vocaret,
1655 4143 1846 4215 atque
1873 4142 2216 4218 magisterii
2241 4145 2652 4206 ambitionem
2673 4145 2894 4224 suppri-

378 4245 569 4298 mere,
593 4245 721 4306 qua
740 4229 1040 4308 neophyti
1060 4231 1351 4293 nonnulli
1371 4232 1599 4294 docere
1620 4243 2155 4312 praesumserunt,
2181 4244 2517 4318 antequam
2538 4243 2890 4304 didicerant.

378 4325 541 4394 Quae
573 4323 701 4385 duo
726 4327 930 4403 capita
958 4329 1341 4389 sententioso
1373 4329 1481 4389 illo
1505 4331 1760 4391 dicendi
1792 4351 2051 4410 genere,
2078 4353 2206 4412 quo
2238 4337 2662 4400 Ecclesiastici
2697 4345 2892 4400 auctor

378 4420 655 4492 excellit,
680 4422 769 4482 ita
801 4424 1125 4501 exposuit,
1151 4431 1217 4485 ut
1236 4427 1358 4486 alia
1378 4428 1622 4487 monita
1651 4435 2006 4508 opportuna
2027 4438 2136 4492 aut
2157 4433 2464 4494 insereret
2491 4442 2598 4495 aut
2623 4437 2884 4497 adderet.

378 4516 551 4575 Unde
600 4523 953 4578 accuratam
1000 4522 1303 4597 epistolae
1349 4523 1728 4586 divisionem
1775 4526 2054 4588 indicare
2101 4529 2358 4591 difficile
2404 4536 2530 4606 est;
2563 4533 2718 4592 satis
2763 4539 2887 4609 apte

376 4613 585 4670 tamen
622 4618 873 4690 praeter
903 4615 1228 4678 exordium
1266 4619 1538 4696 (1‚1-18)
1577 4626 1640 4681 et
1679 4623 1996 4702 epilogum
2038 4624 2226 4705 (5,19.
2263 4625 2364 4705 20)
2395 4632 2523 4688 tres
2552 4635 2758 4706 partes
2797 4629 2884 4688 di-
