3050 5184
343 284 462 344 430
489 299 566 343 ne
595 301 729 344 vm.
764 302 1018 344 'resa-An.
1049 303 1246 348 timus
1275 303 1687 352 PROPRE'rlcls.
1706 321 1785 332 --
1808 303 1936 348 cAP.
1962 303 2046 345 vr.
2067 303 2142 345 DE
2164 297 2499 345 PROPRETls
2526 293 2855 340 insomnes.

344 431 552 498 minus,
611 447 782 502 quum
827 433 1130 490 Dominum
1183 434 1253 491 ad
1305 437 1573 507 populum
1628 434 2035 494 emendandum
2100 434 2341 488 locustas
2390 429 2594 485 frustra
2656 425 2865 480 misisse

341 527 738 590 conqueratur,
786 520 857 575 ad
899 521 1267 577 calamitatem
1308 538 1342 578 a
1385 524 1533 578 Ioele
1571 522 1904 596 descriptam
1939 519 2186 577 alludere
2229 517 2447 574 videtur
2486 517 2633 584 (Am.
2682 517 2779 576 4³
2817 517 2869 564 et

349 612 466 670 Ioel
492 621 579 685 1,2
610 631 765 687 sqq.;
803 617 1132 672 vocabulum
1150 661 1164 686 ‚
1199 633 1310 688 quo
1339 623 1510 674 Amos
1539 620 1781 676 locustas
1811 618 2065 689 designat
2088 625 2214 704 Πῖἰι,
2244 631 2355 671 non
2390 613 2590 684 legitur
2626 608 2739 664 nisi
2761 606 2871 663 loe!

351 733 467 795 1,4;
497 733 668 800 2,25).
699 729 824 784 Alia
853 732 1133 802 exempla,
1172 740 1361 799 utpote
1392 733 1606 788 iuniore
1636 737 1736 798 (lev
1750 749 1857 786 em.
1888 738 2052 804 25,30
2084 740 2141 787 et
2170 731 2293 786 loel
2326 735 2483 797 3‚16;
2520 731 2630 782 ler.
2664 729 2795 790 922⁰
2822 727 2873 774 Εἴ

347 815 470 871 Ioel
496 820 588 885 2‚9
618 825 722 872 ete.
745 840 760 886 ς
787 818 1040 890 δορΙιοπ.
1074 826 1215 888 1,14.
1251 825 1318 876 15
1346 829 1403 875 et
1431 820 1549 876 Ioel
1574 827 1698 890 1,15
1724 829 1778 875 et
1800 825 1949 888 2‚10.
1985 825 2077 888 ης
2103 821 2182 875 Is.
2216 823 2363 886 13‚6.
2400 822 2464 872 10
2488 823 2545 870 et
2569 812 2699 868 Ioel
2720 813 2870 876 1,153

347 908 498 970 210)
523 904 782 960 nolumus
812 921 1027 978 urgere.

417 995 574 1046 Ante
600 997 782 1046 Amos
803 993 971 1064 igitur
997 995 1214 1066 scripsit
1235 996 1369 1063 Ioel‚
1401 996 1557 1050 nulla
1580 1004 1767 1051 autem
1795 995 2007 1052 ratione
2034 1009 2165 1050 eum
2190 992 2286 1054 diu
2318 1000 2447 1050 ante
2474 994 2649 1046 Amos
2676 997 2876 1057 ponere

345 1078 616 1150 cogimur.
649 1079 812 1134 Haud
839 1083 1000 1152 pauci
1029 1081 1250 1152 quidem
1279 1099 1346 1138 ex
1379 1098 1475 1148 eo,
1507 1076 1658 1155 quod
1686 1083 1801 1138 loel
1834 1097 1936 1138 nec
1963 1081 2032 1138 de
2054 1081 2206 1154 Syris
2233 1096 2337 1138 nec
2368 1079 2439 1135 de
2461 1075 2706 1146 Assyriis
2734 1071 2879 1126 velut

351 1164 600 1222 hostibus
635 1167 915 1239 loquatur,
953 1170 1292 1225 concludunt
1336 1184 1466 1224 eum
1505 1170 1863 1226 vaticinatum
1898 1183 2045 1236 esse,
2087 1161 2388 1239 ante‘quam
2418 1163 2630 1236 Assyrii
2666 1170 2725 1217 et
2762 1157 2876 1232 Syri

355 1252 716 1310 Palaestinam
741 1255 1002 1311 infestare
1031 1257 1340 1328 coeperint3
1371 1257 1580 1312 ultimis
1608 1265 1793 1312 autem
1830 1259 1961 1312 Ioae
1995 1257 2141 1328 regis
2174 1256 2283 1322 (avi
2310 1256 2496 1320 Oziae)
2524 1249 2688 1308 annis
2716 1250 2877 1318 Syros

351 1339 568 1396 felicem
590 1343 1000 1412 expeditionem
1027 1354 1220 1401 contra
1249 1345 1547 1401 Ierusalem
1577 1345 1879 1414 suscepisse
1912 1359 1977 1399 ac
2004 1344 2165 1415 proin
2202 1343 2411 1399 Ioelern
2436 1340 2507 1398 ad
2538 1339 2699 1396 initia
2729 1334 2877 1406 regni

353 1427 480 1482 Ioae
519 1430 814 1499 pertinere.
856 1431 1010 1499 Quae
1049 1433 1452 1504 argumentatio
1493 1431 1555 1486 in
1586 1431 1867 1487 nonnullis
1902 1438 2122 1503 peecat3
2153 1438 2361 1486 temere
2401 1429 2553 1486 enim
2586 1421 2875 1497 supponit.

351 1515 678 1587 prophetam
715 1534 910 1574 omnes
941 1517 1126 1574 hostes
1153 1519 1469 1576 nominare
1497 1518 1735 1574 voluisse
1762 1527 1858 1573 aut
1895 1512 2177 1585 debuisse3
2210 1533 2391 1588 neque
2427 1513 2689 1580 attendit,
2720 1513 2879 1583 Syros

353 1617 528 1674 usque
551 1601 624 1659 ad
654 1604 800 1675 regis
825 1603 1016 1659 Achaz
1044 1613 1280 1660 aetatem
1319 1620 1447 1660 cum
1484 1621 1655 1677 regno
1683 1604 1841 1672 Iuda,
1882 1621 1915 1661 a
1946 1619 2055 1675 quo
2094 1603 2287 1661 decem
2318 1603 2563 1660 tribuum
2600 1598 2878 1660 territorio

351 1689 770 1760 separabantur,
809 1705 1032 1761 semper
1063 1707 1256 1762 pacem
1294 1691 1580 1760 habuisse,
1610 1708 1752 1763 quae
1780 1693 1869 1748 vix
1898 1693 2209 1762 interrupta
2243 1691 2350 1746 dici
2384 1698 2565 1763 potest
2596 1687 2880 1760 praedato-

353 1775 434 1830 ria
463 1777 562 1832 illa
595 1777 942 1848 expeditione
971 1779 1255 1845 Hazaelis;
1297 1788 1541 1834 ceterum
1581 1779 1684 1836 ista
1715 1777 1993 1851 expeditio
2029 1789 2149 1834 erat
2175 1779 2314 1834 iusta
2344 1793 2518 1849 poena
2546 1793 2578 1832 a
2615 1777 2740 1830 Deo
2770 1777 2878 1846 ipso

353 1863 471 1935 regi
507 1865 635 1920 Ioae
676 1865 886 1920 inflicta
918 1869 1144 1936 propter
1179 1866 1406 1922 caedem
1445 1867 1744 1923 Zachariae
1782 1865 2083 1938 prophetae
2122 1869 2171 1934 (2
2212 1870 2355 1921 Par.
2401 1869 2610 1932 2434),
2647 1862 2883 1932 ideoque

350 1951 474 2023 Syri
508 1951 652 2007 inter
684 1952 875 2008 hostes
905 1954 1072 2021 requi
1098 1953 1250 2008 Iuda
1282 1969 1314 2008 a
1344 1954 1491 2010 Ioele
1527 1954 1843 2010 enumerari
1876 1952 2124 2008 nondum
2162 1961 2482 2024 potuerunt,
2520 1951 2627 2005 etsi
2658 1965 2773 2004 non
2794 1947 2881 2002 diu

355 2047 478 2108 post
499 2038 654 2094 illam
682 2039 1085 2110 expeditionem
1111 2041 1345 2112 scripsit.

433 2192 490 2249 6.
523 2223 602 2232 —
633 2191 758 2252 Nec
785 2191 1096 2252 authentia
1113 2208 1231 2252 nec
1249 2194 1566 2270 inteyritas
1587 2192 1967 2270 Prophetiae
1996 2193 2125 2253 Ioel
2148 2211 2187 2252 a
2214 2205 2523 2269 quoquam
2544 2194 2649 2250 est
2666 2191 2883 2265 negata

355 2289 462 2345 aut
489 2286 555 2345 in
584 2286 849 2348 dubium
873 2291 1117 2362 vocata3
1141 2288 1353 2349 divina
1380 2292 1503 2348 eius
1530 2293 1858 2349 auctoritas
1888 2295 2103 2350 autem
2131 2287 2513 2348 testimoniis
2542 2285 2701 2345 Novi
2722 2284 2861 2344 Test

351 2381 516 2442 clare
547 2384 864 2460 probatur.

423 2511 479 2560 S.
513 2507 718 2562 Pelrus
745 2505 960 2563 Iudaeis
989 2509 1057 2563 de
1086 2507 1346 2563 missione
1375 2508 1610 2578 Spiritus
1644 2510 1699 2565 S.
1738 2509 2087 2580 stupentibus
2127 2509 2187 2563 in
2223 2507 2553 2563 memoriam
2581 2505 2881 2568 revocavit,

357 2615 382 2644 α
412 2593 740 2664 prophetam
770 2595 977 2651 loelem
1005 2617 1031 2646 n
1083 2596 1227 2651 hanc
1267 2597 1502 2665 Spiritus
1549 2597 1877 2666 effusionem
1924 2595 2260 2666 praedixisse
2299 2596 2449 2664 (Act.
2488 2599 2616 2661 2‚12
2651 2610 2777 2665 sqq.
2809 2592 2883 2646 cfr

358 2681 472 2737 loel
494 2687 622 2752 2,28
650 2683 828 2754 sqq.);
859 2683 917 2738 S.
948 2683 1175 2738 Paulus
1204 2684 1380 2739 nostri
1402 2683 1708 2755 prophetae
1734 2692 1789 2739 et
1821 2684 1995 2740 Isaiae
2020 2682 2347 2738 testimoniis
2364 2681 2641 2738 Romanis
2666 2679 2883 2736 demon-

351 2769 563 2838 stravit,
587 2770 645 2824 in
668 2786 841 2842 regno
871 2771 1195 2826 messianico
1221 2770 1455 2826 Iudaeos
1476 2771 1624 2826 inter
1654 2780 1708 2826 et
1726 2773 1971 2827 Graecos
1992 2786 2105 2826 non
2127 2786 2245 2826 esse
2272 2769 2685 2825 distinctionem
2708 2774 2881 2833 (Rom.

353 2864 473 2926 9‚11
508 2874 630 2929 sqq.
665 2856 748 2913 csr
769 2859 889 2913 loel
910 2864 1038 2912 232
1063 2868 1117 2913 et
1137 2864 1209 2914 Is.
1234 2863 1448 2926 28‚16);
1475 2859 1535 2912 S.
1563 2862 1817 2913 Ioannes
1835 2858 2176 2914 locustarum
2203 2859 2440 2929 plagam,
2468 2873 2614 2928 quae
2642 2856 2716 2911 ad
2740 2856 2882 2926 quin·

353 2953 438 2999 tae
471 2945 636 3000 tubae
665 2945 882 3016 signum
913 2945 1210 3014 exorietur,
1233 2945 1310 3000 ita
1341 2945 1646 3016 descripsit,
1678 2955 1741 3000 ut
1764 2945 2058 3001 nonnullas
2085 2945 2315 3018 phrases
2342 2960 2409 2999 ex
2432 2954 2622 2999 nostra
2652 2943 2881 3011 Prophe-

354 3031 428 3086 tia
459 3031 787 3088 desumsisse
812 3032 1064 3088 videatur
1091 3036 1293 3104 (Apoc.
1323 3039 1433 3102 9,2.
1469 3037 1611 3098 7-9),

1073 3254 1108 3337 ἓ
1137 3259 1246 3318 23.
1279 3289 1368 3301 --
1394 3255 1490 3318 De
1527 3252 1892 3340 Prophetia
1940 3255 2165 3318 Amos,

435 3473 492 3529 1.
519 3505 598 3513 —
619 3471 850 3532 Versus
871 3473 1060 3532 finem
1083 3473 1257 3551 regni
1286 3473 1613 3534 Ieroboam
1640 3474 1694 3534 ΙΙ
1722 3475 1898 3534 Amos
1933 3474 2140 3568 (nimy,
2182 3481 2431 3552 portans
2456 3472 2558 3533 vel
2586 3471 2761 3552 onus)
2784 3489 2878 3551 pa-

261 3609 268 3618 ·
355 3591 488 3645 stor
515 3604 590 3646 ex
620 3586 855 3664 oppido
890 3587 1134 3649 Thecue
1167 3588 1471 3649 oriundus
1515 3589 1581 3648 in
1614 3595 1847 3648 terram
1884 3589 2073 3648 Israel
2102 3605 2141 3648 a
2174 3591 2302 3649 Deo
2331 3588 2565 3648 missus
2596 3595 2726 3661 est,
2762 3611 2791 3640 «
2823 3591 2883 3645 ut

355 3681 756 3760 prophetaret
785 3683 864 3744 ad
896 3684 1200 3762 populum
1229 3685 1420 3745 Israel
1453 3709 1507 3744 ».
1542 3687 1611 3746 In
1638 3685 1889 3757 Bethel,
1916 3703 2107 3763 quem
2146 3685 2213 3744 in
2251 3685 2463 3744 locum
2500 3683 2776 3762 populus
2812 3681 2879 3742 ad

353 3781 578 3839 vitulos
623 3779 922 3841 colendos
970 3782 1352 3854 confluebat,
1387 3799 1647 3842 munere
1694 3799 1805 3842 suo
1844 3781 2093 3842 functus
2122 3785 2239 3841 est.

422 3906 594 3957 Amos
621 3917 681 3957 se
709 3902 824 3973 ipse
853 3922 878 3953 α
905 3903 1048 3957 inter
1093 3911 1342 3972 pastores
1370 3903 1439 3959 de
1476 3905 1522 3957 T
1525 3904 1698 3959 hecue
1738 3925 1762 3954 n
1802 3903 1966 3958 fuisse
2010 3911 2242 3960 testatus
2280 3903 2414 3975 (1‚1)
2444 3901 2680 3974 patriam
2708 3911 2764 3956 et
2790 3899 2879 3955 tri·

354 3989 486 4044 bum
519 3997 576 4043 et
611 3989 754 4044 vitae
792 4005 964 4061 genus
997 3989 1388 4046 manifestavit.
1429 3991 1653 4046 Thecue
1696 3991 1847 4047 enim
1885 3991 2150 4062 oppidum
2191 3989 2294 4045 fuit
2333 3990 2507 4047 tribus
2558 3989 2697 4045 Iuda
2741 3985 2877 4044 haud

354 4077 518 4148 longe
547 4092 576 4131 a
614 4077 942 4133 Bethlehem
971 4093 1161 4133 versus
1189 4077 1476 4134 meridiem
1505 4079 1688 4144 situm.
1736 4079 2048 4149 opulentus
2090 4093 2319 4151 gregum
2351 4077 2607 4133 dominus
2634 4093 2750 4133 non
2790 4073 2879 4130 suit

361 4174 504 4242 (licet
535 4171 696 4256 Wpll,
741 4190 850 4245 quo
877 4174 1148 4230 vocabulo
1178 4190 1351 4246 genus
1379 4174 1520 4230 vitae
1550 4190 1681 4232 suae
1709 4175 1979 4248 designat,
2006 4175 2173 4231 etiam
2201 4173 2431 4231 divitem
2457 4174 2777 4247 pecuarium
2812 4171 2879 4224 si-

358 4295 638 4366 gnificent
679 4301 810 4367 Req.
845 4303 986 4366 3,4)‚
1017 4296 1114 4353 sed
1154 4297 1521 4354 armentarius
1560 4289 1776 4380 (³3²),
1821 4298 1917 4369 qui
1958 4313 2297 4370 sycomoroS‚
2343 4313 2651 4369 pauperum
2680 4295 2873 4354 cibum,

358 4408 648 4465 vellicabat
673 4417 730 4464 et
757 4425 980 4481 gregem
1011 4411 1268 4481 pascebat
1296 4416 1463 4478 (7.14.
1495 4416 1603 4478 15).
1632 4413 1823 4484 Neque
1852 4422 2042 4467 tamen
2069 4412 2360 4468 literarum
2387 4412 2541 4466 rudis
2572 4409 2693 4477 fuit,
2724 4407 2876 4480 siqui·

359 4495 487 4550 dem
515 4511 640 4552 eum
669 4496 956 4552 historiam
979 4498 1259 4568 librosque
1287 4514 1474 4554 sacros
1501 4499 1687 4570 populi
1708 4501 1790 4554 sui
1816 4499 2135 4571 cognovisse
2160 4500 2373 4572 integer
2392 4498 2613 4555 libellus
2632 4505 2871 4554 testatur.

358 4583 672 4638 vocationis
703 4599 906 4639 annum
937 4594 1192 4640 accurate
1223 4585 1448 4657 quidem
1485 4585 1697 4642 indicat
1736 4590 1789 4658 («
1830 4588 1885 4642 in
1920 4587 2112 4643 diebus
2148 4587 2317 4642 Oziae
2358 4595 2415 4642 et
2438 4586 2725 4643 Ieroboam
2750 4588 2875 4638 ante
