3050 5184
837 358 913 401 ne
952 356 1227 401 nameus
1266 356 1413 401 vm
1454 357 1527 400 ΕΤ
1569 356 1838 402 unusne.
2507 344 2623 400 413

136 496 329 559 gnatum
342 489 679 563 Neriglissor.
692 489 801 561 Qui
820 498 1059 563 quatuor
1072 497 1289 544 tantum
1307 489 1467 545 annis
1484 491 1756 560 regnavit,
1769 492 1996 563 eiusque
2005 491 2151 547 fliius
2165 488 2628 547 Labosordachus

134 584 237 645 post
253 592 437 633 novem
454 592 671 635 menses
686 577 801 633 iam
813 577 1025 635 occisus
1044 584 1149 632 est.
1170 575 1459 631 Thronum
1478 584 1614 632 tunc
1636 577 1884 634 ascendit
1909 577 2232 635 Nabonidus
2245 621 2259 645 ,
2284 579 2376 649 qui
2399 578 2626 633 ultimus

132 662 427 735 Babyloniae
446 682 543 721 rex
572 664 677 721 sibi
704 666 863 737 regni
890 664 1103 719 socium
1128 663 1420 719 associavit
1445 662 1625 720 fllium
1651 665 1948 734 Baltassar‚
1977 682 2044 721 ex
2067 663 2628 722 Nabucliodonosoris

134 750 225 805 lilia
249 754 598 825 progenitum.
637 755 718 808 Eo
755 760 942 807 autem
965 760 1215 822 tempore
1254 751 1431 824 Cyrus
1466 766 1702 824 regnum
1740 752 2148 809 Chaldaeorum
2188 766 2478 825 aggressus
2513 757 2623 816 est,

132 838 415 895 Nabonidus
442 841 763 912 Borsippam
793 837 1007 911 fugiens
1031 838 1143 895 filio
1169 838 1466 895 Baltassari
1488 839 1686 896 urbem
1709 839 2048 913 Babylonem
2070 839 2472 897 defendendam
2495 837 2624 894 reli·

134 927 247 995 quit.
276 928 413 983 Dum
448 929 621 1002 Cyrus
653 926 848 983 urbem
878 925 1191 995 obsidebat,
1222 926 1499 983 Baltassar
1537 941 1666 982 cum
1705 927 2040 999 principibus
2072 927 2284 1001 grande
2317 926 2628 983 convivium

134 1011 255 1079 fecit,
282 1013 375 1069 sed
402 1016 723 1087 mysteriosa
747 1016 1039 1085 scriptura,
1073 1029 1241 1086 quam
1268 1014 1469 1069 Daniel
1494 1014 1548 1069 ei
1577 1014 1887 1085 explicavit,
1918 1014 1989 1071 de
2017 1016 2256 1071 instante
2279 1014 2430 1071 urbis
2455 1028 2628 1084 expu-

137 1098 358 1169 gnatione
398 1097 628 1154 edoctus
678 1106 762 1153 est
813 1099 922 1165 (5,1
968 1098 1138 1169 sqq.).
1192 1097 1503 1153 Baltassare
1554 1095 1848 1153 interfecto
1903 1096 2240 1167 Babyloniae
2288 1103 2634 1167 expugnatae

134 1201 353 1256 praeesse
378 1187 560 1257 coepit
585 1185 789 1240 Darius
814 1185 1013 1241 Medus
1044 1186 1185 1253 (5,31
1217 1184 1303 1241 cl'r
1329 1190 1453 1255 9,1;
1494 1190 1673 1253 11,1),
1705 1201 1816 1257 quo
1845 1185 2070 1240 nomine
2098 1184 2190 1239 alii
2225 1182 2456 1257 Ugbaru
2485 1182 2632 1239 desi-

134 1274 265 1346 gnari
301 1275 513 1341 volunt,
553 1288 721 1346 quem
758 1273 1038 1343 inscriptio
1077 1272 1339 1342 (Annales
1372 1271 1667 1343 Nabonidi)
1712 1289 1744 1328 a
1788 1273 1933 1345 Cyro
1971 1272 2290 1327 institutum
2327 1286 2446 1327 esse
2484 1271 2633 1328 urbis

135 1361 525 1421 subu-naturam
566 1360 731 1429 dicit,
780 1361 872 1417 alii
910 1362 1214 1433 Cyaxarem
1260 1360 1337 1416 ΙΙ.
1382 1359 1659 1433 designari
1699 1358 2038 1432 probabilius
2078 1368 2332 1428 censent,
2379 1360 2632 1433 Astyagis

131 1449 277 1504 filium
310 1458 363 1506 et
398 1450 528 1521 Cyri
564 1449 927 1515 avunculum,
960 1448 1119 1503 cuius
1147 1447 1257 1503 dux
1293 1446 1428 1503 belli
1474 1449 1652 1521 Cyrus
1679 1447 1796 1519 ipse
1840 1446 2005 1503 fuisse
2051 1445 2298 1502 traditur
2340 1446 2627 1520 (Xenoplae.

132 1538 298 1609 Cyl-op.
326 1539 369 1593 1.
398 1544 493 1603 4,5
520 1536 603 1592 cl'r
623 1540 681 1593 S.
718 1537 881 1592 Hier.
913 1537 973 1591 in
998 1538 1143 1592 Dan.
1181 1542 1273 1603 8,3
1302 1536 1451 1607 etc.).
1484 1539 1534 1591 A
1563 1552 1710 1591 novo
1744 1552 1874 1607 rege
1901 1535 2098 1591 Daniel
2136 1534 2285 1590 inter
2329 1542 2442 1591 tres
2485 1550 2630 1591 sum·

130 1640 229 1679 mos
260 1626 464 1697 imperii
492 1624 847 1696 magistratus
876 1632 960 1679 est
992 1624 1325 1680 constitutus
1351 1632 1519 1695 atque
1556 1624 1616 1679 iu
1654 1623 1762 1679 hoc
1799 1639 2032 1679 munere
2058 1622 2448 1689 confirmatuS,
2477 1632 2630 1693 post-

133 1728 269 1782 quam
306 1730 335 1769 e
374 1714 501 1771 lacu
538 1714 793 1780 leonum,
847 1712 903 1767 in
950 1728 1118 1785 quem
1159 1712 1513 1768 inimicorum
1557 1711 1761 1767 invidia
1805 1726 1936 1767 eum
1977 1711 2271 1781 iniecerat,
2313 1710 2534 1767 illaesus
2579 1728 2632 1768 e·

130 1816 317 1871 gressus
340 1811 422 1858 est
452 1806 561 1869 (e,1
591 1804 760 1872 sqq).

184 1894 244 1944 At
270 1890 336 1945 ad
362 1890 532 1945 linem
560 1888 863 1960 vergebant
884 1888 1229 1960 septuaginta
1256 1888 1431 1944 exsilii
1468 1888 1598 1945 anni
1623 1904 1654 1945 a
1685 1890 1921 1946 Ieremia
1951 1888 2244 1961 praedicti3
2275 1890 2442 1943 Dario
2469 1888 2633 1960 igitur

128 1986 317 2033 mortuo
343 1978 521 2051 Cyrus
556 1975 706 2032 haud
743 1976 837 2031 diu
876 1984 1167 2033 cunctatus
1205 1976 1452 2040 Iudaeis,
1493 1977 1592 2048 qui
1628 1978 1862 2047 vellent,
1909 1978 2184 2049 permisit,
2231 1985 2294 2031 ut
2333 1978 2392 2031 in
2436 1976 2630 2032 Palae-

128 2066 295 2121 stinam
322 2066 525 2122 reversi
552 2067 821 2137 templum
858 2056 1517 2120 resuscitarent.'Verum
1555 2081 1686 2121 cum
1717 2066 1999 2123 exsulibus
2036 2064 2236 2121 Daniel
2275 2081 2388 2121 non
2425 2074 2508 2119 est
2539 2080 2629 2119 re-

128 2168 311 2221 versus;
338 2154 551 2210 iuvenis
579 2168 627 2208 a.
658 2158 713 2207 4.
745 2152 959 2209 loakim
985 2160 1394 2224 transportatus
1431 2152 1549 2209 fere
1583 2155 1992 2225 nonagenarius
2031 2152 2164 2221 fuit,
2192 2152 2416 2224 quando
2455 2152 2633 2207 exsilii

127 2242 231 2297 linis
256 2242 495 2299 advenit.
526 2240 692 2313 Apud
716 2242 921 2313 Cyrum
957 2240 1126 2309 igitur
1162 2241 1457 2311 remansit,
1488 2242 1588 2298 sed
1617 2241 1769 2298 haud
1802 2242 1900 2298 diu
1935 2241 2110 2297 exsilii
2135 2240 2238 2297 fini
2269 2241 2632 2312 supervixisse

128 2328 337 2400 videtur3
367 2331 565 2387 ultima
582 2373 595 2400 ,
628 2344 797 2402 quam
823 2329 983 2386 nobis
1012 2329 1343 2399 transmisit,
1374 2329 1508 2385 visio
1537 2346 1685 2386 anno
1718 2335 1770 2386 3.
1803 2330 1930 2402 Cyri
1958 2329 2309 2386 adscribitur.

194 2492 243 2550 2.
273 2525 347 2535 —
374 2493 651 2553 Danielis
682 2510 908 2554 munus
938 2495 1120 2571 quasi
1148 2494 1379 2572 duplex
1407 2499 1573 2569 erat;
1605 2512 1814 2572 neque
1858 2496 2028 2555 enim
2068 2497 2455 2558 contribules
2493 2502 2632 2557 tan-

126 2589 236 2645 tum
273 2590 393 2649 vita
432 2594 497 2650 et
538 2589 826 2669 exemplo
865 2608 982 2651 suo
1013 2590 1295 2663 edocuit,
1326 2608 1448 2670 qua
1473 2608 1620 2652 cum
1649 2590 1950 2652 fidelitate
1981 2594 2046 2651 et
2074 2592 2440 2652 fortitudine
2469 2593 2637 2654 inter

128 2684 342 2745 medios
371 2685 659 2747 ethnicos
690 2688 815 2746 Lex
863 2687 945 2747 sit
982 2687 1401 2759 observanda,
1442 2688 1914 2765 visionibusque
1954 2688 2086 2749 suis
2129 2687 2482 2749 consolatus
2507 2695 2630 2761 est,

126 2780 215 2838 sed
239 2782 501 2843 ethnicis
533 2800 789 2861 quoque
821 2784 1170 2861 potentiam
1203 2789 1266 2843 et
1292 2784 1796 2863 magnitudinem
1821 2783 2074 2844 Domini
2099 2784 2540 2845 manifestavit.

180 2893 445 2961 Quoniam
470 2896 531 2951 in
554 2898 678 2952 aula
708 2897 863 2969 regia
893 2897 1128 2970 degebat
1154 2895 1499 2970 publicisque
1523 2896 1680 2968 regni
1702 2895 1974 2953 chaldaici
1991 2897 2051 2952 in
2077 2896 2312 2971 negotiis
2335 2907 2453 2954 erat
2477 2913 2637 2954 occu·

126 2988 276 3050 patus,
307 2984 511 3041 Daniel
556 2984 755 3040 eadem
796 2986 1041 3053 ratione,
1084 3000 1193 3056 qua
1233 2985 1433 3055 reliqui
1466 2983 1801 3055 prophetae,
1854 2984 2122 3056 populum
2161 2985 2521 3041 concionibus
2564 2984 2634 3043 ad

130 3068 279 3125 Deum
305 3071 577 3127 reducere
612 3088 726 3128 non
758 3074 962 3145 potuit3
1009 3083 1065 3128 at
1088 3081 1207 3128 tota
1244 3073 1366 3127 eius
1410 3072 1521 3127 vita
1551 3072 1745 3127 concio
1787 3072 1890 3155 [uit
1925 3073 2163 3145 egregia.
2202 3072 2434 3128 Exsules
2463 3073 2635 3136 enim,

127 3170 275 3224 quum
302 3160 593 3215 Danielem
620 3161 851 3232 eiusque
880 3160 1092 3215 amicos
1128 3175 1231 3216 nec
1266 3160 1430 3215 minis
1461 3174 1566 3215 nec
1609 3160 1866 3231 periculis
1892 3175 1925 3215 a
1955 3160 2132 3231 patria
2173 3160 2437 3231 religione
2465 3160 2636 3215 averti

128 3242 346 3302 viderent
374 3263 691 3321 magnaque
714 3248 993 3305 miracula
1035 3256 1365 3319 spectarent,
1413 3246 1614 3319 quibus
1649 3247 1842 3305 fideles
1879 3248 2106 3304 Domini
2143 3248 2286 3304 servi
2325 3248 2384 3303 in
2420 3249 2638 3305 camino

126 3329 245 3400 ignis
272 3335 407 3390 etin
436 3336 565 3391 lacu
594 3336 817 3392 leonum
853 3335 1343 3403 conservabantur,
1373 3337 1532 3406 quasi
1577 3350 1747 3391 manu
1775 3334 2281 3411 apprehenderunt,
2331 3336 2638 3393 Dominum

127 3420 363 3489 populum
387 3438 553 3479 suum
581 3439 695 3479 non
733 3423 1093 3496 dereliquisse
1120 3439 1225 3479 nec
1254 3424 1684 3495 promissionum
1726 3439 1845 3479 esse
1873 3424 2278 3481 immemorem.
2315 3427 2390 3480 At
2412 3425 2502 3481 vix
2540 3426 2640 3481 mi·

126 3520 212 3561 nus
241 3508 617 3580 ethnicorum,
646 3526 814 3582 quam
838 3511 1171 3568 Iudaeorum
1197 3512 1472 3582 propheta
1501 3510 1606 3568 l'uit
1630 3511 1856 3579 Daniel,
1886 3520 2156 3583 quatenus
2185 3512 2525 3583 praeiudicia
2557 3529 2642 3569 re·

127 3610 324 3654 movere
344 3600 554 3673 coepit,
585 3599 785 3670 quibus
811 3616 842 3655 a
873 3615 1002 3654 vero
1022 3601 1142 3654 Deo
1169 3598 1520 3673 agnoscendo
1549 3599 1898 3669 arcebantur,
1928 3601 2250 3671 animosque
2273 3602 2636 3671 praeparavit,

130 3692 179 3737 ut
202 3684 401 3743 bonum
430 3687 711 3757 nuntium,
742 3686 837 3759 qui
862 3687 939 3743 eis
978 3702 1200 3759 quoque
1228 3696 1348 3743 erat
1385 3687 1722 3755 destinatus,
1760 3688 2092 3759 acciperent.
2134 3688 2430 3743 Destructo
2469 3704 2640 3759 regno

134 3772 439 3831 ludaeorum
482 3774 759 3845 unicoque
802 3774 916 3830 veri
958 3774 1061 3829 Dei
1101 3774 1309 3844 templo
1358 3772 1543 3828 deleto
1585 3772 1748 3828 lahve
1793 3774 1944 3845 ipse,
1991 3790 2155 3846 quem
2203 3774 2356 3828 velut
2401 3773 2640 3830 Iudaeo-

132 3872 233 3915 rum
280 3860 443 3919 deum
500 3861 837 3918 nationalem
882 3860 1089 3917 ethuici
1142 3859 1419 3917 habebant
1470 3864 1524 3927 (4
1560 3863 1699 3932 Reg.
1758 3868 1921 3930 17,24
1963 3876 2120 3933 sqq.;
2157 3866 2360 3929 18,33),
2404 3877 2436 3915 a
2481 3859 2641 3917 Chal-

128 3944 367 4005 daeorum
394 3949 500 4006 diis
528 3949 816 4007 videbatur
840 3964 957 4005 esse
985 3948 1261 4017 devictus3
1290 3950 1429 4004 sicut
1458 3948 1694 4004 aliarum
1709 3949 1957 4020 gentium
1976 3948 2146 4015 idola,
2175 3949 2250 4003 ita
2284 3948 2476 4018 templi
2492 3948 2640 4004 iero-

130 4036 411 4106 solymitani
441 4054 572 4093 vasa
597 4052 749 4095 sacra
777 4038 833 4092 in
859 4036 1091 4093 domum
1118 4036 1207 4092 dei
1237 4037 1322 4092 sui
1347 4037 1611 4093 intulerat
1638 4034 2155 4093 Nabuchodonosor
2189 4038 2322 4103 (1,2)
2352 4044 2642 4107 tamquam

130 4124 307 4191 spolia,
338 4141 481 4198 quae
505 4126 841 4182 Iudaeorum
870 4124 976 4180 deo
1005 4134 1192 4196 erepta
1222 4132 1405 4181 essent
1428 4140 1459 4181 a
1484 4123 1590 4179 diis
1615 4125 1747 4180 suiS.
1781 4126 1860 4181 Ut
1885 4123 2035 4180 hunc
2068 4137 2319 4180 errorem
2346 4138 2636 4195 praecave-

132 4218 203 4263 ret
224 4220 275 4267 et
300 4212 628 4282 destrueret,
654 4214 713 4268 in
737 4212 862 4269 aula
892 4212 1039 4285 regia
1068 4212 1400 4268 constitutus
1425 4220 1509 4267 est
1538 4211 1808 4285 propheta
1832 4228 1960 4268 cum
1989 4210 2182 4267 amicis
2213 4211 2346 4277 suiS,
2381 4209 2474 4281 qui
2503 4212 2640 4266 vati·

130 4297 263 4355 ciniis
297 4310 353 4359 ct
388 4301 665 4358 miraculis
698 4299 966 4356 docerent
994 4300 1108 4355 veri
1140 4300 1273 4370 Dei,
1304 4300 1432 4355 licet
1463 4300 1739 4373 templum
1766 4316 1880 4355 non
1904 4298 2141 4370 amplius
2169 4297 2494 4368 possideret,
2526 4314 2644 4354 ma·

132 4388 449 4455 gnitudinem
478 4398 532 4445 et
576 4397 903 4460 potestatem
942 4397 1109 4460 atque
1152 4387 1777 4455 Nabuchodonosorem,
1819 4386 2080 4455 Darium,
2114 4386 2320 4458 Cyrum
2361 4395 2644 4458 cogerent,

132 4482 183 4528 ut
208 4476 301 4532 Dei
329 4478 569 4534 Danielis
598 4478 944 4533 maiestatem
972 4475 1188 4549 publice
1212 4485 1576 4549 agnoscerent
1605 4475 1946 4547 decretisque
1969 4474 2098 4543 suis»
2128 4474 2258 4530 licet
2283 4474 2386 4545 ipsi
2419 4473 2491 4529 ad
2519 4490 2644 4530 mo-

134 4562 477 4623 nothcismum
506 4581 621 4623 non
648 4564 762 4621 sint
785 4564 1059 4629 conversi,
1090 4563 1164 4620 ad
1193 4564 1306 4619 veri
1337 4564 1439 4619 Dei
1468 4564 1838 4637 cognitionem
1871 4562 1930 4617 in
1959 4562 2142 4635 regnis
2179 4562 2293 4617 suis
2325 4578 2644 4636 propagan-

136 4646 243 4705 dam
300 4652 631 4711 conferrent.
698 4654 824 4709 Iure
886 4653 1054 4725 igitur
1105 4653 1303 4708 Daniel
1360 4653 1527 4708 etiam
1595 4651 1840 4724 gentium
1901 4650 2170 4722 propheta
2233 4649 2454 4721 dicitur,
2519 4652 2646 4723 quia
