3050 5184
380 300 498 357 360
580 316 653 357 nu
696 316 830 359 ver.
882 316 1136 359 ras-ratu.
1186 314 1375 358 uatus
1416 312 1768 357 nmAcr1c1s.
1814 332 1893 341 --
1935 313 2068 355 car.
2112 312 2173 354 v.
2219 298 2280 354 2.
2328 311 2402 353 ne
2457 306 2912 353 Bcctssstasrtoo.

380 443 473 499 det
497 444 639 499 alter
662 445 961 517 Prologus»,
988 446 1083 516 qui
1109 444 1167 500 in
1194 442 1383 498 multis
1421 441 1644 514 quidem
1678 444 1892 515 graecis
1915 440 2014 499 sed
2047 441 2235 513 paucis
2262 440 2450 496 latinis
2477 436 2763 493 codicibus
2787 436 2915 507 legi-

382 540 499 599 tur3
524 548 589 586 ex
614 534 703 587 Ps.
732 531 1020 587 Athanasii
1044 531 1277 603 Synopsi
1300 530 1450 585 enim
1480 539 1563 586 est
1591 530 1896 587 desumtus.

460 692 516 749 4.
550 723 629 732 —-
660 690 809 749 Tres
838 690 1131 766 antiquae
1160 688 1512 760 versiones»,
1537 706 1786 767 graeca,
1817 688 2040 763 latina,
2067 688 2339 765 syriaca,
2363 704 2558 765 quum
2587 702 2710 745 suo
2741 702 2916 761 quae·

382 802 501 862 que
528 785 719 845 modo
755 786 833 845 ab
865 786 1161 845 hebraico
1188 784 1552 845 immediate
1581 784 2008 864 dependeant,
2045 784 2404 864 primitivae
2428 782 2688 843 lectioni
2712 781 2916 858 digno-

380 880 642 942 scendae
673 886 737 941 et
758 882 1181 942 restituendae
1206 880 1511 941 inservire
1542 886 1809 959 possunt
1833 898 1906 941 ac
1947 882 2201 942 debent.
2235 880 2359 941 Sed
2389 878 2694 957 quoniam
2735 878 2918 936 latina

380 978 578 1038 multo
606 979 827 1055 purior
846 982 943 1037 est
968 982 1339 1038 conservata
1356 981 1548 1055 atque
1570 978 1691 1056 ipsi
1711 978 1926 1038 Patres
1949 978 2160 1057 graeci
2181 978 2544 1055 syriacaque
2567 974 2782 1035 versio
2803 990 2916 1032 non

378 1091 519 1133 raro
549 1091 691 1133 cum
712 1074 903 1134 latina
922 1074 1135 1152 potius
1156 1119 1169 1145 ‚
1196 1090 1385 1151 quam
1403 1091 1551 1134 cum
1577 1090 1830 1151 graeca,
1850 1074 2122 1135 lectione
2143 1072 2576 1143 consentiunt,
2599 1071 2916 1149 plerisque

382 1170 447 1227 in
494 1169 774 1243 casibuS‚
822 1170 887 1228 in
931 1170 1159 1246 quibus
1202 1170 1430 1229 latinus
1474 1174 1538 1229 et
1582 1187 1849 1247 graecus
1891 1170 2304 1241 dissentiunt,
2341 1192 2370 1223 «
2397 1186 2524 1228 non
2571 1168 2810 1227 latinus
2851 1184 2918 1225 ex

380 1282 604 1343 graeco
636 1270 729 1325 est
756 1267 1165 1344 corrigendus
1186 1265 1404 1343 illique
1430 1266 1822 1344 adaptandus
1840 1314 1854 1340 ‚
1881 1267 1989 1328 sed
2021 1267 2233 1344 potius
2259 1282 2522 1345 graecus
2553 1267 2650 1325 est
2672 1280 2916 1323 accom-

382 1360 733 1423 modandus
760 1363 952 1422 latino
990 1386 1019 1418 »
1054 1362 1259 1442 (Corn.
1291 1381 1329 1422 a
1366 1362 1571 1441 Lep).

448 1468 650 1537 Magna
678 1466 736 1520 in
756 1466 935 1521 tribus
964 1466 1307 1522 versionibus
1334 1465 1676 1538 praecipuis,
1713 1466 1914 1539 quibus
1939 1465 2106 1521 bodie
2135 1475 2314 1522 exstat
2347 1465 2797 1532 Ecclesiasticus,
2827 1461 2918 1518 de-

381 1552 743 1624 prehenditur
770 1552 1112 1620 diss'erentia;
1138 1552 1421 1610 interdum
1459 1552 1687 1624 quidem
1724 1554 2005 1610 sententiis
2032 1554 2090 1609 in
2130 1570 2242 1610 uno
2274 1554 2518 1609 alterove
2552 1560 2716 1609 textu
2751 1566 2916 1624 pauca

378 1650 597 1695 tantum
632 1640 899 1696 vocabula
942 1649 1070 1695 sunt
1106 1640 1332 1709 inserta,
1378 1641 1662 1697 interdum
1697 1650 1888 1697 autem
1935 1641 2239 1697 sententiae
2280 1642 2528 1715 integrae
2569 1656 2786 1713 eaeque
2813 1656 2916 1694 non

378 1744 587 1799 paucae
609 1728 667 1783 in
694 1743 808 1783 uno
836 1726 1117 1801 leguntur,
1161 1744 1302 1800 quae
1330 1728 1385 1783 in
1426 1729 1547 1783 aliis
1574 1726 1980 1785 desiderantur.
2022 1728 2188 1785 Unde
2219 1728 2368 1785 haud
2403 1744 2528 1784 raro
2557 1728 2695 1783 satis
2723 1742 2916 1799 magna

378 1813 713 1870 incertitudo
740 1814 985 1871 exoritur
1011 1815 1082 1871 de
1110 1816 1510 1872 sententiarum
1541 1815 1940 1872 nonnullarum
1971 1818 2322 1872 auctoritate.

452 1904 569 1957 Iam
610 1916 739 1955 vero
768 1917 989 1973 qraeca
1017 1904 1215 1969 versio,
1250 1917 1425 1973 quum
1450 1900 1518 1958 ab
1548 1904 1788 1958 auctoris
1814 1910 2016 1974 nepote
2044 1918 2246 1976 magna
2284 1918 2414 1959 cum
2455 1919 2588 1959 cura
2631 1911 2693 1959 et
2719 1902 2918 1957 so¹lici·

377 1989 598 2059 tudine,
635 1988 717 2043 uti
754 1988 869 2059 ipse
906 1990 1130 2055 asserit,
1174 1990 1241 2045 sit
1279 1990 1577 2055 adornata,
1623 1990 1814 2061 procul
1856 1988 2025 2046 dubio
2065 1990 2324 2047 omnibus
2359 1990 2484 2046 aliis
2525 1999 2671 2047 esset
2709 1989 2916 2062 paese-

379 2072 577 2141 renda,
618 2074 662 2129 si
703 2090 840 2145 pura
878 2082 933 2130 et
964 2076 1176 2155 integra
1215 2076 1287 2131 ad
1324 2091 1426 2131 nos
1460 2077 1814 2147 pervenisset.
1854 2082 1928 2133 At
1964 2094 2086 2133 eam
2122 2078 2178 2132 in
2217 2077 2503 2133 codicibus
2531 2078 2918 2148 superstitibus

379 2160 526 2215 baud
566 2163 753 2231 paucis
781 2164 1107 2234 cormptelis
1144 2172 1354 2219 scatere
1387 2174 1604 2219 certum
1631 2174 1743 2232 est3
1780 2181 1974 2220 omnes
2002 2166 2152 2221 enim
2197 2165 2451 2221 hodierni
2483 2166 2710 2221 codices
2739 2165 2918 2233 graeci

379 2248 448 2303 ab
475 2264 588 2304 uno
624 2251 927 2321 exemplari
957 2252 1089 2306 satis
1116 2260 1335 2307 recente
1364 2250 1705 2323 dependent,
1741 2252 1831 2325 qui
1861 2269 1974 2309 non
2004 2261 2224 2309 tantum
2253 2253 2400 2309 soliis
2427 2253 2716 2309 nonnullis
2739 2263 2915 2309 trans-

380 2336 572 2406 positis
602 2336 852 2392 ordinem
884 2338 1007 2395 libri
1037 2340 1453 2409 perturbaverat
1474 2344 1525 2407 (§
1551 2346 1638 2395 22.
1667 2357 1724 2395 n.
1753 2346 1776 2395 1
1805 2357 1858 2411 p.
1883 2345 2028 2408 355),
2057 2340 2155 2396 sed
2183 2342 2350 2399 etiam
2379 2340 2592 2397 lacunis
2621 2350 2679 2397 et
2707 2340 2918 2397 mendis

380 2423 483 2479 suit
522 2422 830 2493 difformis,
875 2426 959 2480 uti
1000 2443 1063 2481 ex
1110 2429 1339 2483 Patrum
1380 2444 1708 2500 graecorum
1755 2428 2178 2501 allegationibus
2224 2429 2444 2485 abunde
2491 2438 2739 2499 constat,
2778 2429 2918 2485 velut

382 2512 749 2567 Ecclesiastici
778 2512 944 2568 verba
972 2514 1119 2569 enim
1148 2517 1339 2571 Patres
1369 2531 1538 2588 quam
1566 2516 1799 2587 plurima
1838 2516 2102 2585 afferunt,
2138 2532 2280 2588 quae
2319 2516 2376 2571 in
2420 2515 2695 2573 hodierno
2727 2531 2918 2590 graeco

378 2608 531 2655 textu
560 2609 654 2655 aut
684 2601 843 2671 plane
872 2600 1254 2658 desiderantur
1282 2611 1378 2659 aut
1407 2604 1511 2659 alio
1543 2603 1708 2660 modo
1739 2604 2142 2677 exprimuntur.

446 2688 632 2743 Altera
663 2696 849 2743 autem
874 2705 940 2745 ex
974 2699 1127 2761 parte
1158 2690 1365 2748 latina
1392 2693 1584 2747 versio
1623 2692 1818 2747 eadem
1847 2708 2073 2763 prorsus
2109 2702 2220 2762 est,
2259 2708 2366 2765 qua
2410 2694 2632 2765 antiqua
2679 2694 2914 2751 Ecclesia

377 2790 474 2831 usa
517 2784 627 2843 est3
664 2792 729 2831 ex
777 2792 977 2848 graeco
1024 2777 1244 2847 quidem
1288 2788 1443 2834 textu
1491 2794 1616 2834 eam
1659 2795 1778 2835 esse
1802 2780 2124 2835 translatam
2159 2780 2361 2836 menda
2402 2783 2582 2855 graeci
2616 2790 2805 2838 textus
2833 2798 2914 2837 re·

377 2872 556 2932 tenta,
588 2878 855 2919 erroneae
878 2866 1060 2936 graeci
1085 2874 1269 2920 textus
1296 2868 1804 2938 interpretationeS,
1835 2868 2098 2924 vocabula
2125 2886 2318 2941 graeca
2343 2870 2520 2925 literis
2548 2870 2736 2926 latinis
2766 2871 2913 2925 duin-

378 2958 527 3007 taxat
565 2952 895 3023 transcripta
934 2953 1199 3022 docent¹3
1236 2952 1335 3009 sed
1372 2956 1734 3025 interpretem
1768 2956 2004 3011 latinum
2047 2966 2266 3027 praeter
2312 2972 2566 3029 graecam
2609 2961 2912 3014 versionem

376 3039 541 3093 etiam
589 3040 977 3111 primigenium
1018 3048 1233 3096 textum
1262 3040 1583 3097 hebraicum
1630 3058 1758 3112 prae
1787 3044 2045 3100 manibus
2082 3043 2340 3101 babuisse
2375 3053 2430 3101 et
2461 3045 2743 3102 interdum
2773 3061 2913 3102 seen-

374 3135 494 3180 tum
524 3140 669 3194 esse,
698 3126 836 3181 aliae
870 3128 1131 3183 lectiones
1170 3130 1451 3200 probabile
1490 3130 1732 3186 reddunt
1750 3132 1791 3187 ⁸.
1825 3132 1912 3186 Ad
1941 3133 2058 3188 eius
2091 3142 2275 3188 autem
2313 3148 2510 3204 puram
2539 3134 2912 3190 conservatio-

375 3228 503 3267 nem
528 3211 679 3284 quod
705 3215 933 3280 attinet,
957 3230 1313 3287 nequaquam
1343 3216 1667 3285 diffitemur,
1699 3233 1828 3273 eum
1857 3218 2054 3274 eadem
2079 3220 2317 3285 ratione,
2347 3236 2456 3291 qua
2477 3221 2723 3292 reliquos
2748 3222 2912 3278 libros

375 3300 658 3372 antiquos,
689 3302 1020 3374 negligentia
1055 3311 1111 3357 et
1140 3306 1550 3373 praesumtione
1577 3304 1934 3361 librariorum
1973 3308 2160 3361 multis
2199 3306 2415 3363 mendis
2443 3324 2560 3364 esse
2600 3308 2908 3372 foedatum,

374 3394 433 3441 at
458 3386 621 3459 longe
650 3390 931 3459 puriorem
965 3390 1195 3446 latinam
1234 3392 1574 3459 versionem,
1602 3408 1772 3463 quam
1815 3410 2068 3465 graecam
2089 3436 2103 3461 ,
2135 3394 2295 3450 nubis.
2339 3410 2457 3451 esse
2504 3398 2908 3458 transmissam,

374 3474 459 3529 vel
485 3490 551 3529 ex
582 3490 647 3529 eo
680 3478 797 3532 solo
826 3476 1033 3545 elucet,
1066 3478 1213 3549 quod
1244 3495 1598 3547 ‚qt-aecorum
1629 3482 1858 3536 Patrum
1888 3481 2126 3553 allegata
2161 3498 2288 3537 cum
2329 3482 2503 3539 latina
2531 3492 2728 3541 contra
2759 3498 2912 3558 grae-

373 3576 497 3616 cam
529 3562 845 3633 conspirent
858 3564 900 3619 ⁸.

433 3708 500 3773 (ι)
527 3709 709 3759 Menda
735 3710 987 3773 quaedam
1014 3727 1079 3763 ex
1106 3726 1285 3776 gracco
1314 3719 1459 3765 textu
1483 3716 1536 3764 in
1570 3716 1787 3766 latinum
1817 3720 2127 3775 transumta,
2157 3732 2332 3781 supra
2361 3720 2411 3782 (S
2438 3725 2515 3771 23.
2553 3720 2597 3784 t)
2627 3720 2730 3770 iam
2757 3720 2906 3771 adno-

372 3788 613 3838 tavimus.
645 3789 859 3851 MendiS,
889 3804 1023 3854 quae
1065 3806 1127 3841 ex
1156 3807 1365 3843 erronea
1405 3794 1624 3845 lectione
1663 3796 1743 3845 vel
1772 3796 2192 3859 interpretatione
2229 3800 2394 3862 graeci
2423 3801 2596 3849 textus
2633 3805 2808 3849 exorta
2835 3800 2906 3847 vi·-

369 3866 573 3925 dentur,
598 3866 721 3917 haec
742 3868 1145 3919 adnumerantur
1172 3889 1183 3920 :
1210 3876 1369 3933 22,33.
1397 3875 1530 3937 φίλον
1557 3876 1806 3925 σκεπάσαι
1831 3876 1920 3925 οὐκ
1944 3878 2330 3941 αἰσχυνθήσομαι
2365 3898 2390 3921 ιι
2415 3879 2632 3928 amicum
2665 3880 2910 3929 salutare

369 3960 471 3995 non
499 3946 787 3996 confundor
817 3964 840 3993 a>
874 3949 1193 4011 (permutatis
1222 3952 1482 4009 σκεπάσαι,
1512 3957 1792 4017 proteyere
1820 3958 1870 4004 et
1898 3956 2212 4013 ἀσπάζεσθαι,
2245 3958 2538 4021 salutare);
2572 3962 2712 4016 2⁶,21
2749 3963 2815 4015 ὡς
2840 3960 2904 4005 λι·

367 4026 513 4073 δάνον
542 4026 677 4089 ἀτμίς
711 4044 735 4071 «ι
764 4028 911 4090 quasi
940 4028 1158 4077 Libanus
1188 4044 1288 4079 non
1318 4031 1506 4080 incisus
1539 4052 1562 4073 a·
1595 4032 1706 4095 (pro
1737 4053 1760 4075 κ
1792 4035 1936 4084 sicul
1961 4035 2142 4084 thuris
2157 4036 2355 4095 sumus
2383 4052 2438 4093 »ς
2465 4036 2588 4099 legit
2615 4038 2791 4099 ἄτομος
2825 4048 2908 4100 pro

368 4104 509 4167 ἀτμίς
550 4108 603 4153 et
645 4106 815 4155 omisit
842 4120 1018 4157 vocem
1047 4108 1258 4172 λιόἀνου)
1296 4113 1392 4159 etc.
1428 4137 1491 4146 —
1520 4111 1780 4161 vocabula
1809 4112 1977 4163 latinis
2006 4112 2168 4163 literis
2199 4114 2504 4179 transcripta
2535 4132 2548 4163 ε
2579 4120 2661 4173 6‚5
2696 4134 2720 4161 a
2747 4116 2905 4177 lingua

366 4182 620 4233 eucharis
650 4202 695 4243 ι,
724 4190 865 4243 2034
896 4206 923 4229 σι
952 4186 1105 4237 homo
1138 4188 1365 4239 acharis
1394 4208 1439 4248 ν,
1476 4194 1588 4250 18,6
1610 4210 1636 4233 σι
1667 4190 2019 4255 aporiabitur
2047 4210 2070 4239 n
2101 4197 2198 4243 etc.

430 4270 497 4332 (2)
530 4268 617 4321 Gfr
648 4276 755 4331 1‚33
783 4274 987 4331 ἐντολάς,
1028 4276 1175 4339 Vulq.
1208 4296 1234 4320 «ι
1264 4278 1542 4327 iustitiam
1579 4294 1624 4336 n,
1660 4280 1782 4342 quia
1809 4270 2017 4333 ΌΞΦὩ
2047 4284 2326 4345 utrumque
2355 4295 2560 4332 sensum
2589 4281 2768 4339 babct;
2801 4284 2900 4335 1,37

366 4357 415 4404 ἐν
453 4358 695 4445 σῖτόμασιν
736 4361 999 4427 ἀνθρώπων
1028 4363 1175 4425 vulg.
1218 4384 1243 4407 a
1288 4364 1341 4413 in
1388 4370 1678 4429 conspectu
1720 4366 1986 4417 hominum
2027 4388 2072 4430 n,
2112 4370 2162 4417 in
2199 4369 2340 4419 hebr.
2373 4370 2736 4433 proculdubio
2780 4345 2898 4421 ³:3¹7

370 4445 572 4496 D'tm&
602 4449 697 4495 etc.

430 4520 495 4583 (3)
528 4523 765 4573 Clemens
796 4528 943 4577 Δία.
985 4531 1037 4579 in
1065 4529 1265 4581 duobus
1292 4530 1550 4595 prioribus
1591 4532 1873 4597 Paedagogi
1911 4534 2054 4585 libris
2082 4535 2262 4585 saltem
2292 4540 2408 4587 octo
2447 4540 2618 4587 textus
2647 4537 2821 4591 habet,
2851 4534 2895 4582 in

362 4598 551 4661 quibus
578 4599 642 4649 ab
673 4602 922 4653 hodierno
944 4620 1121 4669 graeco
1152 4613 1297 4659 textu
1324 4609 1562 4660 dissentit
1587 4614 1642 4661 et
1667 4626 1782 4662 cum
1815 4614 2030 4675 Vulgata
2057 4616 2330 4665 consentit.
