3050 5184
85 0 102 176 l

81 273 86 362 κ

75 555 82 700 1

681 350 759 394 nn
794 351 1208 396 EPISTOLARUM
1250 353 1635 398 mammam
1675 351 2062 398 ascensuro.
2524 337 2642 396 535

152 481 199 534 S.
220 480 641 548 chrysostomus
658 491 765 538 etc.
788 483 1009 540 Revera
1035 483 1221 540 nullus
1248 499 1517 556 umquam
1536 483 1830 556 theologus
1855 483 1925 540 de
1945 493 2272 556 argumento
2293 498 2642 556 quocumque

154 567 421 640 theologico
438 576 676 625 tractare
695 571 897 641 potuit,
919 571 1051 642 quin
1070 571 1141 628 ad
1160 571 1420 642 epistolas
1441 572 1696 642 paulinas
1713 581 2043 641 recurreret,
2068 581 2125 628 et
2141 572 2346 643 optima
2369 586 2637 642 quaeque,

152 669 269 724 quae
292 654 357 711 de
381 657 497 712 Deo
537 657 848 729 divinisque
886 658 1055 714 rebus
1100 658 1261 715 nobis
1300 657 1657 715 tradiderunt
1696 661 1888 715 Patres
1923 665 1980 715 et
2012 657 2287 732 theologi,
2329 657 2640 730 explanatio

152 740 389 811 quaedam
411 752 541 800 sunt
568 752 626 801 et
652 746 933 802 enarratio
972 761 1186 815 eorum,
1218 762 1359 818 quae
1390 747 1598 802 Paulus
1631 762 1662 802 a
1693 747 1896 818 Spiritu
1923 748 1979 804 S.
2019 747 2328 802 illustratus
2354 744 2636 800 docuerat.

152 833 213 883 At
232 845 385 885 unum
414 839 497 886 est
518 841 925 904 argumentum,
956 832 1110 905 quod
1130 833 1191 890 in
1218 834 1493 906 plerisque
1518 833 1766 905 epistolis
1791 834 2028 890 recurrit
2058 853 2072 888 :
2100 833 2398 901 Christum,
2419 831 2525 888 Dei
2547 832 2637 886 Fi-

151 917 275 984 lium,
304 919 548 974 omnium
588 921 815 976 omnino
860 920 1151 977 hominum
1192 937 1313 978 esse
1354 922 1748 986 redemtorem,
1792 937 1822 977 a
1853 938 1964 994 quo
2001 921 2119 976 solo
2166 921 2346 976 omnis
2383 919 2554 993 gratia
2583 918 2638 972 in

146 1017 307 1059 omnes
336 1005 645 1076 derivatur,
675 1023 871 1064 omnes
898 1015 1084 1066 autem
1114 1009 1369 1065 homines
1398 1017 1596 1080 utpote
1623 1009 1683 1064 in
1719 1016 2109 1081 protoparente
2141 1007 2370 1064 infectos
2411 1013 2638 1078 peccato

148 1089 358 1163 indigere
384 1093 483 1150 illa
508 1095 685 1168 gratia
716 1112 899 1167 neque
926 1096 1094 1154 aliam
1132 1098 1278 1152 viam
1308 1096 1383 1153 ad
1423 1113 1551 1154 eam
1587 1096 1948 1153 obtinendam
1989 1105 2176 1168 patere
2216 1103 2432 1166 praeter
2471 1093 2638 1149 tidem

148 1176 321 1247 vivam3
348 1197 526 1254 neque
550 1183 703 1238 enim
729 1185 935 1256 Legem
952 1184 1253 1242 mosaicam
1273 1185 1471 1257 ipsam,
1499 1185 1605 1240 etsi
1624 1183 1940 1255 παιδαγωγὸς
1959 1183 2025 1245 εἰς
2040 1183 2248 1254 Χριστόν
2270 1183 2454 1250 suerit,
2475 1179 2637 1251 quid-

144 1280 281 1334 quam
300 1267 367 1324 ad
392 1271 631 1326 salutem
659 1271 1107 1343 consequendam
1130 1273 1367 1344 amplius
1393 1271 1646 1328 conl'erre
1673 1272 1912 1344 ideoque
1935 1287 2060 1327 eam
2087 1271 2292 1327 Christi
2319 1278 2498 1327 morte
2519 1284 2637 1324 csse

142 1349 391 1420 abolitam,
413 1365 479 1412 ut
500 1357 692 1414 Iudaei
704 1368 759 1415 et
780 1359 985 1416 ethnici
1005 1359 1064 1414 in
1082 1375 1257 1416 unum
1282 1375 1483 1430 corpus
1496 1360 1888 1428 coalescerent,
1907 1360 2062 1414 cuius
2080 1375 2142 1414 ca
2148 1366 2247 1429 put
2263 1367 2348 1414 est
2364 1357 2632 1413 Christus

210 1507 264 1562 2.
294 1539 369 1549 —
396 1508 597 1579 Quam
622 1509 969 1570 doctrinam
999 1511 1337 1590 Apostolus
1367 1529 1441 1572 eo
1466 1511 1854 1588 frequentius
1875 1514 1936 1572 et
1954 1506 2634 1586 accuratiusexplanarc

139 1603 189 1658 et
204 1601 499 1664 inculcare
520 1605 877 1684 cogebatur,
906 1623 1033 1684 quo
1054 1607 1377 1668 ardentius
1397 1607 1685 1668 nonnulli
1708 1625 1782 1666 ex
1802 1603 2390 1668 Iudaeochristianis
2410 1601 2637 1680 pseud-

140 1699 373 1771 apostoli
414 1717 553 1760 eam
576 1700 926 1762 adulterare
962 1704 1369 1776 conabantur,
1400 1703 1696 1776 ethniciS,
1723 1703 1844 1764 nisi
1881 1700 2498 1770 circumciderentur,
2528 1701 2634 1758 aut

140 1792 369 1854 salutem
399 1797 885 1876 ingressumque
906 1799 970 1858 in
1001 1800 1342 1860 Ecclesiam
1368 1799 1550 1877 plane
1573 1802 1870 1876 negantes
1889 1802 1996 1859 aut
2025 1797 2250 1858 saltem
2269 1795 2632 1855 inferiorem

138 1887 313 1950 locum
341 1893 708 1971 minoraque
740 1895 881 1954 iura
910 1895 1237 1956 dumtaxat
1262 1895 1328 1955 in
1358 1896 1635 1956 Ecclesia
1661 1895 2100 1956 concedenteS.

192 2003 373 2059 Primis
410 2005 692 2062 Ecclesiae
728 2007 1073 2079 temporibus
1116 2009 1367 2080 quaestio
1413 2007 1483 2064 de
1531 2008 1694 2080 Legis
1721 2008 1982 2080 antiquae
2025 2005 2098 2062 ad
2131 2021 2336 2063 novam
2363 2005 2632 2061 relatione

137 2103 225 2144 non
248 2107 472 2162 parvam
497 2094 703 2150 creavit
731 2093 1136 2151 difficultatem.
1168 2096 1403 2152 Disertis
1432 2094 1657 2166 quidem
1679 2096 1858 2151 verbis
1887 2096 2158 2150 Dominus
2181 2093 2479 2166 Apostolos
2506 2107 2630 2146 om-

134 2176 267 2233 nibus
292 2181 520 2236 omnino
549 2181 867 2238 hominihus
904 2183 1263 2255 Evangelium
1298 2183 1622 2255 praedicare
1657 2182 1918 2251 iusserat,
1947 2192 2003 2239 at
2032 2190 2221 2238 utrum
2259 2181 2464 2237 ethnici
2500 2189 2628 2235 ante

136 2263 437 2336 baptismum
465 2268 877 2326 circumcisione
901 2272 1107 2342 populo
1136 2271 1312 2328 electo
1341 2280 1525 2326 essent
1550 2270 1826 2327 inserendi
1855 2285 2047 2338 necne,
2076 2269 2279 2326 diserte
2298 2284 2411 2323 non
2430 2267 2628 2322 docue-

136 2361 215 2408 rat.
242 2354 364 2411 ldeo
384 2356 613 2429 quando
641 2358 838 2412 Petrus
866 2358 1129 2432 singulari
1152 2358 1486 2414 revelatione
1506 2358 1737 2414 edoctus
1756 2359 1963 2430 primos
1986 2357 2238 2413 ethnicos
2255 2372 2370 2412 non
2389 2357 2626 2412 circum-

134 2441 247 2496 cisos
272 2444 340 2499 ad
359 2443 704 2516 baptismum
728 2445 1044 2508 admiserat,
1077 2445 1265 2501 mirati
1302 2455 1431 2501 sunt
1465 2443 1981 2514 Iudaeochristiani,
2033 2466 2058 2496 α
2097 2444 2247 2517 quod
2279 2453 2334 2500 et
2371 2443 2626 2515 gentibus

132 2529 253 2586 Deus
287 2531 687 2602 poenitentiam
714 2531 959 2589 dedisset
987 2532 1057 2589 ad
1082 2535 1249 2589 vitam
1293 2553 1319 2584 n
1358 2538 1509 2601 (Act.
1560 2538 1921 2601 10,1-11,18).
1970 2533 2074 2588 Illo
2115 2531 2339 2604 quidem
2375 2538 2625 2601 tempore

131 2617 447 2690 quieverunt,
482 2619 882 2691 dispensationi
911 2618 1128 2678 divinae
1156 2620 1625 2678 extraordinariae
1664 2621 2058 2676 admissionem
2092 2620 2334 2676 Cornelii
2360 2618 2624 2674 familiae·

129 2719 215 2774 que
238 2705 378 2775 eiua,
410 2715 479 2763 ut
506 2707 742 2774 videtur,
774 2707 1179 2778 adscribentes3
1206 2708 1530 2765 resuscitata
1555 2718 1744 2765 autem
1772 2716 1856 2764 est
1880 2708 2150 2780 quaestio,
2173 2704 2397 2778 quando
2426 2706 2624 2760 Antio-

126 2791 257 2849 chiae
289 2795 507 2868 integra
540 2795 772 2852 ecclesia
812 2805 899 2852 est
936 2805 1153 2863 exorta,
1186 2811 1330 2868 quae
1366 2797 1602 2854 ethnicis
1644 2813 1757 2852 non
1797 2794 2134 2852 circumcisis
2169 2796 2484 2866 Legemque
2511 2808 2624 2848 non

125 2879 517 2939 observantibus
540 2883 847 2939 constabat.
882 2882 1373 2940 Iudaeochristiani
1400 2884 1832 2957 ierosolymitani
1851 2885 2000 2940 enim
2035 2883 2162 2938 illos
2196 2903 2220 2932 α
2254 2882 2359 2936 nisi
2392 2881 2624 2934 circum·

124 2966 409 3026 ciderentur
438 2971 589 3026 iuxta
612 2987 827 3026 morem
855 2972 1080 3044 ‘MoysiS‚
1109 2988 1223 3027 non
1252 2987 1411 3043 posse
1434 2972 1634 3028 salvari
1660 2991 1686 3022 n
1723 2980 2054 3043 putaverunt
2075 2974 2228 3035 (Act.
2261 2967 2426 3039 15‚1),
2457 2976 2622 3037 atque

122 3059 343 3124 Apostoli
368 3058 623 3114 sollemni
649 3058 872 3115 decreto
896 3057 1131 3115 definire
1160 3059 1455 3127 debebant,
1488 3058 1743 3115 ethnicos
1775 3075 1889 3114 non
1923 3057 2280 3114 circumcisos
2313 3056 2385 3111 ad
2413 3055 2622 3126 baptis-

120 3157 250 3198 mum
266 3159 381 3202 esse
411 3146 813 3215 admittendoS,
844 3145 1111 3204 admissos
1140 3156 1327 3203 autem
1353 3147 1509 3203 nullo
1539 3145 1708 3202 modo
1737 3145 1807 3201 ad
1832 3146 1994 3218 Legis
2031 3143 2438 3201 observantiam
2479 3141 2622 3197 obli-

120 3231 216 3299 gari
244 3235 392 3298 (Act.
430 3238 591 3298 15,23
614 3240 781 3306 sqq.).

174 3318 284 3388 Quo
329 3320 557 3378 decreto
600 3321 755 3378 litem
795 3323 1071 3396 integram
1102 3339 1216 3378 non
1253 3337 1371 3378 esse
1406 3322 1638 3390 finitam,
1679 3321 1834 3378 brevi
1876 3327 2066 3392 postea
2103 3321 2382 3392 apparuit;
2417 3317 2622 3374 etenim

116 3403 657 3464 Ethnicochristiauos
699 3409 926 3480 quidem
962 3411 1109 3481 Lege
1136 3410 1376 3465 mosaica
1401 3426 1515 3465 non
1553 3409 1754 3476 teneri,
1784 3407 2074 3464 definitum
2101 3416 2245 3475 erat,
2279 3404 2378 3464 sed
2423 3405 2495 3462 de
2536 3409 2623 3460 lu-

114 3493 663 3552 daeochristianorum
696 3496 962 3554 relatione
996 3496 1067 3552 ad
1104 3499 1313 3569 Legem
1344 3496 1479 3552 nihil
1519 3497 1724 3552 diserte
1752 3505 1871 3552 erat
1897 3496 2200 3562 sancitum;
2231 3495 2469 3550 salutem
2509 3508 2622 3548 non

114 3595 251 3646 posse
270 3585 460 3658 negari
478 3583 1032 3640 Ethnicochristianis
1062 3599 1129 3640 ex
1154 3584 1379 3640 decreto
1404 3585 1554 3640 clare
1575 3582 1845 3652 elucebat,
1869 3591 1927 3638 at
1947 3597 2084 3638 num
2106 3581 2624 3638 Iudaeochristianis

111 3679 273 3725 essent
292 3687 453 3742 pares
477 3671 782 3744 eademque
810 3672 1081 3729 haberent
1102 3672 1245 3740 iura,
1276 3687 1449 3744 aeque
1473 3673 1684 3726 clarum
1713 3687 1827 3727 nou
1850 3678 1984 3726 erat.
2020 3673 2200 3726 Immo
2225 3670 2404 3740 ipsum
2428 3668 2622 3723 decre-

110 3763 211 3811 tum
245 3759 651 3816 iudaizautihus
687 3769 1075 3833 argumentum
1117 3757 1383 3830 praebere
1415 3758 1722 3827 videbatur,
1755 3774 1864 3831 quo
1893 3756 2442 3814 Ethnicochristiauis
2475 3755 2620 3810 insc-

110 3843 287 3900 riorem
327 3846 563 3920 gradum
604 3847 661 3902 in
698 3847 943 3902 Ecclesia
979 3856 1293 3918 competere
1331 3844 1624 3909 docerent;
1666 3845 1907 3918 quatuor
1942 3845 2090 3902 enim
2132 3851 2445 3916 praecepta,
2479 3855 2622 3914 quae

107 3931 378 4006 neophytis
402 3934 638 3990 ethnicis
664 3934 1092 4006 imponebantur
1117 3939 1262 3999 (Act.
1302 3939 1503 4002 15,29),
1534 3933 1729 3989 eadem
1755 3941 1932 3998 erant,
1966 3949 2107 4005 quae
2137 3931 2323 3988 ludaei
2351 3929 2465 3986 suis
2487 3944 2618 4002 pro·

106 4017 273 4088 selytis
298 4020 527 4078 secundi
554 4021 759 4094 gradus
794 4028 845 4089 (a
891 4021 1180 4094 proselytis
1221 4029 1413 4094 portae
1444 4026 1495 4088 n)
1537 4021 1954 4092 imponebant1,
1993 4019 2142 4076 unde
2173 4019 2330 4074 facile
2366 4015 2620 4073 concludi

156 4169 215 4230 (1)
240 4173 281 4218 A
308 4169 539 4221 rabbinis
564 4170 695 4220 duae
722 4169 1093 4234 proselytorum
1133 4169 1317 4220 classes
1350 4169 1814 4232 distinguebantur.
1849 4167 1946 4218 Alii
1975 4169 2106 4218 enim
2140 4166 2329 4218 ethnici
2354 4165 2617 4217 circumci-

102 4243 227 4296 sione
246 4253 446 4313 recepta
474 4253 634 4299 totam
666 4251 845 4312 Legem
872 4248 1141 4308 mosaicam
1173 4247 1393 4312 amplexi
1419 4249 1483 4298 ad
1508 4249 1820 4298 Iudaismum
1857 4247 2066 4298 omnino
2102 4247 2416 4297 transierunt
2444 4247 2496 4296 et
2527 4259 2614 4294 ve·

102 4331 169 4382 lut
189 4337 407 4387 membra
430 4339 647 4399 genuina
671 4337 843 4402 populi
864 4336 1013 4386 electi
1040 4337 1384 4398 habebantur3
1418 4353 1443 4384 α
1466 4336 1710 4400 proselyti
1733 4335 1956 4385 iustitiae
1983 4351 2006 4380 ι)
2044 4336 2222 4425 (ΡἹῘΠ
2255 4331 2361 4394 ΊἾᾹ)
2393 4333 2612 4398 appella·
2707 4377 2715 4388 ,

98 4409 284 4465 bantur.
307 4417 545 4480 Plerique
572 4419 759 4474 autem,
786 4416 975 4480 quibus
996 4415 1317 4467 circumcisio
1344 4415 1653 4478 repugnabat
1681 4414 1942 4478 totiusque
1963 4417 2108 4478 Legis
2129 4414 2414 4464 observatio
2438 4413 2619 4462 durior

96 4496 211 4554 erat,
243 4495 385 4545 iuxta
409 4499 597 4558 septem
627 4513 653 4539 κ
688 4497 951 4559 praecepta
980 4495 1219 4544 noachica
1248 4511 1273 4542 n
1304 4493 1557 4546 abstinere
1585 4493 1838 4544 debebant
1861 4493 1926 4544 ab
1959 4493 2278 4545 idololatria
2303 4497 2352 4543 et
2383 4491 2615 4554 blasphe-

100 4570 210 4632 mia,
252 4573 553 4635 homicidio,
602 4575 777 4638 rapina
824 4579 875 4624 et
933 4573 1231 4636 rebellione,
1274 4576 1485 4624 incestu
1532 4573 1816 4636 (connubiis
1861 4587 1977 4622 cum
2025 4574 2362 4637 propinquis),
2421 4583 2618 4634 esuque

94 4654 365 4715 sanguini-s
410 4659 462 4706 et
502 4652 793 4718 suffocati,
842 4656 994 4717 atque
1037 4652 1221 4702 deinde
1266 4652 1331 4702 ad
1373 4656 1552 4702 coetus
1596 4665 1768 4702 sacros
1813 4651 1868 4701 in
1909 4653 2172 4716 synagogis
2213 4651 2618 4716 frequentandos
