3050 5184
417 296 532 357 160
661 312 937 356 HISTORIA
979 309 1331 353 EXEGESEOS.
1381 325 1458 334 ·-
1500 307 1629 351 cAP.
1681 307 1763 351 lv.
1820 306 2148 351 GATHOLICA
2193 303 2697 351 INTERPRETATIO.

418 443 490 523 (†
522 443 746 524 1135.),
782 445 954 523 Huqo
984 462 1023 503 a
1049 444 1114 503 S.
1167 442 1307 501 Vicc.
1334 439 1403 519 (†
1433 440 1659 514 1141),
1687 438 1903 500 Petrus
1932 433 2313 501 Abaelardus
2334 438 2407 518 (†
2437 437 2661 517 1142),
2691 436 2917 498 Heraeus
3009 406 3010 411 ἵ

418 542 655 601 Dotem.
709 540 777 621 (†
826 537 1053 619 1145),
1105 541 1168 601 S.
1225 537 1565 599 Bernardus
1608 538 1849 597 Clarav.
1908 536 1975 615 (†
2022 535 2229 615 1158.)
2248 580 2262 607 ,
2316 539 2534 598 Petrus
2586 536 2919 596 lombardus

419 636 486 715 (†
515 636 744 717 4164),
781 636 1082 698 Gerholzus
1111 636 1549 713 Reichersperq.
1578 632 1645 713 (†
1676 632 1904 711 1169.)‚
1930 634 2262 694 Richardus
2290 652 2329 693 a
2354 634 2420 693 S.
2454 634 2598 693 Vici.
2626 634 2689 710 (ἢ
2718 634 2917 705 1173),

418 738 635 795 Petrus
669 736 965 795 Comeslor
994 732 1064 811 (†
1092 734 1265 794 1178.
1299 732 1396 791 vel
1428 730 1658 807 1198.).

487 839 643 893 Inter
665 853 804 908 quos
824 841 1026 892 Bruno
1051 840 1177 891 Ast.
1205 844 1261 889 et
1283 838 1340 891 S.
1368 833 1715 889 Ber-nardus
1740 834 1799 888 in
1823 833 2107 902 omnibus,
2144 833 2405 889 Victorini
2430 838 2600 904 Huqo
2628 842 2682 887 et
2710 832 2924 886 liic-liar·

419 925 532 981 dus
549 927 608 981 in
629 926 904 997 plerisque
924 924 1183 995 operibus
1201 924 1315 978 suis
1334 922 1629 994 exegeticis
1648 921 1939 993 allegorias
1955 931 2010 976 et
2026 922 2360 995 tropologias
2372 920 2618 988 tradunt,
2640 920 2925 976 Richardus
3009 960 3010 967 ,

416 1021 607 1069 tamen
632 1014 689 1068 in
713 1012 993 1068 nonnullis
1019 1010 1090 1066 de
1114 1012 1234 1067 solo
1262 1009 1462 1066 literali
1491 1025 1656 1065 sensu
1684 1009 1951 1065 sollicitus
1976 1018 2076 1065 est.
2107 1014 2392 1081 Rupertus
2420 1012 2577 1064 Tuit.
2620 1020 2676 1063 et
2703 1012 2925 1063 Hert-eus
3009 1020 3010 1059 f

420 1100 586 1169 Dol.,
619 1100 774 1156 cuius
801 1099 1231 1156 commentarius
1261 1098 1316 1153 in
1346 1097 1607 1153 Paulinas
1643 1096 1745 1153 sub
1774 1096 1996 1153 nomine
2024 1100 2081 1155 S.
2124 1097 2393 1153 Anselmi
2426 1097 2599 1152 Cant.
2642 1097 2770 1151 olim
2806 1095 2925 1150 alle·
3009 1144 3010 1163 ,

421 1188 540 1260 gari
573 1188 812 1254 solebat,
843 1188 1017 1243 multa
1044 1203 1110 1243 ex
1138 1185 1396 1242 Patribus
1430 1185 1833 1251 transcribunt,
1860 1184 1957 1240 sed
1986 1185 2210 1256 propria
2237 1201 2350 1240 non
2378 1200 2551 1256 pauca
2586 1185 2782 1256 partim
2806 1184 2926 1238 alle-

423 1277 606 1347 gorica
635 1276 840 1348 partim
867 1291 1090 1331 sensum
1116 1274 1391 1330 literalem
1417 1273 1755 1329 illustrantia
1791 1272 2019 1329 addunt.
2064 1278 2270 1329 Petrus
2308 1272 2694 1329 Abaelardus
2730 1274 2923 1327 Hexae·

422 1379 614 1419 meron
633 1372 691 1419 et
713 1380 801 1435 ep.
825 1364 896 1419 ad
921 1366 1084 1419 Rom.
1113 1362 1402 1418 literaliter
1423 1361 1735 1433 explicavit,
1762 1370 1927 1432 atque
1947 1360 2221 1417 literalem
2241 1361 2409 1417 etiam
2434 1377 2658 1417 sensum
2682 1361 2927 1417 librorum
3009 1358 3010 1365 ’

423 1451 809 1508 historicorum
845 1456 1054 1507 Petrus
1090 1454 1394 1507 comestor
1426 1447 1657 1507 tradidit
1692 1450 1748 1504 in
1794 1464 1893 1505 sua
1930 1449 2175 1505 Historia
2212 1448 2558 1505 scholastica.
2603 1450 2927 1521 singularem

423 1539 731 1611 explicandi
771 1540 1045 1595 rationem
1080 1540 1256 1594 tenuit
1295 1538 1601 1595 Gerhohus
1632 1553 1720 1592 res
1764 1553 1896 1593 suae
1933 1538 2131 1593 aetatis
2177 1538 2235 1592 in
2262 1538 2494 1593 Psalmis
2521 1538 2827 1609 praedictas
2860 1536 2928 1589 vi-

423 1626 577 1683 dens,
603 1627 950 1683 Scholasticis
969 1627 1194 1682 demum
1218 1624 1611 1696 interpretibus
1631 1624 2042 1696 quodammodo
2067 1624 2330 1696 praelusit
2351 1630 2559 1681 Petrus
2578 1624 2932 1681 Lombardus

420 1731 534 1770 non
563 1714 788 1787 quidem
815 1716 874 1769 in
905 1715 1254 1770 Psalmorum
1283 1716 1710 1780 commentariO,
1740 1714 1835 1784 qui
1860 1712 1933 1769 ad
1968 1722 2292 1769 catenarum
2319 1728 2493 1785 genus
2515 1729 2689 1785 prope
2718 1712 2927 1775 accedit,

423 1802 516 1857 sed
545 1804 602 1857 in
623 1805 733 1857 suis
764 1824 789 1854 α
818 1802 1168 1858 collectaneis
1192 1823 1217 1853 »
1248 1803 1306 1857 in
1337 1802 1593 1857 Paulinas
1616 1802 1895 1872 epistolas,
1928 1803 2157 1857 Patrum
2184 1802 2805 1874 enitmexpositionibus,
2832 1800 2931 1871 qui·

423 1890 523 1945 bus
551 1891 796 1962 singulas
824 1889 1051 1961 phrases
1079 1889 1398 1958 illustravit,
1432 1890 1793 1959 epistolarum
1834 1888 2161 1945 divisionem
2202 1889 2711 1961 sententiarumque
2750 1902 2932 1944 nexum

423 1977 636 2033 addidit
663 1987 829 2049 atque
854 1978 1129 2051 longiores
1156 1993 1376 2049 quoque
1405 1977 1800 2049 explicationes
1828 1976 2169 2049 dogmaticas
2194 1978 2443 2033 inseruit.

499 2122 557 2180 3.
591 2152 670 2164 —-
698 2120 962 2180 SAECULO
995 2121 1116 2190 13.‚
1142 2136 1363 2180 aureae
1392 2120 1583 2179 aetati
1604 2120 1959 2197 theologiae
1980 2120 2419 2192 scholasticae,
2446 2120 2682 2198 egregii
2712 2120 2934 2179 labores
3009 2134 3010 2137 ¹

423 2216 867 2296 scripturistici
898 2216 1226 2277 debentur.
1251 2217 1542 2277 Criticam
1572 2233 1808 2276 sacram
1830 2233 1905 2276 eo
1934 2220 2220 2294 tempore
2244 2222 2698 2293 promoverunt
2718 2232 2936 2277 correc-

423 2314 730 2374 toriorum
761 2313 1032 2373 editores
1063 2312 1245 2391 (Diss.
1279 2314 1357 2373 ΙΙ.
1382 2316 1413 2389 ξ
1443 2313 1631 2390 173),
1658 2330 1731 2373 ex
1759 2312 2209 2390 interpretibus
2238 2316 2452 2373 autem
2482 2313 2794 2373 nominari
2824 2328 2936 2372 me-

421 2415 638 2471 rentur
663 2409 846 2489 Huqo
874 2428 912 2469 a
938 2411 1004 2470 S.
1039 2411 1195 2469 Caro
1227 2408 1294 2488 (†
1325 2408 1553 2489 1260.)‚
1584 2411 1655 2469 Β.
1691 2410 1965 2469 tilbertus
1996 2412 2077 2469 M.
2113 2408 2181 2488 Η-
2211 2408 2440 2488 1280.),
2463 2411 2527 2470 S.
2559 2411 2809 2470 Thomas
2836 2412 2933 2483 Aq.

421 2507 490 2585 (†
520 2506 746 2584 1274),
777 2508 843 2567 S.
874 2508 1311 2567 Bonaventura
1339 2505 1408 2585 (†
1437 2506 1668 2585 1274.),
1702 2506 2099 2584 Raym-undus
2130 2508 2421 2566 Martinus
2450 2505 2522 2584 (†
2551 2506 2780 2585 1290.).

488 2612 800 2667 Paucorum
827 2610 1144 2679 dumtaxat,
1175 2608 1273 2665 sed
1303 2610 1753 2681 praecipuorum,
1782 2609 2239 2665 scholasticorum
2268 2610 2475 2665 saeculi
2506 2614 2589 2665 13.
2625 2626 2793 2680 opera
2820 2609 2938 2664 scri-

420 2697 706 2770 pturistica
744 2699 890 2771 typis
917 2706 1046 2754 sunt
1082 2698 1374 2769 descripta.
1411 2698 1600 2753 Card.
1630 2700 1863 2770 Huyom'
1892 2698 2096 2768 primas
2132 2698 2405 2769 vulgatae
2449 2697 2865 2755 concordantias
2892 2704 2939 2749 et

419 2801 590 2841 uuum
617 2802 684 2841 ex
703 2786 1052 2843 correctoriis
1077 2786 1266 2842 deberi
1289 2786 1403 2842 iam
1420 2785 1661 2841 diximus
1680 2808 1693 2852 ;
1722 2784 1900 2840 eidem
1922 2786 2090 2841 etiam
2116 2786 2173 2840 in
2191 2801 2383 2841 omnes
2402 2785 2573 2841 libros
2592 2801 2783 2842 sacros
2802 2786 2939 2841 Com-

417 2874 674 2929 mentarii
702 2874 1000 2942 (Postillae)
1031 2872 1322 2943 debentur,
1353 2874 1411 2928 in
1445 2873 1645 2945 quibus
1675 2872 2003 2928 divisionem
2038 2871 2314 2928 librorum
2352 2871 2720 2944 idearumque
2756 2886 2938 2928 nexum

421 2962 746 3033 plerumque
774 2962 979 3017 indicat
1007 2960 1388 3032 literalemque
1417 2960 1849 3031 explicationem
1877 2960 1946 3016 ab
1985 2961 2279 3033 allegorica
2309 2960 2385 3015 ita
2416 2968 2664 3031 separat,
2698 2971 2759 3017 ut
2787 2962 2942 3016 inter-

420 3048 551 3103 dum
590 3049 748 3120 quasi
783 3048 1057 3120 duplicem
1093 3050 1559 3104 commentarium
1598 3047 1821 3104 tradere
1855 3046 2127 3104 videatur.
2164 3052 2229 3103 B.
2267 3049 2548 3103 Albertus
2587 3052 2669 3104 M.
2712 3050 2862 3105 vario
2894 3048 2941 3101 in

419 3137 582 3191 variis
608 3136 764 3191 libris
788 3152 988 3208 genere
1011 3136 1419 3208 interpretandi
1447 3138 1650 3204 utitur;
1682 3136 1741 3191 in
1778 3137 2089 3205 nonnulliS,
2118 3137 2200 3191 uti
2231 3137 2286 3191 in
2312 3137 2578 3207 PsalmiS,
2601 3138 2792 3192 omnia
2822 3136 2944 3191 alle-

420 3225 602 3295 gorice
633 3232 729 3279 aut
755 3224 1098 3295 tropologice
1127 3225 1390 3295 explicat,
1423 3226 1482 3280 in
1513 3225 1662 3293 aliis,
1694 3224 1779 3280 uti
1804 3224 1864 3280 in
1893 3224 2179 3295 prophetis
2206 3224 2541 3293 minoribuS,
2573 3225 2820 3297 singulos
2848 3224 2947 3279 fere

419 3320 601 3366 textus
625 3311 904 3381 parallelis
929 3311 1172 3368 illustrat
1199 3311 1297 3367 sed
1323 3311 1392 3368 ab
1422 3312 1697 3384 allegoriis
1723 3328 1839 3368 non
1863 3312 2119 3380 abstinet,
2151 3312 2209 3367 in
2236 3312 2385 3381 aliiS,
2411 3313 2499 3367 uti
2527 3314 2587 3367 iu
2614 3312 2943 3385 EvangeliiS.

417 3400 598 3454 solum
625 3414 846 3454 sensum
877 3399 1149 3455 literalem
1177 3400 1256 3456 ita
1284 3401 1599 3472 investigat,
1632 3408 1695 3455 ut
1722 3400 1937 3474 singula
1970 3400 2134 3456 verba
2170 3399 2589 3473 diligentissime
2624 3402 2868 3458 excutiat
2901 3408 2947 3453 et

416 3502 622 3541 nexum
648 3495 904 3543 accurate
941 3487 1170 3544 indicet.
1210 3490 1486 3545 Maximus
1522 3504 1668 3545 saec.
1723 3495 1806 3545 13.
1855 3488 2127 3560 interpres
2156 3494 2239 3543 est
2264 3492 2321 3545 S.
2370 3488 2624 3545 Thomas
2666 3494 2817 3563 Aq.;
2845 3488 2950 3543 eius

417 3575 624 3629 Catena
663 3590 828 3630 aurea
864 3576 922 3630 in
955 3575 1247 3649 Evangelia
1280 3577 1424 3632 inter
1468 3592 1663 3632 omnes
1700 3574 1900 3632 latinas
1938 3576 2180 3647 primum
2218 3576 2406 3631 locum
2440 3584 2621 3645 tenet,
2656 3578 2777 3633 eius
2809 3591 2950 3631 com-

415 3662 720 3717 mentarius
748 3663 807 3718 in
832 3664 1094 3719 Paulinas
1124 3665 1293 3720 etiam
1321 3681 1353 3721 a
1380 3663 1665 3721 modernis
1692 3663 2088 3736 interpretibus
2116 3663 2271 3719 nullo
2300 3663 2469 3719 modo
2498 3673 2681 3735 potest
2710 3674 2951 3737 praeter-

415 3750 594 3817 mitti,
623 3750 720 3805 alii
754 3751 872 3806 eius
898 3751 1286 3808 commentarii
1319 3754 1394 3820 (in
1429 3752 1832 3825 quinquaginta
1865 3752 2071 3822 primos
2095 3752 2375 3819 PsalmOS,
2403 3752 2463 3807 in
2490 3752 2605 3822 lob,
2639 3752 2697 3808 in
2720 3753 2951 3812 cantic..

420 3838 479 3892 in
507 3839 736 3909 isaiam,
761 3838 822 3894 in
855 3839 1051 3894 Matth.
1081 3847 1138 3895 et
1175 3842 1328 3896 Ioan.
1365 3840 1683 3912 Evangelia)
1713 3840 2024 3912 dignissimi
2050 3849 2210 3911 sunt,
2243 3841 2338 3912 qui
2371 3842 2753 3896 consulantur.
2780 3848 2953 3895 Accu-

417 3926 727 3981 ratissimus
773 3935 829 3981 et
869 3925 1260 3983 subtilissimus
1303 3937 1387 3984 est
1431 3928 1490 3983 in
1532 3928 1689 3983 libris
1741 3928 2051 3984 dividendis
2096 3944 2355 3999 nexuque
2401 3929 2582 4000 logico
2628 3927 2951 3988 indicando.

423 4012 734 4071 uberrimus
759 4015 817 4070 in
855 4015 1154 4071 afferendis
1181 4016 1483 4087 paralleliS,
1514 4015 1715 4088 quibus
1742 4017 1956 4089 singula
1988 4015 2102 4071 sere
2130 4016 2397 4073 vocabula
2424 4016 2683 4086 illustrat,
2716 4016 2949 4088 diligen-

421 4102 668 4159 tissimus
696 4103 754 4158 in
795 4102 1106 4174 dogmatico
1149 4113 1475 4177 argumento
1510 4104 1835 4175 explicando
1872 4113 1927 4160 et
1970 4102 2319 4160 vindicando.
2350 4104 2410 4160 S.
2440 4108 2860 4161 Bonaventura
2887 4103 2949 4158 ad

421 4190 730 4261 practicam
753 4192 1015 4264 piumque
1043 4192 1226 4265 potius
1249 4209 1416 4265 quam
1443 4192 1516 4249 ad
1544 4193 1906 4248 scientificum
1936 4193 2344 4263 seripturarum
2379 4208 2543 4248 usum
2570 4192 2629 4247 in
2654 4192 2771 4248 suis
2804 4208 2951 4248 com-

421 4279 708 4335 mentariis
749 4280 1014 4351 attendit,
1059 4296 1230 4353 quare
1261 4281 1444 4336 minus
1485 4296 1706 4353 presse,
1741 4294 1908 4349 quam
1948 4282 2003 4337 S.
2042 4280 2313 4348 Thomas,
2354 4281 2575 4336 literam
2615 4296 2855 4352 sequens
2896 4280 2951 4334 in

422 4366 714 4438 allegorias
737 4376 794 4423 et
811 4369 1150 4441 tropologias
1172 4368 1332 4425 facile
1349 4369 1611 4425 excurrit.
1641 4368 2021 4439 Raymundus
2040 4372 2365 4437 Mar-cinna,
2386 4370 2455 4425 O.
2475 4368 2698 4437 Praed.,
2728 4368 2951 4425 demum

420 4453 738 4523 linguarum
783 4454 1078 4513 hebraicae
1125 4464 1181 4512 et
1225 4457 1547 4513 chaldaicae
1598 4458 1959 4526 peritissimus
2017 4473 2157 4529 opus
2206 4456 2541 4529 polemicum
2578 4456 2773 4527 (Pugio
2826 4454 2947 4510 fidei

421 4546 612 4593 contra
648 4544 874 4598 Mauros
905 4553 963 4599 et
999 4544 1254 4612 Iudaeos)
1292 4545 1631 4617 composuit,
1668 4546 1723 4600 in
1758 4562 1867 4617 quo
1896 4546 2223 4601 messianica
2262 4546 2519 4601 vaticinia
2554 4545 2699 4600 iuxta
2742 4554 2950 4601 textum

421 4622 746 4702 hebraicum
767 4638 824 4683 et
851 4646 917 4685 ex
945 4632 1102 4687 libris
1129 4632 1489 4689 rabbinorum
1519 4634 1773 4705 explicat.
1812 4634 2026 4691 Similia
2064 4649 2231 4706 opera
2272 4633 2685 4705 insequentibus
2716 4632 2950 4688 saeculis
