3050 5184
397 287 517 345 616
559 299 634 346 ΒΕ
665 302 805 348 NOVI
840 303 1002 346 TEST.
1038 301 1212 346 Llssno
1244 303 1634 347 PROPIIETICO.
1669 321 1746 329 —
1771 303 1845 344 DE
1875 301 2230 346 APOCALYPSI
2267 301 2323 342 B.
2358 300 2602 344 tonnus
2630 296 2928 342 APOSTOLI.
3020 303 3021 308 ’

401 440 626 488 nactum
654 442 755 498 est,
789 432 1011 505 quando
1041 437 1087 489 1.
1118 439 1184 490 B.
1216 437 1455 488 Bos-suec
1498 433 1635 488 illud
1677 434 1900 489 novavit
1940 441 1998 488 et
2041 432 2357 501 adoptavit,
2403 439 2572 502 atque
2617 428 2784 485 hodie
2829 444 2933 482 non

404 537 607 591 paucos
635 520 802 577 habet
828 521 1089 588 asseclaS,
1123 521 1218 593 qui
1244 521 1303 575 in
1330 521 1562 591 singulis
1595 529 1782 576 tamen
1815 519 2112 576 visionibus
2143 518 2488 590 explicandis
2519 518 2681 589 longe
2709 516 2856 571 inter
2879 531 2933 570 se

402 608 749 664 dissentiunt.
796 611 953 664 quta
978 608 1355 678 Bossuetium‚
1384 624 1548 678 quem
1591 610 1769 680 magis
1797 609 2050 664 minusve
2082 616 2392 680 sequuntur
2419 608 2644 678 Dupim
2685 605 2924 663 Catum,

413 697 736 752 ballemant
776 701 831 754 S.
867 698 911 753 1.
958 705 1089 766 etc„
1132 706 1272 768 post.
1300 696 1511 752 monita
1557 696 1802 752 ecclesiis
1848 696 2089 752 asiaticis
2129 695 2332 751 tradita
2376 694 2644 765 incipiunt
2687 689 2926 746 vaticinia

404 785 727 856 (4‚t-20,5),
763 801 1001 856 quorum
1026 786 1231 858 prima
1260 786 1435 840 sectio
1472 785 1758 854 (4‚1-8,12)
1788 783 1974 845 clades
2005 783 2225 839 Iudaeis
2249 799 2282 839 a
2308 783 2542 838 Traiano
2571 791 2628 836 et
2653 780 2930 836 Hadriano

402 871 637 928 inflictas
675 871 938 942 praedicit
978 872 1329 944 rationesque
1358 871 1623 942 explicat,
1652 870 1853 944 quibus
1895 871 2088 927 Iudaei
2113 872 2299 944 agnito
2341 867 2557 925 Pseudo
2581 868 2782 923 Messia
2820 867 2932 929 (Bar

403 959 667 1014 Kocheba
688 960 725 1014 i.
748 977 798 1015 e.
821 959 965 1014 filius
984 960 1175 1016 stellae
1190 966 1369 1032 Apoc.
1388 961 1537 1030 8,10)
1561 969 1616 1015 et
1635 959 1908 1015 vaticiniis
1927 958 2265 1014 messianicis
2285 957 2586 1014 obscuratis
2607 971 2824 1028 poenas
2839 953 2932 1008 sihi

403 1055 767 1104 attraxerunt.
797 1049 1007 1104 Altera
1032 1048 1231 1104 deinde
1255 1049 1433 1104 sectio
1458 1048 1780 1104 brevissima
1809 1051 2044 1116 (921-12)
2071 1046 2329 1102 haereses
2352 1045 2596 1101 iudaicas
2620 1059 2768 1099 saec.
2803 1049 2852 1096 2.
2885 1050 2938 1096 et

406 1142 456 1190 3.
489 1145 707 1191 exortas
737 1135 1025 1203 describit3
1060 1138 1245 1192 tercia
1275 1134 1500 1192 demum
1533 1137 1898 1204 (9,13—2o‚15)
1927 1135 2145 1190 romani
2173 1135 2390 1205 imperii
2421 1133 2624 1188 ethnici
2657 1130 2934 1186 interitum

404 1222 671 1294 praedicit
697 1223 1074 1279 inchoandum
1100 1240 1199 1296 per
1228 1223 1565 1280 Parthorum
1603 1224 1996 1294 irruptionem,
2027 1221 2442 1278 terminandum
2467 1236 2564 1293 per
2599 1222 2812 1274 Romae
2843 1235 2938 1272 ex-

404 1311 800 1382 pugnationem
837 1310 939 1366 sub
976 1312 1195 1368 Alarico
1232 1312 1457 1368 ineunte
1486 1327 1627 1368 saec.
1673 1318 1729 1368 5.
1772 1311 1987 1367 Ultima
2015 1310 2126 1366 duo
2160 1311 2342 1381 capita
2377 1312 2748 1376 (nm-2221)
2791 1307 2936 1360 iuxta

404 1401 634 1454 Bossuet
660 1398 1051 1470 promissiones
1080 1399 1381 1456 continent.
1426 1399 1742 1454 Secundum
1783 1397 2026 1466 Auioli,
2053 1399 2147 1469 qui
2191 1398 2414 1468 propius
2441 1396 2513 1451 ad
2555 1396 2938 1452 Salmeronem

405 1485 646 1552 accedit,
672 1489 879 1557 prima
908 1486 1291 1542 vaticiniorum
1308 1501 1445 1564 ‘pars
1482 1487 1582 1554 (cc.
1623 1489 1826 1556 4.-12.)
1857 1476 2292 1542 destructionem
2331 1484 2630 1540 Ierusalem
2676 1481 2782 1536 sub
2819 1482 2938 1535 Tito

406 1571 674 1642 praedicit
698 1575 1046 1645 (supponitur
1068 1589 1169 1638 sc.,
1192 1574 1562 1646 Apocalypsin
1587 1573 1701 1630 iam
1719 1573 1957 1631 Neronis
1978 1583 2230 1644 tempore
2255 1587 2376 1628 esse
2399 1569 2708 1642 scriptam),
2737 1569 2936 1624 altera

407 1662 505 1732 (cc.
558 1667 787 1724 13.-19.)
826 1665 1037 1716 Romae
1076 1661 1329 1717 ethnicae
1356 1661 1786 1717 destructionem
1825 1661 1928 1716 sub
1959 1660 2179 1716 Alarico
2221 1675 2322 1730 pro
2369 1666 2700 1731 argumento
2747 1655 2940 1718 habet,

406 1753 592 1806 tertia
621 1750 857 1818 (20,1-6)
888 1747 1151 1804 describit
1180 1764 1413 1820 regnum
1442 1748 1844 1819 millenarium,
1871 1749 1904 1804 i.
1936 1765 1988 1804 e.
2019 1755 2368 1819 praesentem
2409 1746 2681 1802 Ecclesiae
2709 1753 2940 1803 statum.

404 1837 496 1892 eui
534 1836 701 1891 finem
742 1837 1095 1907 impositurus
1136 1837 1207 1891 sit
1246 1837 1617 1892 Antichristus
1659 1837 1885 1908 eiusque
1927 1851 2110 1908 pugna
2151 1845 2256 1892 etc.
2303 1837 2656 1904 (20,7-22,5>.
2691 1833 2802 1888 Alii
2833 1835 2944 1886 alio

405 1924 601 1991 modo;
650 1925 853 1979 etenim
898 1940 971 1979 ne
1018 1923 1129 1978 duo
1181 1924 1408 1996 quidem
1457 1933 1588 1980 sunt
1624 1925 1717 1996 qui
1767 1923 1997 1980 eosdem
2037 1932 2278 1995 quatuor
2317 1924 2402 1978 vel
2442 1924 2688 1994 quinque
2730 1920 2944 1992 primo-

405 2028 531 2069 rum
576 2012 925 2067 saeculorum
968 2017 1197 2067 eventus
1239 2012 1433 2068 iisdem
1472 2011 1738 2084 symbolis
1782 2021 1838 2067 et
1876 2012 2173 2067 visionibus
2218 2010 2409 2068 vident
2457 2025 2767 2081 expressos.
2828 2011 2944 2064 lam

406 2116 536 2156 vero
560 2102 605 2156 si
625 2100 878 2156 vaticinia
904 2100 999 2156 illa
1022 2099 1131 2155 iam
1152 2099 1377 2171 impleta
1406 2109 1620 2168 essent,
1643 2115 1771 2156 cum
1800 2099 1986 2171 aliqua
2012 2100 2212 2156 saltem
2239 2097 2716 2154 verisimilitudine
2743 2113 2944 2153 eorum

404 2188 647 2260 impletio
676 2187 902 2244 deberet
938 2186 1334 2257 demonstrari3
1367 2188 1558 2258 procul
1600 2187 1768 2243 dubio
1815 2188 1984 2243 etiam
2027 2189 2086 2244 in
2130 2187 2402 2242 vaticiniis
2445 2186 2686 2257 impletis
2725 2185 2944 2240 Veteris

403 2279 552 2332 Test.
582 2275 919 2347 explicandis
945 2291 1058 2332 non
1076 2275 1274 2347 plenus
1296 2283 1381 2331 est
1397 2276 1764 2348 interpretum
1785 2291 2106 2345 consensus,
2131 2284 2191 2331 at
2212 2275 2269 2330 in
2293 2275 2571 2345 plerisque
2596 2282 2790 2330 tamen
2817 2289 2942 2328 con-

404 2365 645 2420 sentiunt
672 2373 729 2419 et
755 2362 1032 2420 dissensus
1058 2363 1201 2418 circa
1238 2364 1481 2421 minores
1508 2379 1597 2421 res
1625 2370 1894 2432 versatur,
1926 2379 2070 2436 quae
2112 2361 2182 2419 ob
2223 2361 2504 2418 defectum
2549 2361 2942 2417 historicorum

406 2452 638 2507 fontium
665 2450 823 2507 nobis
843 2467 958 2506 non
986 2451 1117 2506 satis
1144 2460 1277 2506 sunt
1296 2453 1568 2522 cognitae.

385 2630 394 2641 ·
484 2603 541 2662 6.
579 2637 656 2646 ——
681 2603 961 2663 Tertium
1005 2608 1277 2682 systema.
1319 2619 1601 2680 quoque,
1639 2601 1809 2679 quod
1851 2602 2079 2663 ultima
2121 2602 2436 2662 Ecclesiae
2483 2601 2610 2661 fata
2651 2607 2940 2680 tempore

406 2699 778 2760 Antichristi
826 2699 913 2760 ita
951 2699 1225 2778 praedici
1271 2699 1598 2778 supponit,
1641 2702 1714 2758 ut.
1754 2699 1927 2777 prior
1969 2698 2108 2760 eius
2151 2699 2419 2759 historia
2459 2699 2686 2758 leviter
2727 2700 2944 2776 potius

404 2795 834 2870 adumbretur,
870 2813 1059 2872 quam
1084 2796 1495 2865 describatur,
1518 2795 1712 2856 variis
1733 2796 1951 2856 formis
1981 2796 2240 2873 quidem
2271 2796 2672 2873 propositum
2692 2800 2827 2864 est:
2855 2796 2942 2854 ni-

404 2892 778 2963 hilominuS‚
817 2909 1014 2969 quum
1042 2895 1296 2952 Patrum
1320 2892 1688 2952 auctoritate
1717 2891 2196 2953 commendetur
2219 2897 2407 2969 atque
2435 2893 2628 2951 etiam
2658 2891 2808 2951 libri
2845 2893 2938 2950 in-

401 2988 532 3048 doli
578 2989 775 3065 magis
820 2993 1152 3059 consonet,
1182 2987 1447 3065 reliquis
1488 2988 1970 3065 praeferendum
2013 2977 2294 3062 videtum
2331 2989 2494 3048 levia
2541 2989 2713 3047 enim
2757 2995 2938 3054 sunt,

406 3103 564 3162 quae
598 3089 812 3144 contra
840 3085 975 3145 eius
1008 3085 1339 3145 veritatem
1368 3102 1404 3144 a
1432 3085 1750 3145 nonnullis
1775 3085 2100 3145 modernis
2129 3084 2536 3146 obiiciuntur.

470 3199 623 3266 Quae
650 3199 747 3254 SS.
793 3200 1093 3264 [renam-e,
1132 3197 1515 3269 Hippolytus,
1549 3199 1918 3269 Anqustinus
1962 3197 2162 3269 aliique
2211 3214 2277 3252 ex
2309 3197 2636 3270 Apocalypsi
2673 3196 2938 3253 afferunt.

399 3301 464 3340 ea
493 3284 562 3340 de
591 3284 914 3340 Antichristi
940 3284 1054 3340 l'ere
1082 3293 1332 3356 tempore
1360 3293 1456 3340 aut
1484 3273 1678 3353 de'iis:
1695 3301 1836 3357 quae
1866 3294 1989 3356 post
2018 3285 2420 3341 Antichristum
2449 3285 2726 3341 devictum
2749 3284 2942 3341 futura

398 3374 525 3440 sint,
550 3373 844 3442 explicant,
872 3381 1035 3444 atque
1056 3373 1413 3445 antiquioreS,
1440 3373 1536 3444 qui
1564 3371 1723 3428 nobis
1747 3373 2059 3428 conservati
2079 3383 2225 3441 sunt,
2250 3373 2634 3429 commentarii
2653 3372 2942 3430 Andr-eae

398 3469 454 3516 et
480 3459 742 3514 Arechae
774 3463 956 3525 Caes„
987 3463 1044 3517 S.
1070 3461 1371 3516 Victorini
1396 3465 1622 3526 Petac„
1654 3461 1971 3527 Primasz'i,
2011 3465 2155 3516 Ven.
2186 3461 2409 3527 Beda-e,
2441 3461 2542 3516 etsi
2567 3461 2844 3517 nonnulla
2877 3461 2940 3517 ad

404 3548 641 3618 priorem
666 3555 905 3601 aetatem
924 3547 1157 3603 trahunt
1176 3557 1273 3603 aut
1296 3547 1464 3604 etiam
1484 3547 1822 3620 generaliore
1853 3547 2094 3619 quodam
2121 3547 2290 3604 modo
2309 3546 2379 3604 de
2405 3547 2644 3604 dissidiis
2665 3547 2942 3622 bellisque

399 3637 571 3691 iustos
600 3635 743 3688 inter
770 3642 827 3689 et
842 3642 1160 3704 peccatores
1188 3644 1281 3690 aut
1310 3635 1379 3690 de
1410 3651 1594 3714 pugna
1619 3636 1800 3691 carnis
1825 3643 1880 3691 et
1907 3635 2130 3708 spiritus
2154 3635 2212 3691 in
2241 3636 2470 3708 singulis
2497 3634 2825 3692 hominibus
2847 3655 2936 3692 et-

397 3724 631 3794 plicant,
655 3722 818 3794 longe
848 3722 1082 3791 plurima
1109 3721 1180 3777 ad
1203 3722 1395 3778 ultima
1423 3724 1699 3778 Ecclesiae
1728 3732 1978 3794 tempora
1999 3722 2266 3779 referunt.
2287 3723 2533 3779 Eandem
2557 3725 2940 3795 explicationis

395 3809 721 3870 methodum
750 3809 936 3866 medio
972 3825 1107 3866 aevo
1132 3811 1307 3866 secuti
1333 3820 1462 3866 sunt
1488 3811 1805 3874 Alcuinus,
1835 3817 2119 3883 {rupertus
2151 3813 2308 3868 Tuit.
2325 3854 2339 3880 ,
2369 3814 2666 3870 Martinus
2701 3817 2934 3885 Leqion.

396 3899 629 3971 aliique,
658 3898 961 3954 recentiore
1007 3906 1255 3968 tempore
1298 3903 1399 3954 Fr.
1448 3900 1693 3966 Bibera,
1734 3900 1824 3954 Bt.
1875 3900 2128 3971 Vieqas,
2157 3904 2296 3956 Ben.
2330 3901 2627 3968 Per-erius,
2666 3903 2854 3957 Corn.
2901 3919 2934 3955 α

397 3988 621 4059 Lapides
664 3986 961 4058 multique,
1006 3986 1204 4059 quibus
1244 3987 1606 4042 recentissimi
1649 3995 1998 4042 accesserunt
2045 3992 2200 4058 Any.
2247 3989 2522 4059 Bispinq,
2571 3988 2726 4044 Phil.
2785 3993 2934 4044 Kre-

396 4083 582 4131 mentz
611 4083 716 4129 etc.
747 4073 970 4130 Tradita
1002 4073 1167 4146 igitur
1196 4071 1439 4144 quodam
1465 4072 1636 4130 modo
1673 4073 1811 4144 haec
1842 4073 2134 4146 explicatio
2177 4074 2284 4130 dici
2323 4083 2529 4146 potest,
2572 4091 2701 4131 vera
2741 4085 2930 4133 tamen

392 4160 619 4218 traditio
644 4178 754 4216 non
784 4170 893 4230 est,
925 4162 1050 4232 quia
1073 4178 1185 4217 non
1214 4161 1409 4216 eadem
1433 4176 1651 4232 semper
1681 4161 1858 4217 forma
1883 4170 2120 4234 systema
2145 4173 2228 4218 est
2255 4164 2602 4234 propositum
2631 4173 2688 4219 et
2713 4165 2928 4238 singula

394 4250 639 4324 symbola
668 4249 726 4306 iu
763 4250 991 4323 singulis
1020 4249 1134 4305 eius
1164 4249 1353 4305 formis
1396 4249 1763 4306 diversimode
1789 4251 2154 4321 explicantur.
2199 4254 2273 4305 At
2299 4251 2417 4321 ipse
2447 4251 2536 4306 hic
2563 4252 2928 4324 interpretum

394 4340 672 4395 dissensus
701 4339 871 4394 altera
901 4347 982 4393 est
1011 4339 1179 4402 ratio,
1212 4338 1283 4393 ob
1322 4353 1489 4409 quam
1533 4347 1769 4410 systema
1804 4337 1913 4393 hoc
1940 4337 2365 4412 praeferendum
2404 4337 2674 4394 ducimus.
2709 4341 2926 4396 Etenim

395 4428 439 4481 si
468 4427 873 4498 Apocalypseos
900 4426 1080 4482 maior
1118 4441 1271 4498 pars,
1306 4425 1364 4480 id
1393 4425 1544 4498 quod
1587 4434 1905 4498 supponunt
1946 4424 2057 4482 duo
2087 4426 2271 4498 priora
2313 4436 2630 4498 systemata,
2663 4425 2734 4483 de
2761 4429 2928 4484 rebus

399 4515 509 4568 iam
534 4513 775 4583 impletis
801 4522 1007 4585 ageret,
1040 4529 1336 4569 consensus
1364 4511 1591 4585 quidam
1617 4515 1986 4585 interpretum
2011 4515 2212 4572 saltem
2238 4514 2296 4570 in
2325 4515 2746 4587 praecipuorum
2773 4533 2924 4590 sym·

386 4599 655 4656 .bolorum
680 4601 1039 4672 explicatione
1062 4616 1175 4657 non
1200 4601 1467 4671 potuisset
1490 4618 1603 4658 non
1627 4602 1858 4671 exoriri3
1885 4601 1973 4658 sin
1993 4618 2144 4667 vero,
2172 4601 2230 4657 id
2255 4601 2404 4673 quod
2430 4603 2654 4659 tertium
2681 4613 2920 4676 systema
