3050 5184
391 268 509 327 200
591 284 666 325 ne
711 284 846 327 vm:
895 282 1148 327 TESTAM.
1201 282 1386 325 LIBRIS
1427 280 1769 326 ius-romeis.
1818 298 1894 307 —
1937 282 2067 327 car.
2116 284 2161 327 1.
2206 282 2283 327 ns
2322 281 2769 325 res-rumoso.

395 415 734 486 possessione
761 422 934 488 agunt
957 419 1126 481 (15‚1.
1164 420 1246 479 17)
1272 421 1435 484 atque
1465 414 1661 468 ultima
1690 428 1929 483 poenam
1954 414 2151 469 mortis
2178 414 2369 469 statuit
2396 414 2452 467 in
2482 428 2631 481 eum,
2658 414 2751 483 qui
2784 433 2811 463 a
2848 428 2951 485 per

393 502 706 575 superbiam
743 494 954 575 aliquid
983 500 1324 558 commiserit
1357 521 1417 568 »3
1449 500 1504 555 in
1538 500 1695 557 cuius
1714 501 2009 555 sanctionis
2028 501 2507 557 confirmationem
2526 499 2699 557 refert
2720 508 2945 557 auctor.

393 592 559 647 etiam
596 609 620 643 ι
649 590 708 646 in
737 589 953 647 deserto
981 611 1006 642 ι)
1033 589 1144 645 iam
1174 582 1502 656 hominem,
1519 588 1613 661 qui
1642 587 1976 645 sabbathum
2004 588 2224 659 publice
2255 589 2583 655 violaverat,
2608 596 2795 645 morte
2826 603 2951 643 esse

393 680 664 749 punitum.
709 710 781 719 —
826 677 1008 733 Verba
1053 680 1215 733 Deut.
1263 683 1392 745 2‚12
1441 684 1567 747 apte
1612 676 1956 747 explicantur
1982 674 2051 731 de
2080 685 2223 733 terra
2266 676 2730 744 transiordanica,
2772 692 2951 747 quam

393 768 612 838 Moyses
636 767 754 839 ipse
791 766 1080 837 occupavit
1119 765 1358 837 expulsis
1391 764 1781 833 Amorrhaeis3
1810 764 1866 820 in
1890 767 2073 821 Lente.
2104 770 2266 834 18‚28
2293 773 2481 821 autem
2508 764 2688 819 versio
2716 764 2947 835 vulgata

395 854 444 926 (a
484 855 627 910 sicut
647 854 907 911 evomuit
929 862 1120 925 gentes
1151 858 1226 923 n),
1267 860 1458 925 utpote
1493 868 1607 909 non
1634 852 1769 909 satis
1796 860 2055 908 accurata
2096 852 2419 925 corrigenda
2458 860 2515 907 ct
2551 867 2653 923 pro
2692 851 2951 923 perfecto

395 941 678 1007 (evomuit)
706 938 1004 1013 legendum
1031 950 1115 997 est
1135 939 1385 997 futurum
1414 948 1593 996 exact.
1626 940 2001 1011 (evomuerit).

464 1039 536 1109 c.)
568 1036 966 1107 Difficultates
988 1038 1436 1110 qeoqraphieae.
1469 1040 1653 1110 Atque
1678 1037 1921 1109 primum
1950 1035 2175 1108 quidem
2197 1035 2479 1092 nonnulla
2506 1036 2825 1094 civitatum
2850 1052 2952 1089 no·

397 1126 566 1179 mina
595 1124 842 1181 adhiberi
879 1123 1160 1194 dicuntur,
1193 1140 1334 1197 quae
1377 1123 1689 1181 iunioribus
1724 1124 2089 1195 scriptoribus
2118 1123 2348 1193 usitata,
2378 1124 2649 1179 mosaicae
2690 1139 2833 1178 vero
2862 1138 2951 1177 ae-

394 1212 494 1268 tati
523 1212 796 1283 incognita
829 1213 1049 1269 suerint.
1080 1215 1233 1269 Inter
1261 1228 1402 1285 quae
1427 1214 1662 1269 Hebron
1688 1213 1851 1284 (Gen.
1886 1218 2086 1282 13,18),
2123 1227 2267 1286 quae
2294 1219 2453 1267 antea
2484 1210 2739 1266 Kiriath
2770 1212 2949 1267 Arba.

395 1298 775 1370 appellabatur
807 1305 939 1367 (los.
970 1308 1159 1371 14‚15;
1194 1304 1395 1371 15‚13),
1427 1302 1705 1357 recentius
1740 1316 1903 1357 suum
1932 1316 2137 1357 nomen
2165 1315 2269 1371 per
2298 1298 2501 1367 Caleb,
2532 1300 2662 1353 satis
2690 1298 2793 1353 diu
2824 1308 2953 1371 post

395 1388 598 1459 Moysis
625 1396 891 1457 mortem,
925 1389 1196 1461 accepisse
1225 1388 1507 1445 asseritur.
1540 1390 1751 1445 Verum
1778 1388 2016 1444 Hebron
2036 1387 2435 1459 respondemus
2463 1386 2707 1457 primum
2732 1402 2951 1443 nomen

397 1473 586 1544 fuisse,
619 1492 729 1547 quo
753 1476 944 1532 civitas
970 1475 1370 1549 appellabatur,
1402 1476 1667 1549 quamdiu
1696 1476 1957 1532 Hethitae
1978 1490 2103 1531 eam
2128 1484 2429 1531 tenuerunt
2457 1476 2615 1542 (Gen.
2640 1480 2797 1542 2³3.
2822 1481 2947 1533 20·;

395 1562 634 1619 Hethitis
661 1573 845 1619 autem
889 1574 1112 1637 ereptae
1160 1566 1396 1621 alterum
1424 1580 1627 1620 nomen
1668 1565 1919 1620 Kiriath
1962 1564 2134 1624 Arba
2174 1562 2494 1635 impositum
2542 1571 2623 1619 est
2657 1561 2731 1618 ab
2768 1563 2947 1619 Arba

391 1656 568 1722 patre
605 1653 1005 1707 Enacz'tarum
1049 1654 1178 1719 (Ios.
1230 1659 1387 1721 1⁴,15
1423 1652 1637 1719 hebr.);
1684 1650 1851 1707 Caleb
1898 1651 2069 1724 igitur
2108 1650 2313 1706 civitati
2362 1666 2567 1707 nomen
2607 1649 2949 1723 patriarchis

395 1738 657 1793 usitatum
684 1740 944 1797 restituit.
973 1772 1046 1781 —
1073 1742 1205 1797 Dan
1231 1744 1392 1807 (Gen.
1430 1745 1609 1809 14,14)
1642 1755 1862 1812 quoque
1890 1747 2015 1810 post
2038 1739 2246 1812 Moysis
2272 1746 2538 1809 aetatem,
2570 1754 2747 1810 quum
2768 1754 2807 1793 a
2838 1740 2945 1793 Da-

395 1825 522 1880 nitis
560 1836 826 1895 occupata
870 1838 1038 1893 esset,
1083 1844 1283 1883 nomen
1329 1844 1490 1884 suum
1533 1829 1806 1899 accepisse
1850 1825 2052 1882 dicitur
2089 1830 2214 1894 (Ios.
2262 1832 2453 1895 19,⁴⁷·‚
2493 1827 2687 1883 India.
2722 1832 2940 1893 18‚293:

393 1921 554 1975 antea
574 1914 721 1968 enim
743 1918 888 1971 Lais
909 1915 990 1971 vel
1011 1916 1274 1971 Lesehem
1304 1914 1705 1987 appellabatur.
1734 1914 1991 1971 Dubitari
2015 1914 2239 1986 quidem
2266 1922 2463 1986 potest,
2488 1930 2625 1971 num
2647 1912 2721 1971 de
2744 1914 2943 1971 eadem

397 2000 615 2057 civitate
652 2002 930 2059 Geneseos
967 2012 1160 2059 auctor
1189 2011 1245 2059 et
1269 2002 1398 2059 libri
1423 2004 1531 2059 Ios.
1570 2012 1627 2059 et
1659 2000 1832 2058 Iudic.
1864 2004 2191 2077 loquantur3
2224 2002 2425 2058 rectius
2448 2012 2635 2059 autem
2660 2001 2942 2065 dicemus,

397 2087 620 2144 Danitas
658 2089 860 2161 oppido
890 2090 1185 2161 pristinum
1209 2106 1413 2147 nomen
1445 2090 1777 2159 restituisse,
1814 2090 1908 2146 sed
1940 2092 2171 2147 alteram
2201 2090 2253 2145 ei
2280 2089 2741 2163 significationem
2774 2091 2941 2145 attri-

394 2175 595 2232 buisse.
629 2178 770 2232 Nam
807 2194 980 2251 prope
1012 2180 1139 2235 Lais
1175 2179 1261 2234 vel
1289 2178 1561 2235 Leschem
1596 2181 1743 2247 Pan,
1772 2194 1939 2251 quem
1978 2178 2281 2235 Phoenices
2318 2180 2451 2234 Baal
2482 2179 2645 2247 laan,
2676 2178 2768 2235 vel
2810 2184 2941 2235 Dan

394 2266 543 2319 laon
579 2270 628 2330 (α
673 2264 980 2321 dominum
1018 2267 1106 2322 vel
1141 2266 1391 2322 iudicem
1431 2267 1748 2337 tibicinem)
1796 2265 2176 2338 appellabant,
2226 2264 2647 2322 celeberrimum
2692 2264 2941 2322 habebat

397 2349 613 2419 sanum,
647 2368 676 2407 a
705 2367 814 2423 quo
843 2354 1034 2409 civitas
1072 2354 1190 2426 ipsa
1219 2353 1500 2411 interdum
1538 2356 1664 2411 Dan
1701 2357 1859 2410 Iaan
1894 2352 2286 2410 nominabatur
2324 2357 2379 2420 (2
2415 2358 2549 2425 Περ.
2580 2358 2711 2422 24,6
2740 2352 2937 2412 hebr.;

394 2449 450 2503 S.
483 2448 646 2503 Hier.
681 2450 870 2522 legens
893 2456 990 2511 ‘lxi'
1024 2457 1088 2536 Π
1120 2452 1282 2507 vertit
1307 2472 1332 2503 α
1361 2453 1483 2507 Dan
1509 2450 1795 2525 sylvestria
1824 2455 1893 2517 n).
1920 2482 1992 2491 —
2013 2450 2210 2506 Bethel
2238 2449 2343 2506 hoc
2367 2450 2608 2517 nomine,
2634 2458 2939 2523 antequam

395 2533 812 2593 tabernaculum
847 2536 1085 2594 foederis
1113 2554 1178 2594 eo
1215 2539 1286 2595 sit
1311 2538 1669 2606 translatum,
1702 2538 2039 2609 appellatum
2070 2552 2187 2593 esse
2214 2546 2479 2611 negatur3
2510 2537 2756 2595 mosaico
2788 2538 2939 2593 enim

395 2631 644 2694 tempore
682 2630 845 2683 Lusa
878 2626 994 2682 eius
1019 2642 1226 2683 nomen
1253 2626 1422 2683 fuisse
1451 2626 1580 2697 (Ios.
1615 2631 1767 2693 18,3;
1807 2625 1997 2681 ludio.
2040 2630 2204 2695 ms).
2236 2629 2495 2682 Attamen
2534 2625 2699 2682 Iacob
2730 2625 2938 2681 civitati

396 2710 483 2765 isti
509 2726 715 2768 nomen
743 2714 942 2771 Bethel
968 2715 1078 2770 iam
1103 2714 1366 2786 imposuit
1399 2717 1564 2781 (Gen.
1595 2719 1789 2783 28,19;
1821 2717 1944 2781 35,1
1976 2717 2144 2785 sqq.),
2177 2712 2403 2784 eiusque
2438 2714 2645 2785 posteri
2676 2713 2819 2769 illud
2854 2731 2935 2768 re-

395 2799 707 2868 tinuerunt,
737 2800 870 2857 licet
892 2802 1104 2858 incolae
1131 2802 1366 2859 civitatis
1394 2802 1498 2874 ipsi
1527 2816 1650 2877 eam
1676 2802 1887 2857 Luzam
1916 2800 2195 2873 appellare
2221 2800 2636 2868 continuarent,
2662 2800 2846 2857 donec
2874 2802 2937 2856 ab

395 2886 748 2958 Ephraimitis
776 2888 885 2945 sint
917 2891 1146 2961 expulsi.
1179 2922 1250 2931 —-
1275 2890 1516 2946 Havotli
1540 2892 1673 2945 loir
1706 2890 1899 2961 (Num.
1932 2892 2116 2958 2241)
2146 2886 2528 2943 difficultatem
2562 2904 2677 2945 non
2712 2898 2933 2944 creant.

396 2974 522 3045 quia
555 2976 739 3032 ludio.
789 2983 914 3046 10,4
959 2978 1158 3051 (hebr.)
1182 2994 1295 3033 non
1323 2978 1607 3045 asseritur,
1652 2992 1743 3032 eas
1783 2991 1986 3032 nomen
2024 2992 2054 3031 a
2088 2976 2289 3031 iudice
2326 2975 2439 3030 Iair
2473 2976 2726 3031 traxisse.
2761 2978 2939 3032 Multo

397 3063 611 3118 minore
639 3080 767 3119 cum
798 3064 919 3121 iure
952 3066 1260 3122 afferuntur
1285 3065 1477 3129 Bata,
1508 3080 1649 3137 quae
1678 3073 1761 3120 est
1792 3067 1965 3137 Seqor
2001 3066 2161 3131 (Gen.
2198 3068 2343 3130 14,2.
2380 3067 2453 3133 8),
2482 3060 2616 3135 sons
2643 3066 2933 3137 Mispkat.

397 3164 538 3221 quae
561 3159 644 3206 est
673 3151 860 3208 Gades
894 3155 1052 3218 (Gen.
1085 3160 1252 3223 14,7),
1281 3152 1558 3224 ΕρΙινατα
1586 3166 1728 3223 quae
1758 3160 1842 3207 est
1867 3150 2201 3207 Bethlehem
2230 3153 2394 3217 (Gen.
2426 3150 2631 3221 35,19),
2662 3150 2935 3223 siquidem

395 3238 684 3292 nominum
713 3239 945 3295 istorum
974 3240 1128 3313 origo
1152 3241 1221 3297 ab
1251 3240 1579 3297 adversariis
1601 3254 1716 3295 non
1739 3240 1949 3307 minus,
1982 3254 2153 3310 quam
2175 3255 2207 3293 a
2236 3237 2397 3293 nobis
2424 3238 2731 3311 ignoratur.

467 3333 762 3390 Civitatum
802 3334 1116 3393 nominibus
1142 3336 1357 3393 addunt
1379 3336 1781 3411 expressiones
1812 3335 2134 3390 nonnullas
2170 3336 2609 3408 qeoqraphicas.
2645 3335 2845 3406 Ioseph
2882 3352 2935 3390 se

399 3418 531 3475 dicit
559 3420 836 3478 sublatum
870 3444 896 3476 α
931 3424 1006 3481 de
1033 3432 1194 3482 terra
1233 3426 1633 3481 Hebraeorum
1670 3444 1695 3475 υ
1731 3425 1885 3495 (Gen.
1918 3428 2132 3491 40‚15)‚
2164 3423 2320 3495 atqui
2346 3422 2454 3477 hoc
2484 3422 2710 3478 nomine
2738 3424 2933 3479 Palae-

397 3508 536 3563 stIna
557 3524 668 3565 non
689 3511 794 3567 nisi
817 3520 942 3584 post
970 3514 1166 3569 Iosuae
1194 3522 1429 3570 aetatem
1458 3512 1721 3585 appellari
1744 3512 1941 3584 potuit.
1974 3510 2082 3567 Sed
2114 3530 2139 3561 «ι
2168 3512 2287 3565 iure
2314 3510 2491 3581 potuit
2520 3509 2719 3582 loseph
2752 3513 2933 3584 regio-

395 3610 524 3651 nem
561 3596 820 3654 Chanaan
860 3599 1042 3657 dicere
1071 3610 1282 3657 terram
1321 3600 1707 3657 Hebraeorum
1744 3601 1857 3655 sive
1884 3597 2588 3669 Trans-Euphratensium,
2620 3607 2815 3669 utpote
2846 3599 2932 3671 qui

395 3682 506 3737 iam
546 3684 676 3740 satis
702 3687 984 3743 numerosi
1012 3686 1170 3744 sedes
1199 3687 1274 3745 ibi
1311 3687 1592 3745 habebant
1625 3695 1681 3742 et
1716 3687 1906 3742 vicinis
1940 3685 2193 3759 gentibus
2221 3700 2287 3740 eo
2314 3684 2541 3741 nomine
2570 3694 2730 3742 erant
2756 3687 2876 3744 noti
2906 3708 2929 3735 υ

398 3770 800 3844 (Goldhaqen).
830 3776 1007 3831 Immo
1029 3792 1158 3831 vero
1178 3775 1286 3831 hoc
1305 3790 1509 3831 nomen
1534 3774 1717 3847 potius
1736 3774 1931 3845 probat
1950 3772 2281 3829 narrationis
2302 3772 2711 3845 antiquitatem,
2734 3774 2933 3846 quippe

395 3875 506 3929 quo
539 3875 844 3933 numquam
872 3872 1101 3918 utantur
1129 3863 1372 3918 iuniores
1401 3864 1725 3934 scriptores,
1755 3861 1847 3933 qui
1876 3876 2068 3917 omnes
2093 3861 2463 3917 Palaestinam
2495 3875 2715 3932 semper
2738 3872 2933 3917 vocant

401 3968 424 3997 «
457 3954 663 4003 terram
699 3948 960 4005 Chanaan
991 3972 1043 4019 ι),
1081 3972 1105 4002 «ι
1137 3960 1346 4006 terram
1381 3951 1554 4007 lsrael
1586 3970 1636 4019 n,
1674 3970 1699 4001 «
1725 3958 1933 4005 terram
1961 3949 2199 4004 filiorum
2232 3948 2403 4004 lsrael
2430 3968 2479 4003 n.
2511 3978 2583 3989 -
2612 3948 2789 4021 Regio
2816 3964 2928 4003 me-

395 4042 681 4100 ridionalis
709 4056 937 4103 vocatur
971 4048 1147 4120 neyeb
1175 4038 1327 4119 (22³,
1359 4048 1617 4102 siccitas.
1643 4045 1835 4101 Exod.
1864 4050 2032 4115 27,9),
2065 4042 2418 4100 occidentalis
2446 4048 2576 4100 iam
2608 4036 2707 4117 (1³⁸
2742 4062 2927 4101 mare.

394 4133 534 4186 Gen.
567 4138 725 4201 12,18
753 4140 910 4202 etc.);
940 4137 1090 4209 atqui
1123 4138 1223 4192 hae
1263 4136 1641 4205 expressiones
1671 4143 1955 4191 auctorem
1988 4132 2048 4188 in
2075 4132 2381 4188 Palaestina
2404 4132 2687 4205 scripsisse
2710 4132 2925 4189 docent.

395 4217 460 4273 Id
489 4220 724 4291 quidem
749 4223 1005 4281 minime.
1039 4222 1137 4278 sed
1174 4222 1404 4291 docent,
1451 4237 1584 4277 eum
1620 4220 1773 4277 illam
1815 4221 2061 4293 linguam
2099 4218 2447 4285 adhibuisse,
2492 4235 2663 4292 quam
2698 4223 2929 4277 maiores

393 4305 508 4361 eius
535 4307 592 4363 in
621 4310 928 4367 Palaestina
957 4310 1218 4382 degentes
1256 4310 1655 4381 adoptaverant
1692 4324 1993 4380 secumque
2021 4308 2080 4363 in
2107 4311 2417 4381 Aegyptum
2446 4306 2839 4365 transferentes
2864 4308 2925 4362 fi-

393 4394 478 4449 liis
500 4396 612 4451 suis
635 4397 990 4470 reliquerant.
1017 4400 1164 4455 Num
1195 4400 1412 4472 Moyses
1435 4396 1540 4453 sibi
1569 4397 1687 4469 ipse
1715 4397 1959 4470 linguam
1988 4410 2147 4451 suam
2169 4394 2403 4452 creavit?
2427 4427 2501 4436 —
2527 4394 2686 4451 Idem
2710 4412 2925 4467 respon·

394 4504 516 4547 sum
545 4494 689 4549 valet
716 4494 785 4550 de
812 4494 1164 4567 expressione
1197 4515 1223 4547 α
1263 4502 1417 4550 trans
1448 4492 1743 4551 Iordanem
1776 4515 1800 4545 »
1836 4486 2035 4579 (ΠἾἿΠ
2067 4482 2232 4565 ³23²)-
2271 4491 2625 4548 Patriarchae
2654 4494 2753 4549 illo
2790 4502 2922 4549 tem-

397 4593 556 4651 pore,
579 4581 764 4652 quoin
784 4582 1092 4637 Palaestina
1114 4582 1390 4653 degebant
1405 4626 1418 4651 ‚
1441 4598 1569 4638 cum
1597 4582 1944 4638 Chananaeis
1964 4581 2119 4636 illam
2140 4579 2453 4652 regionem,
2471 4596 2613 4653 quae
2638 4596 2669 4636 a
2695 4580 2921 4637 Iordane
