3050 5184
361 329 479 384 444
518 340 593 385 nr:
621 342 758 385 ver.
794 340 1051 385 result.
1083 338 1282 383 mutus
1303 337 1710 383 moranncrs.
1736 356 1813 366 —
1833 339 1964 384 cAr.
1991 341 2076 386 vi.
2109 341 2184 386 nr:
2204 342 2521 387 moral-:ns
2545 338 2846 385 momms,

609 482 859 543 tempora
886 471 1196 527 accelerent
1230 469 1521 538 (lon-12).
1563 469 1992 528 contumacibus
2016 480 2208 529 tamen
2243 474 2504 529 Israelitis
2539 486 2706 543 poena
2736 468 2856 524 indi-

606 560 750 615 citur
774 559 1077 633 symbolica
1106 557 1322 614 actione
1349 555 1482 612 boni
1518 558 1786 627 pastoris,
1818 559 1943 630 qui,
1971 574 2152 631 quum
2183 576 2408 633 gregem
2431 576 2590 615 suum
2615 557 2856 629 corrigere

607 655 867 719 nequeat,
894 662 1023 703 eum
1051 645 1205 701 velut
1229 645 1411 699 malus
1438 652 1628 714 pastor
1655 644 1944 701 destruere
1971 646 2192 719 cogitur
2217 648 2493 717 (lla-17).

430 740 485 791 2.
522 738 683 791 Onus
703 734 865 791 verbi
884 736 985 789 Dei
1002 748 1178 805 super
1202 733 1391 787 Israel
1424 734 1778 801 (ΩΑ-1431)
1807 735 2100 791 annuntiat
2127 734 2374 791 hostium
2400 736 2665 805 impetus,
2685 732 2858 803 quita-

609 838 738 878 men
776 822 908 895 ipsis
946 820 1220 886 interitui,
1262 819 1529 875 Israelitis
1566 819 1732 875 saluti
1769 820 1880 876 sint
1922 821 2094 877 futuri
2121 824 2406 892 (Izi-14).
2433 820 2705 877 Victoriae
2737 819 2862 873 enim

610 909 820 965 fructus
853 908 958 964 erit
990 907 1142 975 fons,
1171 922 1282 979 quo
1316 906 1575 969 abluetur
1600 906 1914 964 idololatria
1948 914 2215 978 (ιδῃ-ως
2248 910 2512 981 reliquiae
2533 908 2864 965 salvabuntur

608 1000 940 1065 (last-145)
966 1004 1023 1052 et
1049 994 1387 1051 tribulationi
1414 1010 1617 1067 magna
1647 996 1904 1052 succedet
1927 997 2269 1069 prosperitas
2299 999 2590 1067 (tage-21).

440 1141 499 1198 3.
534 1173 611 1181 —
642 1138 809 1199 Libri
844 1116 1046 1199 unitas
1080 1154 1157 1197 ex
1178 1142 1519 1216 conspectu
1551 1138 1876 1216 proposito
1905 1138 2055 1199 satis
2095 1139 2328 1211 elucet;
2360 1139 2484 1199 fata
2511 1138 2684 1200 enim
2715 1138 2864 1215 regni

364 1235 748 1308 messianici,
782 1252 942 1313 quae
971 1234 1318 1294 visionibus
1358 1234 1688 1295 obscurius
1731 1234 2110 1308 indicantur,
2145 1236 2211 1295 in
2247 1236 2433 1297 tertia
2461 1239 2636 1314 parte
2667 1234 2866 1294 clarius

361 1330 771 1408 explicantur,
804 1334 868 1391 et
895 1330 1113 1393 concio
1140 1328 1517 1389 intermedia
1542 1330 1850 1403 ostendit,
1885 1347 2008 1408 qua
2034 1333 2275 1393 ratione
2306 1331 2582 1411 populus
2627 1330 2707 1391 ad
2739 1346 2866 1408 pro-

361 1427 693 1487 missiones
738 1426 1133 1508 recipiendas
1180 1443 1317 1487 sese
1356 1443 1728 1505 praeparare
1767 1427 2014 1488 debeat.
2047 1428 2341 1490 Prosaico
2381 1426 2634 1489 dicendi
2662 1442 2868 1506 genere

362 1524 559 1584 utitur
584 1524 892 1603 propheta
918 1524 985 1583 in
1014 1522 1362 1583 visionibus
1390 1523 1749 1595 narrandis,
1785 1524 2060 1584 oratorio
2093 1524 2158 1585 in
2195 1524 2470 1586 secunda
2496 1528 2705 1604 parte,
2735 1540 2868 1600 poe·

362 1619 489 1680 tico
519 1620 585 1679 in
616 1621 820 1681 tertia.
855 1620 1333 1682 obscurioribus
1374 1619 1537 1679 liber
1567 1619 1967 1680 adnumerari
2009 1621 2169 1681 solet
2199 1620 2472 1681 maxime
2515 1624 2774 1699 propter
2795 1618 2870 1677 vi·

360 1716 612 1776 sionum
644 1720 706 1777 et
734 1717 1055 1777 actionum
1075 1716 1564 1793 symbolicarum
1584 1716 2004 1792 frequentiam
2023 1720 2214 1795 atque
2235 1721 2700 1795 argumentum,
2725 1712 2870 1793 quod

361 1816 564 1873 totum
592 1830 854 1891 regnum
884 1812 1329 1872 messianicum
1358 1813 1822 1891 complectitur.

436 1915 702 1988 Plerique,
734 1916 973 1971 maxime
1000 1931 1131 1970 vero
1160 1914 1388 1983 iudaici,
1416 1916 1746 1987 interpretes
1773 1914 1842 1971 de
1869 1916 2205 1989 Prophetiae
2229 1916 2529 1972 Zachariae
2557 1916 2874 1973 obscuritate

358 2011 796 2075 conqueruntur,
830 2019 971 2075 quae
997 2011 1186 2058 tamen
1214 2018 1328 2058 non
1366 2002 1614 2059 exoritur
1643 2018 1708 2059 ex
1747 2002 1866 2059 eius
1895 2002 2112 2059 dicendi
2149 2018 2380 2076 genere,
2407 2003 2507 2059 sed
2543 2006 2874 2075 potissimum

360 2106 430 2146 ex
459 2092 577 2147 eius
604 2099 960 2163 argumento,
996 2090 1146 2163 quod
1178 2089 1251 2147 ab
1283 2091 1391 2146 illis
1426 2090 1662 2163 intelligi
1688 2092 1909 2162 nequit,
1937 2092 2034 2163 qui
2067 2093 2327 2148 Messiam
2354 2090 2630 2148 humilem
2659 2102 2715 2147 et
2742 2090 2874 2162 paci-

362 2178 530 2234 ficum
552 2180 704 2248 (9,9),
726 2194 759 2233 a
779 2178 982 2250 populo
1009 2193 1112 2233 suo
1140 2178 1405 2234 reiectum
1426 2178 1574 2249 (11,4
1593 2180 1738 2250 sqq.)
1763 2179 1933 2233 immo
1957 2178 2284 2235 crucifixum
2307 2180 2490 2249 (1210
2517 2184 2692 2251 sqq.),
2721 2194 2876 2251 agno-

361 2281 513 2322 scere
538 2267 756 2322 nolunt.
784 2270 1047 2322 Attamen
1073 2264 1245 2336 probe
1274 2280 1493 2337 quoque
1520 2265 1930 2322 observandum
1957 2274 2067 2332 est,
2095 2266 2353 2322 vaticinia
2372 2266 2698 2335 Zachariae,
2723 2280 2876 2339 quum

362 2354 555 2409 ultima
576 2354 731 2425 regni
758 2353 1071 2409 messianici
1097 2362 1349 2423 tempora
1374 2353 1830 2425 complectantur,
1859 2370 1972 2409 non
1995 2355 2180 2408 omnia
2203 2354 2314 2409 iam
2337 2370 2458 2409 esse
2479 2354 2714 2426 impleta
2739 2353 2880 2409 ideo-

362 2456 471 2513 que
497 2442 663 2497 etiam
693 2440 857 2496 hodie
882 2442 1043 2511 plane
1070 2440 1300 2513 intelligi
1326 2456 1439 2496 non
1466 2456 1645 2512 posse.
1669 2441 1770 2497 Cui
1789 2441 2013 2498 ultimae
2035 2441 2236 2496 rationi
2255 2442 2302 2497 si
2329 2440 2490 2497 addis
2511 2442 2882 2515 symbolorum

361 2527 758 2599 frequentiam,
790 2527 947 2585 facile
972 2528 1277 2601 intelligeS,
1308 2527 1593 2600 quomodo
1616 2528 1784 2585 etiam
1813 2530 1869 2585 S.
1901 2529 2276 2601 Hieronymus
2317 2548 2343 2579 α
2373 2528 2830 2585 obscurissimum
2853 2546 2875 2577 ι

363 2630 559 2672 vocare
586 2614 826 2687 potuerit
852 2615 1057 2673 librum
1082 2624 1357 2673 nostrum.

438 2761 495 2817 4.
524 2791 603 2801 —
632 2759 948 2819 authentia
975 2758 1257 2837 priorum
1287 2763 1428 2819 octo
1468 2758 1747 2836 capitum
1783 2758 1860 2817 ab
1898 2758 2194 2819 omnibus
2231 2758 2618 2837 agnoscitur,
2663 2777 2772 2822 sex
2807 2760 2884 2820 ul·

360 2854 513 2915 tima
538 2872 687 2916 vero
715 2854 903 2916 hodie
932 2872 969 2915 a
995 2852 1603 2915 multis'acatholicis
1639 2853 1972 2915 Zachariae
2011 2854 2402 2933 denegantur
2429 2860 2495 2915 et
2530 2856 2604 2917 in
2631 2858 2882 2918 alteram

360 2956 629 3013 aetatem
662 2951 1143 3011 transferuntur.
1186 2950 1416 3027 Integri
1464 2955 1676 3011 tamen
1724 2951 1872 3011 libri
1928 2950 2255 3012 authentia
2289 2967 2645 3029 synagogae
2683 2956 2748 3013 et
2787 2954 2885 3013 Ec·

360 3048 582 3108 clesiae
610 3048 979 3108 testimonio
1021 3046 1494 3108 demonstratur
1541 3047 1804 3124 eiusque
1844 3048 2056 3108 indole
2085 3050 2509 3109 confirmatur.

429 3152 845 3207 Controversiae
866 3150 937 3207 de
960 3166 1055 3206 sex
1082 3151 1411 3207 ultimorum
1440 3152 1687 3222 capitum
1721 3142 1934 3223 origine
1960 3166 2154 3207 ansam
2181 3149 2334 3207 dedit
2361 3152 2648 3222 interpres
2677 3152 2886 3225 quidam

360 3238 710 3311 anglicanus,
736 3239 850 3311 qui,
867 3254 1042 3312 quum
1058 3254 1091 3295 a
1111 3240 1167 3295 S.
1190 3237 1476 3295 Matthaeo
1498 3241 1670 3307 (27,9)
1693 3238 2032 3307 vaticinium,
2057 3238 2212 3311 quod
2227 3240 2286 3295 in
2303 3238 2612 3297 Zachariae
2633 3240 2774 3297 libro
2793 3238 2888 3309 legi

358 3324 607 3397 putabat,
632 3324 735 3382 sub
760 3327 1025 3383 Ieremiae
1046 3326 1271 3382 nomine
1292 3326 1523 3398 allegari
1553 3324 1784 3393 videret,
1809 3326 2138 3382 collectores
2163 3326 2392 3383 canonis
2425 3342 2599 3399 quam
2627 3326 2890 3399 evangeli-

358 3423 503 3469 stam
516 3413 716 3470 erroris
732 3428 988 3470 accusare
1002 3414 1200 3471 maluit
1217 3413 1455 3485 ideoque
1474 3429 1602 3486 epp.
1617 3420 1787 3470 9.-11.
1805 3413 2076 3470 Ieremiae
2095 3413 2364 3471 attribuit.
2383 3414 2566 3484 Quem
2585 3416 2684 3471 alii
2703 3415 2880 3479 secuti,

358 3517 429 3557 ne
456 3502 561 3557 tria
586 3502 765 3573 capita
792 3518 823 3557 e
850 3501 1035 3559 medio
1062 3502 1205 3558 libro
1236 3502 1567 3570 evellerent,
1597 3503 1870 3573 integram
1909 3502 2165 3557 ultimam
2190 3510 2406 3573 partem
2431 3503 2710 3559 Ieremiae
2739 3500 2888 3558 dede·

358 3598 506 3645 runt.
546 3593 765 3645 Interea
792 3598 1015 3646 exortus
1048 3590 1458 3645 rationalismus
1494 3589 1636 3645 hanc
1675 3588 2008 3645 sententiam
2045 3598 2272 3646 eatenus
2309 3590 2620 3661 acceptavit
2639 3632 2656 3660 ,
2703 3600 2768 3648 ut
2791 3594 2888 3645 Za-

356 3678 580 3734 chariae
618 3676 843 3751 quidem
886 3678 979 3735 illa
1010 3679 1192 3749 capita
1238 3684 1469 3750 negaret
1498 3675 1597 3734 sed
1635 3694 1736 3749 per
1761 3685 1938 3734 totam
1970 3678 2085 3734 fere
2118 3676 2410 3735 historiam
2435 3676 2799 3735 israeliticam
2827 3676 2888 3733 ab

356 3767 584 3822 ineunte
595 3781 739 3822 saec.
758 3772 811 3822 8.
832 3780 1009 3837 usque
1028 3765 1100 3821 ad
1117 3765 1333 3821 initium
1352 3772 1402 3821 1.
1419 3780 1564 3821 saec.
1589 3764 2032 3839 circumvagatus
2055 3774 2340 3822 auctorem
2365 3766 2452 3821 vel
2479 3776 2742 3823 auctores
2763 3782 2886 3823 con·

358 3854 717 3926 quisivit,-cui
746 3854 833 3909 vel
872 3852 1073 3925 quibus
1098 3852 1372 3922 integram
1399 3860 1614 3924 partem
1636 3854 1720 3910 vel
1749 3854 1866 3911 eius
1893 3853 2220 3925 particulam
2247 3852 2491 3925 aliquam
2515 3853 2808 3913 tribueret.

426 3944 677 4013 Quorum
698 3950 1059 4013 systematum
1086 3943 1340 3998 examine
1361 3940 1747 4011 praetermisso
1768 3940 1841 3998 ad
1859 3940 2076 4015 inteqn‘
2091 3942 2214 4000 libri
2237 3941 2583 3997 authentiam
2607 3942 2884 3999 vindican-

356 4030 485 4087 dam
510 4030 833 4103 praeprimis
858 4030 929 4086 ad
953 4030 1319 4085 universalem
1345 4029 1700 4086 traditionem
1729 4044 2124 4101 provocamus,
2145 4030 2304 4084 cuins
2329 4028 2714 4085 testimonium
2743 4045 2882 4101 sper·

356 4135 491 4175 nere
524 4135 639 4174 non
672 4118 832 4186 licet,
868 4119 995 4190 quia
1030 4134 1209 4175 canon
1246 4118 1511 4174 collectus
1545 4126 1628 4174 est
1663 4116 1818 4173 brevi
1857 4126 1980 4189 post
2015 4117 2313 4174 Zachariae
2347 4124 2584 4173 aetatem
2601 4158 2619 4184 ,
2663 4118 2880 4191 quando

357 4207 663 4280 antiquiora
704 4206 957 4263 vaticinia
994 4207 1201 4263 recenti
1233 4215 1288 4262 et
1322 4206 1439 4263 sere
1474 4205 1692 4278 aequali
1724 4206 2031 4277 prophetae
2069 4220 2170 4277 per
2214 4220 2462 4263 errorem
2499 4205 2736 4261 attribui
2779 4222 2882 4261 non

356 4303 671 4365 potuerunt,
697 4294 1023 4368 praesertim
1056 4312 1227 4367 quum
1256 4302 1491 4363 constet,
1518 4294 1778 4349 vaticinia
1797 4310 2094 4367 anonyma,
2118 4301 2310 4365 utpote
2337 4292 2672 4350 auctoritate
2697 4310 2878 4350 caren-

354 4384 459 4450 tia,
485 4399 790 4456 numquam
817 4399 849 4439 a
880 4382 1097 4439 Iudaeis
1118 4384 1175 4439 in
1202 4384 1414 4439 honore
1437 4398 1558 4439 esse
1592 4381 1801 4439 habita.
2479 4404 2488 4411 ·

422 4469 634 4526 Deinde
662 4470 736 4527 ad
761 4471 1047 4544 utriusque
1076 4472 1246 4543 partis
1275 4470 1598 4527 affinitatem
1614 4512 1628 4537 ,
1662 4484 1836 4541 quum
1861 4470 1918 4525 in
1941 4478 2272 4538 argumento
2297 4478 2418 4525 tum
2445 4470 2504 4524 in
2535 4468 2760 4526 dicendi
2785 4484 2874 4541 ge-

352 4574 511 4624 nere,
544 4574 921 4630 provocamus.
954 4557 1043 4614 Ad
1069 4566 1455 4631 argumentum
1484 4557 1637 4631 quod
1665 4558 1888 4625 attinet,
1917 4557 2004 4613 cfr
2036 4572 2239 4629 poenas
2265 4556 2518 4613 hostibus
2543 4556 2872 4613 Iudaeorum

352 4646 655 4717 praedictas
672 4651 818 4714 (1‚14
840 4662 947 4719 sq.;
969 4654 1090 4716 6,8;
1110 4652 1276 4717 —9,1
1307 4651 1476 4719 sqq.),
1502 4645 1764 4703 Messiam
1791 4660 1980 4718 regern
2008 4655 2064 4702 et
2082 4645 2428 4702 sacerdotem
2458 4648 2748 4715 (3,8:6,12
2768 4660 2872 4716 sq.;
2917 4702 2924 4709 .
