3050 5184
708 335 783 378 on
826 335 1123 381 nrtsroLA‘
1147 335 1470 381 carneum.
1541 338 1596 380 a.
1621 337 1814 382 rxoonr
1857 337 2154 382 Arosrotr.
2577 321 2692 379 587

171 484 313 543 quae
351 473 496 527 sunt
535 471 599 527 in
623 468 985 546 dispersione
1015 493 1045 524 »
1067 517 1081 544 ‚
1124 470 1186 529 S.
1231 470 1487 530 Iacobus
1519 470 1850 547 epistolam
1889 469 2487 531 Iudaeochristianis
2525 472 2696 529 extra

170 565 584 624 Palaestinam
611 563 981 644 degentibus
1006 566 1094 626 ita
1115 565 1463 627 destinasse
1508 567 1813 629 dicendus
1851 567 2122 639 videtur,
2157 569 2226 626 ut
2257 565 2692 626 Ethnicochri-

170 661 399 720 stianos
431 657 576 720 cum
601 660 681 720 iis
711 662 775 721 in
797 661 1051 722 easdem
1086 661 1377 723 ecclesias
1400 662 1711 724 adunatos
1740 681 1866 724 non
1897 662 2284 736 excluderet;
2313 663 2452 740 ipso
2480 665 2694 722 tamen

168 762 533 835 argumento
565 761 857 836 apparet,
880 758 1255 836 Apostolum
1280 778 1409 819 non
1434 777 1656 820 omnes
1672 807 1686 832 ,
1711 760 1822 820 sed
1848 765 2050 820 certas
2072 759 2378 835 quasdam
2401 757 2694 819 eeclesias

168 871 300 929 prae
331 854 535 914 oculis
564 854 895 929 habuisse,
919 856 1203 915 asiaticas
1224 855 1566 929 nimirum,
1595 857 1660 916 in
1682 857 1914 934 quibus
1945 873 2120 917 error
2149 856 2228 915 ab
2261 872 2336 916 eo
2367 855 2693 932 impugna-

165 954 256 1009 tus
285 955 423 1010 tum
450 951 758 1029 temporis
787 968 1041 1030 serpere
1068 957 1379 1030 coeperat.

225 1081 369 1148 Quin
406 1081 546 1137 illia
584 1097 716 1139 vero
760 1082 1037 1150 aberrent,
1068 1085 1163 1154 qui
1192 1081 1412 1138 Iudaeis
1438 1099 1555 1138 non
1590 1083 1872 1139 conversis
1898 1092 1996 1138 aut
2034 1082 2254 1140 Iudaeis
2292 1082 2550 1139 omnibus
2581 1082 2694 1158 sive

163 1170 433 1224 conversis
456 1170 571 1225 sive
598 1186 715 1225 non
743 1173 1022 1227 conversis
1050 1172 1340 1242 epistolam
1361 1170 1692 1227 destinatam
1721 1170 1917 1227 dicunt
1953 1174 2123 1237 (Ven.
2151 1172 2322 1230 Beda
2349 1179 2406 1227 et
2441 1169 2694 1226 moderni

162 1257 448 1326 nonnulli),
480 1274 594 1314 non
618 1267 701 1314 est
732 1257 989 1326 dubium3
1022 1259 1131 1314 illis
1162 1259 1311 1314 enim
1338 1258 1530 1315 scribit
1553 1259 1870 1330 ApostoluS,
1904 1275 2045 1331 quos
2072 1262 2224 1315 Deus
2256 1279 2280 1310 (ι
2313 1257 2483 1315 verbo
2507 1257 2696 1314 verita-

164 1343 223 1398 tis
248 1345 439 1415 genuit
466 1365 520 1416 »,
553 1348 645 1418 (101
682 1367 709 1398 α
746 1346 917 1402 fidem
962 1347 1189 1402 Domini
1228 1348 1299 1402 N.
1342 1348 1469 1402 Iesu
1514 1347 1717 1402 Christi
1755 1346 1961 1418 gloriae
2009 1347 2219 1402 habent
2242 1366 2270 1398 n
2289 1388 2306 1412 ,
2351 1361 2519 1417 super
2559 1361 2696 1418 quos

168 1452 189 1481 ι
216 1431 422 1488 bonum
452 1447 656 1490 nomen
680 1435 999 1490 invocatum
1037 1443 1119 1490 est
1151 1454 1175 1488 ι
1210 1443 1316 1492 010.
1347 1439 1525 1504 (1,18;
1551 1441 1664 1504 2‚1.
1692 1441 1724 1490 7
1751 1437 1899 1505 etc.).
1923 1437 2116 1507 Neque
2138 1435 2321 1490 minus
2348 1435 2564 1490 clarum
2591 1442 2694 1498 est,

164 1520 542 1592 intelligendos
564 1537 684 1578 esse
708 1521 1047 1578 Christianos
1072 1530 1227 1578 extra
1249 1522 1622 1579 Palaestinam
1641 1521 1934 1594 degentes;
1957 1520 2145 1579 ludaei
2168 1523 2340 1590 enim,
2365 1522 2462 1594 qui
2490 1530 2693 1578 terram

166 1609 387 1676 patriam
415 1625 547 1665 eum
570 1609 806 1666 ethnicis
836 1610 1092 1682 permixti
1119 1609 1457 1679 incolebant,
1495 1630 1519 1662 (ι
1556 1611 1615 1667 in
1649 1610 1994 1682 dispersione
2027 1631 2052 1662 »
2093 1627 2214 1667 esse
2249 1627 2362 1671 non
2387 1609 2693 1676 censebam:

164 1704 259 1751 tur.
285 1698 457 1753 Extra
480 1697 855 1754 Palaestinam
882 1713 1013 1754 vero
1043 1714 1158 1754 non
1195 1698 1620 1755 inveniebantur
1657 1698 1942 1766 ecclesiae,
1981 1713 2124 1771 (1030
2161 1699 2294 1755 solis
2333 1695 2691 1754 Iudaeochri-

164 1784 339 1840 stianis
365 1785 720 1856 constabant,
751 1787 811 1840 in
833 1795 1025 1842 nostra
1054 1795 1241 1841 autem
1272 1786 1503 1857 epistola
1531 1786 1670 1842 nihil
1707 1787 1929 1860 legitur,
1962 1785 2114 1858 quod
2153 1785 2694 1842 Iudaeochristianos

163 1873 229 1927 ita
248 1873 527 1943 respiciat,
562 1883 624 1928 ut
648 1872 719 1930 de
748 1874 983 1930 ethnicis
1002 1871 1290 1930 conversis
1309 1873 1507 1930 eadem
1537 1875 1749 1930 ratione
1769 1872 1878 1930 diei
1905 1889 2019 1930 non
2049 1875 2308 1945 potuerit.
2335 1872 2511 1930 Simili
2529 1873 2696 1946 igitur

166 1959 336 2030 modo,
370 1977 486 2033 quo
514 1963 570 2018 S.
615 1963 813 2018 Petrus
852 1962 1103 2024 ἐκλεκτοῖς
1144 1962 1497 2032 παρεπιδήμοις
1543 1964 1809 2032 διασπορᾶς
1845 1962 2038 2016 Πόντου
2081 1961 2174 2016 κτλ
2213 1963 2460 2018 scribens
2501 1975 2696 2016 omnes

168 2047 521 2117 Christianos,
562 2050 658 2121 qui
693 2051 836 2105 inter
874 2049 1127 2106 ethnicos
1170 2049 1415 2123 quinque
1454 2049 1677 2106 illarum
1722 2051 2134 2121 provinciarum
2177 2049 2690 2122 peregrinabantur,

166 2138 469 2193 consolatus
490 2147 595 2204 est,
620 2140 676 2194 S.
705 2137 940 2194 lacobus
960 2139 1186 2193 nomine
1215 2157 1241 2188 (ι
1267 2135 1562 2193 duodecim
1582 2137 1849 2204 tribuum,
1876 2153 2016 2208 quae
2041 2145 2170 2194 sunt
2195 2138 2252 2192 in
2272 2137 2613 2208 dispersione
2638 2155 2690 2202 ιι,

166 2239 338 2280 omnes
366 2223 599 2297 quidem
626 2223 989 2294 ChristianoS,
1017 2226 1111 2297 qui
1140 2224 1244 2280 soli
1272 2240 1465 2280 verum
1504 2224 1770 2296 populum
1796 2225 2032 2281 electum
2055 2225 2484 2291 constituebant,
2509 2232 2594 2280 est
2618 2223 2693 2278 al·

168 2311 389 2380 locutuS,
418 2311 523 2369 sed
550 2329 652 2384 pro
693 2315 1049 2382 auctoritate,
1091 2328 1199 2384 qua
1236 2312 1385 2368 inter
1428 2311 1974 2368 Iudaeochristianos
2009 2313 2248 2368 maxime
2287 2313 2558 2384 pollebat,
2591 2311 2694 2366 hos

172 2400 401 2467 proxime
420 2416 554 2473 prae
578 2401 752 2456 oculis
783 2400 995 2456 habuit.
1017 2403 1193 2456 Porro
1210 2399 1515 2471 inscriptio,
1543 2401 1672 2480 lieet
1692 2400 1902 2456 nullam
1931 2400 2223 2456 ecclesiam
2247 2408 2403 2456 extra
2430 2399 2693 2456 Palaesti-

168 2501 251 2541 nae
276 2487 417 2544 fines
438 2488 605 2544 sitam
624 2487 918 2544 excludere
941 2486 1214 2556 videatur,
1238 2485 1310 2542 ad
1328 2495 1507 2543 certas
1526 2487 1785 2543 ecclesias
1813 2497 2144 2560 argumento
2169 2489 2433 2559 epistolae
2460 2487 2692 2542 restrin-

167 2573 318 2645 gitur3
361 2576 501 2632 vitia
543 2575 690 2633 enim
731 2584 787 2631 et
823 2590 1071 2643 errores,
1116 2575 1207 2647 qui
1248 2574 1665 2647 impugnantur,
1708 2576 1768 2631 in
1813 2575 2071 2632 omnibus
2108 2575 2350 2632 ecclesiis
2387 2575 2692 2646 apostolico

168 2669 395 2735 tempore
423 2661 684 2736 viguisse,
714 2679 880 2720 nemo
910 2662 1010 2720 sibi
1038 2661 1414 2734 persuadebit.
1454 2663 1729 2718 Ecclesias
1772 2671 1959 2720 autem
1997 2665 2159 2718 Asiae
2193 2665 2354 2731 Min.,
2392 2662 2451 2717 in
2495 2662 2692 2734 quibus

168 2749 389 2822 reliquae
420 2769 647 2825 quoque
666 2752 931 2824 epistolae
955 2750 1262 2807 catholicae
1281 2767 1499 2807 errores
1524 2751 1731 2808 similes
1759 2751 2110 2824 impugnant,
2133 2749 2521 2822 intelligendas
2549 2765 2686 2818 esse,

167 2838 331 2895 statim
359 2838 740 2896 ostendemus.

232 2992 288 3049 3.
319 3025 399 3034 --
425 2991 531 3051 111.
561 2991 693 3062 Quo
726 3007 1004 3052 Tauroni-3
1032 3007 1111 3050 nr
1148 3007 1268 3060 oux
1302 3006 1628 3052 occxsrone
1667 2990 1938 3068 epistola
1978 2989 2062 3050 sit
2089 2993 2333 3060 exorta,
2374 2989 2526 3050 satis
2557 3006 2692 3050 cer-

170 3089 283 3144 tum
322 3091 435 3148 est.
484 3088 546 3148 S.
591 3087 857 3148 Iacobus
898 3089 1097 3160 enim,
1133 3091 1470 3164 antequam
1510 3104 1650 3147 eam
1691 3087 1972 3165 scripsit,
2018 3087 2196 3148 Pauli
2241 3085 2577 3164 epistolam
2613 3086 2692 3146 ad

168 3182 462 3244 Romanos
511 3185 637 3244 iam
682 3183 975 3262 cognovit
1016 3201 1424 3262 erroremque
1474 3182 2032 3244 antinomisticum
2071 3183 2433 3262 impugnat,
2471 3183 2578 3260 qui
2618 3199 2692 3242 ex

170 3274 319 3338 illius
349 3281 681 3340 sententiis
712 3297 1007 3360 perverse
1050 3280 1387 3340 intellectis
1425 3279 1493 3340 in
1529 3281 1712 3339 Asiae
1751 3279 1900 3340 Min.
1930 3279 2218 3340 ecclesiis
2249 3284 2498 3340 exortus
2537 3285 2688 3340 erat.

170 3375 327 3435 Haud
356 3376 469 3438 diu
500 3377 691 3456 igitur
718 3381 861 3438 ante
890 3375 1080 3437 finem
1117 3377 1305 3449 vitae,
1354 3377 1396 3435 i.
1440 3394 1495 3437 e.
1532 3379 1674 3453 post
1711 3375 1963 3437 initium
1993 3393 2046 3436 a.
2083 3377 2208 3450 62„
2243 3393 2367 3454 quo
2408 3380 2694 3453 tempore

167 3467 377 3533 Paulus
422 3474 708 3552 captivus
766 3475 1068 3534 Caesarea
1110 3475 1374 3533 Romam
1422 3473 1546 3532 iam
1591 3476 1732 3532 erat
1771 3472 2117 3544 abductus„
2177 3489 2321 3533 eam
2365 3472 2692 3550 scripsisse

170 3581 396 3629 summa
424 3587 573 3632 oum
602 3570 1153 3632 verisimilitudine
1186 3570 1511 3631 asseritur.

224 3689 395 3756 Quam
424 3707 625 3763 parum
646 3691 931 3764 probabile
954 3691 1043 3761 sit,
1066 3691 1358 3762 epistolam
1384 3692 1499 3747 iam
1518 3699 1648 3747 ante
1676 3691 1984 3747 Concilium
2001 3691 2383 3764 apostolicum,
2409 3691 2492 3746 uti
2515 3690 2689 3761 aliqui

169 3783 456 3847 autumant,
489 3794 608 3834 esse
648 3787 919 3845 exortam,
950 3787 1126 3834 status
1154 3779 1250 3850 qui
1287 3779 1620 3849 supponitur
1665 3779 2028 3836 ecclesiarum
2055 3779 2276 3835 abunde
2315 3778 2688 3845 demonstrat;

170 3861 216 3914 in
242 3865 477 3922 ecelesiis
507 3868 653 3922 enim
682 3867 771 3923 vix
798 3867 971 3935 natiS,
1013 3882 1153 3939 (1030
1198 3865 1535 3922 amittendae
1577 3867 1792 3938 primae
1837 3867 2084 3923 caritatis
2122 3883 2192 3922 ne
2219 3875 2439 3938 tempus
2469 3865 2692 3938 quidem

174 3947 481 4024 habuerant,
511 3955 625 4019 illa,
658 3971 799 4027 quae
820 3953 889 4010 de
918 3952 1028 4009 fide
1050 3962 1293 4020 mortua,
1323 3953 1393 4010 de
1416 3970 1724 4026 pauperum
1744 3962 2052 4024 contemtu,
2073 3953 2143 4010 de
2168 3953 2500 4026 dignitatum
2522 3953 2691 4009 ambi-

175 4043 227 4089 tu
250 4047 349 4096 etc.
371 4043 773 4113 vituperantur,
800 4043 1037 4098 inveniri
1058 4043 1311 4098 nondum
1335 4050 1658 4113 potuerunt.
1680 4043 1921 4100 Gravius
1940 4051 2126 4098 autem
2148 4050 2251 4110 est,
2278 4042 2427 4114 quod
2452 4043 2510 4097 S.
2542 4043 2692 4098 Iaco-

178 4121 267 4180 bus
287 4129 442 4185 Pauli
464 4130 758 4202 epistolam
787 4129 858 4186 ad
887 4132 1201 4196 RornanoS,
1230 4145 1397 4202 quam
1434 4145 1485 4184 3.
1516 4135 1607 4186 59.
1645 4131 1910 4201 scriptam
1937 4146 2056 4186 esse
2098 4129 2467 4199 ostendimuS,
2501 4130 2692 4202 cogni-

180 4217 279 4268 tam
292 4227 561 4288 supponat
580 4227 746 4290 atque
760 4233 918 4273 suam
933 4217 1223 4288 epistolam
1242 4233 1536 4288 perversae
1559 4217 2004 4287 interpretationi
2027 4218 2322 4274 verborum
2342 4217 2692 4289 paulinorum

182 4312 419 4370 opponat.
448 4307 644 4378 Neque
682 4305 830 4360 enim
870 4304 1163 4377 phrasibus
1199 4303 1489 4361 dumtaxat
1520 4306 1802 4362 nonnullis
1842 4305 2032 4374 utitur,
2065 4322 2206 4379 quae
2240 4306 2477 4378 paulinis
2503 4305 2578 4362 ita
2611 4322 2696 4360 re-

184 4389 449 4460 spondent,
473 4401 534 4448 ut
554 4392 853 4449 similitudo
882 4393 1035 4449 casui
1057 4391 1294 4448 adscribi
1320 4401 1560 4464 nequeat
1585 4390 1686 4460 (cfr
1709 4408 1795 4448 ex.
1826 4409 1910 4465 gr.
1931 4401 2020 4462 4,1
2051 4402 2105 4449 et
2133 4399 2297 4449 Rom.
2323 4401 2355 4449 7
2363 4401 2477 4462 ,23ς
2495 4403 2575 4436 '-—·
2600 4401 2689 4460 4,4

186 4481 233 4526 et
252 4480 403 4534 Rom.
429 4487 550 4546 8,7;
574 4511 643 4520 —-
668 4487 797 4548 4,12
823 4489 878 4535 et
905 4485 1066 4536 Rom.
1098 4486 1223 4548 14‚4
1249 4483 1399 4551 ete),
1424 4480 1525 4536 sed
1544 4487 1768 4536 nostrae
1792 4481 2056 4551 epistolae
2084 4479 2451 4553 dependentia
2471 4481 2528 4537 in
2551 4483 2695 4538 cele-

188 4557 414 4622 berrimis
441 4567 548 4623 illis
575 4567 816 4624 textibus
844 4569 1046 4624 clarius
1075 4576 1319 4639 apparet,
1356 4569 1556 4638 quibus
1585 4567 1850 4624 haeretici
1879 4569 2050 4640 aliqui
2076 4569 2310 4625 Paulum
2339 4569 2524 4642 ipsum
2553 4586 2582 4624 a
2610 4571 2697 4624 la·

187 4649 309 4706 eobo
334 4653 642 4728 impugnari
669 4664 1023 4728 putaverunt.
1055 4675 1079 4707 (ι
1108 4655 1345 4724 videtis,
1376 4657 1555 4727 inquit
1581 4659 1638 4712 S.
1671 4656 1906 4713 Iacobus
1935 4657 2080 4729 (2‚21
2113 4659 2282 4730 sqq.),
2309 4657 2444 4730 quia
2471 4673 2570 4713 exo
2599 4671 2697 4726 pe-
