3050 5184
1156 289 1534 335 APPENDIOES.
2517 265 2638 324 625

82 417 277 479 Ρθῑθδῑ
292 454 305 481 ,
340 422 405 468 ut
432 417 565 470 πᾶσα
590 419 754 490 γραφή
776 421 847 476 sit
881 418 919 475 i.
954 437 1011 493 q.
1040 423 1175 475 πᾶσα
1198 421 1233 488 ἡ
1264 422 1467 492 γραφή),
1502 435 1576 476 an
1613 421 1766 474 iuxta
1803 419 2146 474 usitatiorem
2171 410 2640 473 constructionem

85 506 345 554 vertatur
370 506 561 560 omnis
583 509 917 579 scriptura.
952 509 989 563 i.
1014 524 1064 566 e.
1094 507 1331 580 quodvis
1358 510 1657 580 scriptum,
1683 507 1772 562 cui
1799 521 2006 562 nomen
2031 505 2370 578 Scripturas
2392 498 2510 554 κατ’
2538 499 2642 562 ἕξο-

81 585 183 654 >2²52
214 592 515 660 competit3
550 591 609 648 id
652 595 799 650 enim
844 605 999 652 extra
1030 597 1480 654 ‘controversiam
1508 605 1624 663 est,
1658 594 1898 651 Paulum
1941 593 2228 666 designare
2264 591 2404 646 velle
2447 603 2642 644 omnes

82 689 306 730 sacras
332 675 538 734 literas
567 681 649 745 (τὰ
678 681 785 752 ἱερὰ
810 685 1124 756 γράμματα),
1168 701 1307 756 quas
1334 684 1694 740 Timotheum
1727 681 1796 739 ab
1825 681 2056 739 infantia
2079 680 2298 736 novisse
2323 675 2640 732 immediate

79 769 249 816 antea
285 767 359 829 (v.
400 772 487 833 15)
526 781 869 840 asseruerat,
900 773 936 827 i.
967 789 1018 828 e.
1058 787 1252 829 omnes
1288 774 1413 829 Vet.
1448 775 1600 828 Test.
1632 770 1830 840 libroS,
1865 770 1960 844 qui
1999 771 2144 826 inter
2183 767 2420 824 ludaeos
2463 767 2524 820 iu
2559 765 2642 822 di-

80 849 377 918 spersione
414 853 677 928 degentes
724 870 881 915 erant
918 861 1207 934 propagati
1252 859 1359 928 (cl'r
1398 876 1455 931 p.
1500 866 1568 916 19
1608 863 1738 930 sq.).
1788 859 1983 930 Neque
2029 858 2329 931 quidquam
2377 861 2633 928 interest,

81 943 285 994 utrum
312 955 443 996 cum
473 944 637 1016 Vulg.
666 948 997 1006 vocabulum
1031 950 1347 1010 θεόπνευστος
1369 947 1651 1015 (divinitus
1677 946 1961 1017 inspirata)
1992 955 2281 1018 tamquam
2309 948 2640 1006 attributum

82 1023 443 1085 substantivo
480 1034 798 1105 Scriptura
826 1035 1067 1094 addatur
1106 1038 1308 1106 (omnis
1338 1037 1653 1107 Scriptura,
1686 1050 1830 1106 quae
1857 1035 1968 1106 [vel
1995 1052 2010 1090 :
2043 1033 2193 1106 quia]
2222 1036 2488 1108 inspirata
2525 1046 2634 1106 est,

86 1120 167 1168 est
212 1115 375 1172 utilis
400 1124 551 1190 etc.),
584 1137 657 1177 an
688 1131 973 1196 tamquam
1001 1125 1383 1198 praedicatum
1408 1131 1682 1192 sumatur,
1710 1120 1766 1178 id
1811 1121 1962 1194 quod
1998 1131 2184 1178 textus
2207 1139 2389 1196 graec.
2421 1125 2642 1182 videtur

84 1201 379 1260 insinuare
423 1210 627 1272 (omnis
672 1213 962 1284 Scriptura
1009 1224 1092 1270 est
1138 1213 1401 1270 divinitus
1442 1212 1708 1283 inspirata
1736 1219 1792 1266 et
1821 1209 1990 1282 [ideo]
2019 1211 2170 1268 utilis
2209 1217 2359 1280 etc.);
2397 1221 2640 1287 utroque

84 1290 239 1344 enim
268 1291 443 1349 modo
468 1296 637 1354 verba
665 1302 921 1372 Apostoli
944 1301 1185 1358 divinam
1214 1302 1486 1358 librorum
1514 1299 1784 1372 originem
1811 1307 2084 1354 asserunt.
2116 1301 2370 1372 Namque
2399 1302 2639 1358 vocabu·

85 1377 203 1432 lum
256 1379 579 1447 Θεόπνευστος
616 1392 667 1454 (a
697 1387 819 1452 Θεός
857 1398 915 1446 et
943 1392 1114 1462 πνέω),
1164 1389 1315 1462 quod
1359 1389 1467 1446 hoe
1508 1389 1632 1444 solo
1667 1387 1726 1443 in
1755 1387 1880 1444 loco
1907 1389 2223 1458 scripturae
2249 1390 2544 1463 reperitur,
2585 1390 2639 1446 vi

85 1466 467 1540 etymologiae
488 1489 622 1530 suae
664 1485 721 1532 et
754 1493 859 1534 usu
884 1495 985 1534 suo
1012 1479 1159 1551 apud
1188 1479 1446 1550 profanos
1485 1476 1585 1548 (cfr
1613 1476 1772 1532 Plut.
1817 1475 1889 1531 de
1919 1476 2058 1547 plac.
2089 1476 2224 1549 phil,
2255 1483 2350 1545 5,2
2384 1479 2434 1532 (οἱ
2464 1479 2642 1549 ὄνειροι

82 1554 129 1604 οἱ
160 1555 493 1616 θεόπνευστοι
516 1565 737 1621 somnia
780 1564 1041 1624 divinitus
1078 1569 1359 1639 inspirata)
1400 1565 1674 1639 significat
1705 1564 1875 1633 illud,
1912 1563 2062 1634 quod
2097 1581 2164 1620 ex
2193 1565 2460 1622 instinctu
2489 1566 2639 1623 afssa-

82 1651 273 1714 tnque
307 1643 499 1704 divino
524 1649 613 1719 fit,
656 1662 753 1710 aut
798 1657 843 1710 si
868 1655 937 1712 de
984 1655 1301 1712 homiuibus
1336 1653 1704 1727 praedicatur,
1747 1652 1913 1708 docet
1940 1667 2036 1708 eos
2071 1669 2138 1708 ex
2179 1653 2439 1710 instinctu
2479 1655 2640 1712 affla-

84 1739 275 1804 tuque
300 1735 411 1791 Dei
442 1753 633 1810 agere,
670 1742 749 1798 ita
774 1752 838 1799 ut
866 1760 958 1814 ea,
992 1759 1135 1817 quae
1161 1751 1361 1816 agunt,
1393 1742 1467 1799 ad
1495 1744 1678 1798 Deum
1712 1749 1996 1798 auctorem
2027 1741 2330 1813 principem
2358 1744 2468 1800 sint
2495 1743 2642 1800 refe-

85 1818 296 1877 renda.
328 1824 511 1892 Quem
533 1845 757 1886 sensum
786 1834 1087 1905 genuinum
1112 1849 1231 1888 esse
1260 1831 1694 1888 luculentissime
1714 1830 1892 1885 altero
1915 1828 2232 1886 testimonio
2258 1831 2636 1900 confirmatur,

86 1923 205 1978 quo
258 1911 319 1966 S.
348 1914 549 1972 Petrus
577 1919 849 1990 originem
886 1920 1161 1978 librorum
1200 1919 1656 1992 propheticorum
1703 1920 1828 1974 Vet.
1870 1920 2018 1972 Test.
2051 1917 2358 1974 describit:
2397 1937 2422 1972 c
2462 1919 2644 1976 omnis

88 1997 397 2070 prophetia
429 2004 747 2077 Scripturae
776 2011 995 2082 propria
1016 2009 1469 2081 interpretatione
1503 2006 1753 2074 (ἑπίλυσις)
1779 2021 1894 2060 non
1923 2005 2150 2072 fit3non
2179 2008 2330 2062 enim
2361 2009 2642 2064 voluntate

88 2084 351 2144 humana
380 2090 545 2150 allata
572 2105 655 2152 est
684 2097 980 2170 aliquando
1018 2097 1306 2170 prophetia
1327 2137 1341 2166 ‚
1380 2095 1477 2152 sed
1511 2095 1717 2166 Spiritu
1755 2095 1954 2150 Sancto
1983 2093 2232 2165 inspirati
2271 2095 2386 2166 (ὕπὸ
2415 2097 2637 2167 asinina·

88 2193 173 2238 τος
204 2173 361 2247 ἁγίου
384 2183 642 2252 φερόμενοι
670 2200 701 2240 a
740 2187 945 2258 Spiritu
976 2189 1033 2244 S.
1062 2186 1167 2242 acti
1215 2194 1272 2242 et
1298 2185 1453 2252 moti)
1491 2183 1664 2239 locuti
1707 2191 1839 2238 sunt
1879 2183 2054 2238 saneti
2097 2183 2202 2238 Dei
2231 2181 2486 2240 homines
2529 2205 2554 2236 n
2588 2186 2641 2258 (2

90 2267 261 2319 Petr-
295 2272 347 2334 1,
368 2273 439 2323 20
463 2271 592 2343 sq).
615 2275 813 2331 Omnis
829 2275 997 2347 igitur
1015 2289 1179 2332 verae
1201 2273 1523 2346 prophetiae
1540 2315 1554 2340 ,
1577 2287 1721 2344 quae
1743 2271 1802 2326 in
1821 2270 2117 2342 seripturis
2139 2271 2396 2340 habetur,
2428 2273 2643 2330 huma-

90 2369 239 2408 nam
280 2353 553 2427 originem
588 2364 893 2434 Apostolus
918 2366 1145 2421 omnino
1183 2371 1379 2435 negat,
1424 2377 1610 2432 neque
1653 2359 1804 2414 enim
1846 2359 2070 2430 proprio
2105 2373 2206 2414 suo
2241 2359 2462 2432 ingenio
2489 2361 2645 2436 signa

90 2438 275 2496 siituri
310 2447 581 2517 temporis
624 2451 1049 2524 interpretantes
1092 2451 1396 2524 prophetae
1442 2448 1662 2505 futuros
1711 2455 1944 2504 eventus
1995 2445 2419 2518 praedixerunt,
2465 2465 2646 2521 neque

89 2529 325 2602 propria
372 2547 473 2592 sua
518 2539 799 2596 voluntate
846 2541 1099 2598 vaticinia
1142 2556 1240 2612 sua
1288 2536 1715 2612 pronuntiarunt
1750 2543 1809 2591 et
1853 2534 2194 2606 scripserunt
2241 2536 2331 2606 (de
2371 2539 2648 2594 vaticiniis

90 2621 253 2676 enim
282 2621 347 2678 in
383 2625 667 2698 Scriptura
695 2630 875 2686 allatis
914 2631 1144 2703 agitur),
1176 2628 1273 2684 sed
1303 2637 1587 2698 tamquam
1629 2640 1692 2680 os
1720 2625 1822 2680 Dei
1861 2623 1965 2690 (cfr
1993 2639 2045 2693 p.
2093 2626 2220 2693 363)
2249 2639 2316 2680 ex
2345 2623 2532 2682 divino
2559 2627 2648 2681 in-

90 2710 309 2768 stinctu
340 2721 397 2768 et
416 2711 609 2771 afflatu
630 2733 692 2772 ea
722 2716 1040 2775 ediderunt.

166 2797 273 2855 Ad
301 2803 455 2856 Novi
482 2805 833 2864 Testamenti
856 2806 1039 2864 libros
1066 2805 1216 2880 quod
1241 2806 1439 2862 attinet
1454 2847 1467 2874 ,
1494 2805 1625 2860 licet
1663 2817 1778 2859 nou
1804 2803 1989 2858 desint
2015 2800 2326 2858 testimonia
2357 2805 2646 2878 scripturi·

85 2888 270 2956 stica,
314 2889 513 2960 quibus
555 2894 871 2966 aliquorum
915 2895 1202 2968 inspiratio
1249 2907 1465 2949 summa
1508 2908 1638 2948 cum
1687 2889 2166 2947 verisimilitudine
2213 2891 2644 2964 demonstretur,

88 2977 322 3032 nullum
344 2985 529 3036 tamen
557 2990 765 3052 exstat,
792 3000 905 3054 quo
924 2984 1175 3040 omnium
1199 2981 1389 3038 divina
1410 2981 1567 3052 origo
1597 2979 1880 3036 doceatur.
1905 2979 2124 3035 Etenim
2144 2981 2197 3036 S.
2224 2981 2446 3050 PauluS‚
2477 2999 2648 3055 quum

88 3065 301 3122 eadem
329 3067 605 3126 citationis
634 3069 874 3127 formula
904 3072 1059 3143 (λέγει
1085 3076 1117 3131 ἡ
1148 3070 1311 3142 γραφή
1346 3070 1495 3126 dicit
1531 3071 1854 3140 Scriptura)
1889 3067 2054 3124 verba
2083 3071 2258 3124 Dent.
2287 3075 2416 3138 25,4
2446 3079 2503 3126 et
2529 3087 2650 3128 sen·

88 3154 341 3210 tentiam
381 3157 609 3214 Domini
646 3159 707 3216 in
746 3161 929 3216 Lucae
974 3160 1273 3232 Evangelio
1308 3158 1690 3230 consignatam
1737 3161 1896 3223 (Luc.
1941 3157 2084 3226 10,7)
2133 3157 2336 3228 alleget
2363 3173 2434 3216 ex
2469 3159 2652 3232 iisque

88 3243 303 3300 eadem
342 3244 556 3302 ratione
588 3257 981 3319 argumentum
1022 3263 1185 3306 suum
1214 3247 1469 3304 desumat
1506 3247 1554 3314 ’(1
1613 3248 1758 3302 Tim.
1789 3249 1966 3314 5,18),
2017 3245 2316 3318 Evangelio
2362 3246 2494 3304 huie
2535 3263 2650 3306 non

86 3341 326 3389 tantum
350 3333 587 3390 eandem
608 3337 1019 3406 auctoritatem,
1052 3335 1147 3393 sed
1175 3337 1342 3392 etiam
1362 3335 1598 3392 eandem
1623 3334 1950 3406 dignitatem
1965 3375 1981 3404 ,
2011 3349 2182 3406 quam
2211 3336 2650 3394 Deuteronomio

86 3421 404 3494 inspirato,
434 3423 748 3481 attribuisse
776 3436 925 3482 recte
954 3425 1170 3482 dicitur.
1205 3427 1262 3480 S.
1300 3426 1497 3480 Petrus
1525 3430 1712 3479 autem
1743 3423 1987 3494 aliquam
2017 3422 2366 3493 paulinarum
2395 3426 2650 3496 epistola-

85 3527 230 3568 rum
268 3511 655 3569 collectionem
684 3519 849 3586 (quae
876 3523 1013 3588 quot
1039 3517 1097 3570 et
1134 3529 1273 3586 quas
1302 3512 1664 3579 continuerit,
1709 3510 1901 3582 utique
1945 3510 2311 3582 ignoramus)
2349 3533 2374 3562 α
2420 3514 2651 3586 reliquis

86 3599 407 3671 scripturis
438 3621 463 3652 υ
496 3602 818 3674 aequiparat
844 3606 897 3669 (2
924 3607 1078 3660 Petr.
1104 3603 1247 3671 3,16)
1276 3617 1343 3656 ac
1361 3601 1521 3672 proin
1552 3615 1646 3679 eas
1665 3614 1885 3672 quoque
1913 3598 2212 3670 inspiratas
2230 3615 2352 3656 esse
2377 3601 2652 3672 siguificat

87 3689 205 3762 (cfr
238 3703 295 3760 p.
330 3688 436 3760 37).
470 3689 631 3758 Quod
662 3705 791 3746 vero
818 3690 993 3764 aliqui
1020 3690 1205 3756 (etiam
1234 3688 1494 3745 catholici
1524 3687 1608 3744 cfr
1635 3688 1844 3744 Simar
1867 3687 1904 3742 l.
1929 3703 1979 3743 c.
2015 3703 2068 3758 p.
2102 3691 2156 3758 9)
2183 3703 2252 3743 ex
2281 3688 2464 3746 verbis
2491 3689 2649 3746 Chri-

84 3777 167 3834 sti
200 3776 487 3846 Apostolis
527 3776 851 3834 docentibus
888 3779 1211 3834 continuam
1237 3777 1473 3848 Spiritus
1503 3779 1563 3832 S.
1593 3775 1964 3832 assistentiam
1995 3776 2369 3846 promittentis
2409 3777 2647 3849 inspira-

82 3869 315 3924 tionem
345 3864 615 3922 librorum
653 3866 722 3923 ab
764 3867 843 3924 eis
881 3866 1327 3937 conscriptorum
1364 3865 1630 3922 indirecte
1673 3863 1894 3936 probari
1929 3873 2190 3930 censent,
2223 3863 2280 3918 id
2307 3863 2460 3922 haud
2497 3873 2650 3923 recte

84 3955 223 4013 lieri
250 3953 607 4022 arbitramur;
631 3954 782 4011 aliud
811 3954 959 4012 enim
986 3963 1089 4024 est,
1120 3954 1323 4010 librum
1352 3968 1469 4009 esse
1493 3953 1845 4023 inspiratum,
1873 3951 2026 4009 aliud
2049 3960 2134 4008 est
2161 3951 2376 4008 librum·
2395 3967 2516 4010 esse
2545 3954 2648 4011 sub

88 4043 343 4117 Spiritus
376 4045 433 4098 S.
470 4058 689 4100 omnem
728 4059 976 4101 errorem
1016 4041 1395 4115 praecaventis
1435 4041 1744 4098 assistentia
1783 4040 2176 4111 conscriptum.
2219 4041 2301 4096 Ex
2339 4042 2648 4099 assistentia

84 4135 255 4189 enim
282 4131 565 4201 Apostolis
594 4132 863 4201 promissa
899 4147 1015 4188 non
1044 4129 1219 4202 magis
1247 4129 1506 4185 concludi
1546 4138 1754 4201 potest,
1790 4128 1977 4184 omnia
2021 4143 2215 4183 corum
2255 4127 2454 4198 scripta
2477 4171 2494 4198 ,
2525 4131 2650 4204 qui·

86 4224 206 4278 bus
232 4218 491 4276 fidelibus
519 4217 831 4276 doctrinam
858 4221 1159 4278 revelatam
1189 4217 1556 4290 exponebant,
1591 4233 1710 4273 esse
1739 4217 2021 4286 inspirata,
2055 4233 2222 4288 quam
2246 4231 2312 4273 ex
2337 4219 2650 4276 assistentia

86 4307 381 4367 Ecclesiae
414 4305 689 4377 promissa
724 4309 991 4379 sequitur,
1032 4307 1401 4364 Conciliorum
1442 4304 1930 4362 oecumenicorum
1971 4304 2220 4377 symbola
2269 4305 2398 4362 fidei
2446 4315 2502 4362 et
2549 4309 2645 4366 SS.

86 4395 443 4456 Pontificum
465 4394 687 4451 decreta
712 4411 779 4450 ex
808 4395 1071 4452 cathedra
1100 4395 1457 4467 pronuntiata
1488 4410 1606 4451 esse
1633 4393 1918 4464 inspirata.

167 4491 248 4550 ⁶2.)
280 4483 439 4554 Quae
460 4499 589 4540 vero
619 4483 1023 4555 scripturisticis
1043 4484 1370 4540 testimoniis
1390 4481 1760 4540 demonstrari
1784 4481 2007 4554 nequit,
2031 4486 2296 4540 omnium
2327 4485 2470 4540 Novi
2497 4485 2644 4542 Test.

86 4575 377 4630 librorum
398 4570 582 4627 divina
602 4571 757 4644 origo
776 4581 833 4628 et
858 4572 1141 4644 inspiratio
1164 4571 1465 4628 traditione
1492 4569 1790 4642 apostolica
1815 4579 1969 4628 extra
1991 4586 2216 4628 omnem
2235 4571 2636 4630 dubitationem

94 4662 357 4735 ponitur.
389 4660 528 4716 Inde
548 4661 695 4716 enim
725 4676 755 4716 a
778 4661 967 4731 primis
996 4659 1125 4716 fidei
1151 4658 1498 4731 temporibus
1526 4657 1682 4714 libris
1709 4660 1968 4717 omnibus
1997 4675 2172 4733 quum
2196 4663 2318 4717 Vet.
2349 4668 2470 4718 tum
2501 4659 2637 4718 Novi

859 4748 1096 4798 eonseu
1131 4749 1451 4798 Communium
1483 4748 1692 4797 Iit-raon.
1727 4773 1790 4786 —
1820 4753 1896 4800 40.
