3050 5184
355 299 472 356 426
509 315 584 357 DE
613 314 748 356 VE'r.
783 313 1042 357 TESTAM.
1071 313 1257 356 umus
1279 313 1681 356 PROPHE'HCIS.
1714 331 1791 338 —
1816 313 1940 356 CAP.
1975 313 2055 355 VI.
2086 313 2162 356 DE
2183 311 2501 354 utNORIBus
2528 310 2875 353 PROPRETIS.

268 513 277 518 ι
355 449 471 508 tus;
492 442 656 515 longe
685 442 1022 514 probabilius
1040 452 1228 499 tamen
1247 451 1331 498 est
1347 485 1359 508 ‚
1384 459 1513 498 eum
1532 443 1689 508 regni
1708 442 1881 498 Israel
1901 443 2077 498 civem
2096 440 2281 496 fuisse.
2306 443 2371 496 ln
2390 441 2484 496 illo
2504 441 2651 496 enim
2674 455 2885 496 munus

356 543 514 584 suum
543 530 784 585 exercuit
819 546 922 586 nec
957 529 1114 586 ullibi
1146 531 1302 600 (sicut
1329 535 1510 584 Amos
1548 537 1666 598 1,1;
1699 535 1825 596 7‚1o
1857 530 2001 600 sqq.)
2032 529 2211 584 innuit
2247 545 2307 584 se
2340 545 2407 584 ex
2448 528 2583 584 luda
2622 527 2678 582 in
2710 527 2883 582 Israel

356 631 474 672 esse
499 616 758 682 missum;
791 619 944 690 regni
977 618 1146 672 Israel
1195 633 1382 686 regem
1425 626 1583 672 vocat
1616 637 1641 666 α
1674 633 1858 688 regem
1901 623 2169 672 nostrum
2206 637 2232 668 »
2274 621 2427 685 (7‚5)‚
2458 625 2669 671 terram
2706 614 2883 669 Israel

355 713 470 766 sine
498 713 614 767 ullo
645 713 834 769 addito
856 722 1015 769 vocat
1057 721 1228 806 van-'l
1269 715 1410 779 (1‚2;
1441 719 1554 781 4‚1.
1589 720 1621 768 3
1644 721 1750 768 etc.
1778 712 1810 778 ἢ
1831 717 1939 783 γῆ),
1968 712 2039 768 de
2073 712 2303 769 urbibus
2332 709 2889 784 septemtrionalibus

355 814 667 887 frequenter
695 819 959 889 loquitur,
991 834 1060 874 ne
1099 817 1269 888 ipsius
1296 826 1484 873 autem
1523 818 1827 874 Ierusalem
1866 834 2068 873 nomen
2109 833 2374 889 umquam
2402 815 2646 872 adhibet.
2684 817 2889 887 Neque

353 903 561 972 obstat,
590 895 738 976 quod
763 905 818 958 in
843 905 1194 976 inscriptione
1223 915 1459 977 quatuor
1487 921 1645 978 reges
1676 905 1813 960 luda
1843 915 1896 961 ct
1924 920 2094 960 unum
2124 905 2306 960 solum
2344 921 2531 976 regem
2560 903 2745 959 Israel
2788 919 2887 957 no-

291 1007 311 1026 ·
352 992 551 1056 minan
585 1007 713 1046 nam
743 992 1046 1063 prophetae
1069 1009 1279 1058 omneS‚
1311 1009 1482 1064 quum
1509 992 1677 1048 tribui
1702 991 1838 1048 luda
1868 1002 1922 1048 et
1951 992 2141 1047 domui
2165 990 2454 1048 davidicae
2484 992 2891 1062 promissiones

351 1077 637 1133 inhaerere
665 1079 894 1146 scirent,
939 1081 1086 1136 solos
1126 1095 1282 1152 reges
1328 1079 1465 1136 Iuda
1496 1079 1774 1136 habebant
1800 1078 2103 1152 legitimos,
2137 1079 2373 1150 ideoque
2400 1080 2547 1135 iuxta
2576 1079 2710 1134 illos
2740 1087 2888 1133 tem-

353 1179 452 1230 pus
498 1165 860 1234 deliniebant3
907 1169 1050 1223 Osee
1091 1177 1276 1224 autem
1323 1177 1377 1223 et
1415 1171 1591 1222 Amos'
1623 1183 1795 1224 unum
1836 1159 2194 1224 israeliticum
2238 1165 2599 1233 addiderunt,
2656 1175 2725 1220 ut
2774 1167 2889 1236 ipso

349 1251 508 1306 titulo
535 1268 593 1307 se
639 1254 694 1308 in
740 1270 910 1326 regno
954 1255 1122 1310 Israel
1153 1255 1258 1320 (vel
1307 1256 1489 1326 potius
1533 1263 1726 1310 contra
1755 1256 1947 1322 lsrael)
1977 1256 2301 1310 vaticinatos
2328 1269 2448 1309 esse
2476 1253 2887 1325 significarent.

419 1338 504 1393 Ad
525 1354 725 1395 munus
743 1342 1124 1411 propheticum
1147 1351 1370 1397 vocatus
1393 1344 1535 1398 Osee
1554 1357 1785 1397 uxorem
1809 1341 1939 1398 olim
1964 1342 2317 1397 fornicariam
2337 1340 2539 1398 ducere
2559 1340 2757 1394 iussus
2778 1349 2887 1395 est.

347 1433 408 1479 ut
431 1442 542 1482 una
560 1443 686 1482 cum
711 1445 882 1484 uxore
901 1438 957 1484 et
975 1429 1101 1484 filiis
1120 1445 1185 1484 ex
1202 1445 1264 1485 ca
1287 1430 1482 1502 genitis
1498 1438 1815 1500 portentum
1834 1438 1981 1484 esset
1998 1429 2199 1500 populo
2222 1429 2391 1485 lsrael
2406 1471 2421 1498 ,
2454 1443 2619 1500 quem
2642 1426 2890 1482 idolola—

347 1513 484 1568 trIae
528 1513 777 1570 deditum
811 1519 962 1572 Deus
999 1517 1104 1572 sibi
1137 1516 1470 1588 desponsare
1512 1533 1623 1572 non
1665 1516 1954 1572 abnuerat.
2000 1517 2250 1572 Alteram
2294 1532 2525 1572 uxorem
2564 1514 2889 1571 adulteram

348 1599 547 1657 ducere
565 1601 665 1658 sed
689 1603 760 1658 ab
783 1604 934 1658 omni
953 1605 1286 1659 commercio
1315 1603 1598 1660 secludere
1622 1605 1803 1660 iussus
1826 1613 1930 1668 est,
1954 1613 2018 1659 ut
2040 1605 2240 1660 iterum
2267 1613 2581 1675 portentum
2606 1612 2763 1658 esset
2792 1603 2890 1656 Dei

349 1689 610 1757 populum
633 1690 948 1746 adulterum
971 1692 1026 1746 in
1049 1691 1426 1761 captivitatem
1451 1691 1737 1747 tradentis
1760 1693 1912 1746 Haec
1934 1691 2049 1747 sola
2072 1708 2137 1746 ex
2161 1693 2278 1747 eius
2301 1689 2446 1747 libro
2470 1690 2801 1761 colligimus
2824 1689 2891 1742 de

346 1775 463 1831 eius
489 1776 618 1832 vita.
649 1779 842 1850 Regna
867 1788 1104 1849 quatuor
1133 1795 1345 1850 regum,
1367 1780 1469 1834 sub
1489 1779 1689 1850 quibus
1720 1779 2043 1834 vaticinatus
2070 1787 2179 1846 est,
2206 1779 2483 1852 integrum
2512 1778 2811 1833 saeculum
2838 1785 2885 1830 S.

347 1863 822 1933 complectuntur3
854 1875 913 1920 at
949 1865 1168 1921 evidens
1196 1875 1305 1934 est,
1339 1881 1466 1922 eum
1498 1883 1609 1922 non
1642 1866 1711 1922 ab
1766 1883 1816 1921 a.
1853 1875 1901 1922 1.
1932 1868 2101 1922 Oziae
2126 1881 2305 1936 usque
2342 1865 2411 1920 ad
2450 1865 2711 1920 ultimum
2744 1866 2891 1920 Eze-

348 1950 505 2006 chiae
529 1967 758 2007 munere
785 1967 886 2008 suo
919 1968 1038 2008 esse
1069 1953 1346 2018 functum;
1378 1953 1735 2009 nihilominus
1764 1955 1895 2024 quin
1925 1954 2325 2032 auinquaginta
2357 1953 2442 2008 vel
2467 1951 2763 2022 sexaginta
2790 1969 2891 2006 an-

347 2037 430 2092 nis
454 2037 593 2094 illud
615 2039 954 2107 sustinuerit,
977 2056 1086 2095 non
1117 2040 1330 2096 videtur
1353 2056 1472 2096 esse
1489 2041 1739 2097 dubium.
1772 2043 1913 2096 Nam
1942 2041 2303 2111 probabiliter
2327 2041 2547 2095 ruinam
2578 2039 2782 2110 populi
2808 2041 2893 2094 sui

346 2124 572 2195 eiusque
601 2127 972 2196 captivitatem
1005 2127 1138 2182 vidit
1167 2129 1270 2194 (cir
1294 2133 1448 2195 1293
1485 2135 1673 2196 13‚103
1706 2133 1850 2192 14,·2.
1872 2131 1973 2192 5.),
2004 2129 2077 2183 ita
2108 2137 2171 2184 ut
2198 2127 2444 2184 libellum
2472 2143 2587 2182 non
2616 2126 2731 2181 nisi
2766 2135 2891 2197 post

349 2228 398 2268 a.
431 2220 484 2268 6.
525 2214 794 2270 Ezechiae
825 2215 1233 2282 terminaverim
1265 2216 1589 2271 vaticinatus
1636 2225 1821 2271 autem
1868 2225 1949 2270 est
1992 2215 2187 2271 saltem
2228 2215 2425 2270 decem
2466 2214 2677 2270 ultimis
2724 2214 2893 2269 annis

348 2301 636 2356 leroboam
667 2302 740 2357 11.
771 2317 835 2356 ac
865 2303 1022 2372 proin
1046 2303 1261 2358 circiter
1283 2303 1354 2358 ab
1379 2319 1428 2358 a.
1459 2309 1579 2357 772.
1615 2318 1787 2373 usque
1814 2308 1937 2358 720.

427 2454 485 2508 2.
517 2485 594 2492 —
625 2451 920 2512 Turbidis
945 2470 1018 2511 ac
1045 2453 1452 2511 tumultuosis
1481 2453 1868 2531 temporibus
1892 2453 2045 2511 vixit
2076 2453 2265 2526 Osee;
2292 2469 2328 2512 a
2358 2469 2605 2511 summo
2636 2451 2889 2528 gloriae

349 2548 621 2606 culmine
647 2548 914 2624 patriam
941 2565 1114 2608 suam
1145 2548 1365 2624 rapido
1391 2565 1579 2608 cursu
1617 2548 1683 2608 in
1712 2548 2263 2626 profundissimam
2304 2548 2737 2608 calamitatem
2772 2549 2887 2608 de-

350 2643 646 2703 scendere
669 2644 858 2717 vidit3
881 2648 1067 2720 atque
1089 2662 1302 2704 munus
1320 2649 1442 2704 eius
1467 2646 1881 2722 praecipuum
1902 2644 2049 2716 fuit,
2074 2649 2144 2704 ut
2173 2639 2405 2704 iustam'
2438 2661 2575 2703 esse
2604 2660 2887 2720 poenam

350 2740 583 2817 populo
613 2758 724 2800 suo
758 2741 1118 2800 ostenderet
1147 2745 1210 2800 et
1238 2741 1555 2818 quomodo
1590 2741 1952 2818 recipienda
1992 2745 2158 2800 esset
2198 2741 2473 2800 doceret.

417 2848 860 2908 Florentissimae
897 2861 1055 2908 erant
1093 2853 1246 2925 regni
1277 2853 1745 2924 septemtrionalis
1788 2869 1905 2918 res,
1934 2869 2045 2924 quo
2074 2861 2323 2923 tempore
2352 2854 2494 2908 Osce
2519 2860 2603 2906 est
2625 2862 2881 2907 vocatus

353 2939 637 2995 leroboam
665 2941 736 2996 11.
769 2941 918 2996 enim
945 2956 976 2995 a
1001 2943 1119 2996 Deo
1149 2939 1369 2996 adiutus
1397 2962 1422 2989 α
1450 2942 1767 2996 restituerat
1808 2940 2073 2995 terminos
2104 2940 2276 2995 lsrael
2306 2939 2374 2995 ab
2403 2938 2633 2994 introitu
2672 2941 2883 2994 Emath

350 3041 522 3094 usque
550 3025 620 3082 ad
649 3043 802 3082 mare
839 3026 1148 3083 solitudinis
1177 3049 1202 3078 ι)
1238 3033 1290 3093 (4
1318 3031 1453 3098 Req.
1491 3033 1649 3094 1435
1688 3032 1868 3098 sqq.);
1902 3036 2145 3082 attamen
2188 3035 2417 3082 externo
2454 3025 2745 3096 splendori
2772 3041 2885 3082 non

353 3113 629 3183 respondit
665 3115 914 3170 internus
943 3115 1098 3186 regni
1140 3123 1332 3169 status.
1377 3118 1629 3184 Namque
1668 3131 1780 3170 non
1812 3115 2013 3186 magiS‚
2046 3129 2213 3186 quam
2248 3112 2701 3184 praedecessores
2730 3114 2881 3177 eius,

353 3201 637 3256 leroboam
667 3203 742 3257 11.
771 3203 1038 3273 populum
1066 3200 1136 3257 ad
1164 3203 1466 3257 Dominum
1491 3201 1759 3258 reducere
1794 3211 2027 3257 conatus
2050 3211 2197 3268 erat,
2230 3210 2397 3272 atquc
2426 3217 2539 3256 non
2574 3209 2805 3256 tantum
2830 3202 2885 3255 in

353 3291 472 3342 Dan
501 3298 556 3343 et
583 3289 795 3356 Bethel‚
817 3289 916 3344 sed
945 3289 1062 3344 aliis
1092 3305 1312 3361 quoque
1339 3289 1394 3344 in
1419 3290 1651 3345 excelsis
1680 3290 1978 3345 vitulorum
1999 3291 2179 3345 cultus
2200 3289 2431 3344 florebat
2452 3291 2507 3356 (4
2528 3292 2662 3359 Req.
2690 3295 2877 3355 14:24:

353 3381 478 3428 Am.
509 3381 621 3444 4,4;
655 3382 744 3440 5,5
775 3381 925 3443 etc.).
966 3379 1314 3448 Quapropter
1345 3377 1651 3432 leroboami
1682 3393 1771 3433 res
1800 3377 2013 3432 sortiter
2032 3386 2087 3432 et
2116 3376 2347 3431 feliciter
2376 3385 2560 3447 gestae
2586 3375 2878 3430 interitum

355 3463 517 3518 lsrael
542 3463 808 3533 impedire
835 3479 947 3518 non
973 3451 1297 3534 potuerunt3
1321 3465 1508 3519 statim
1540 3464 1609 3520 ab
1634 3463 1749 3519 eius
1783 3473 1963 3520 morte
1994 3465 2176 3518 omnia
2204 3464 2261 3518 in
2294 3463 2535 3518 deterius
2554 3477 2723 3518 ruere
2751 3479 2873 3518 coe-

352 3560 574 3622 perunt,
608 3559 770 3620 atque
807 3552 1011 3618 turbiS,
1058 3551 1402 3621 factionibuS‚
1449 3552 1610 3607 bellis
1651 3552 1923 3606 intestinis
1969 3553 2129 3622 plena
2168 3561 2325 3607 erant
2354 3550 2539 3606 omnia
2580 3549 2687 3614 (cl'r
2716 3555 2752 3618 §
2790 3557 2878 3616 4‚2

351 3657 404 3710 p.
429 3643 573 3707 374).
595 3637 851 3693 Turbidis
879 3639 1218 3709 temporibus
1240 3653 1438 3710 magna
1460 3640 1831 3710 respondebat
1851 3653 2069 3694 morum
2098 3639 2400 3710 corruptio.
2426 3640 2651 3692 Praeter
2674 3640 2879 3693 vitulos

349 3727 514 3782 etiam
541 3727 672 3781 Baal
702 3735 757 3780 et
783 3730 1002 3780 Astarte
1040 3742 1138 3781 sua
1167 3727 1382 3798 impura
1422 3735 1477 3782 et
1506 3726 1751 3782 crudelia
1789 3742 1941 3782 sacra
1974 3727 2173 3782 iterum
2210 3725 2488 3782 habebant
2526 3730 2668 3792 (2333
2708 3731 2873 3792 13,st

349 3817 558 3887 integra
598 3823 742 3869 terra
774 3813 914 3868 vitiis
955 3814 1359 3884 sceleribusque
1398 3823 1516 3868 erat
1555 3815 1711 3884 plena
1749 3815 1876 3884 (4,1.
1922 3819 1992 3878 2).
2024 3817 2163 3869 Tam
2192 3815 2492 3869 inveterata
2520 3821 2710 3867 autem
2744 3813 2875 3867 hacc

348 3912 466 3957 crat
493 3917 712 3957 morum
739 3902 1085 3972 perversitaS‚
1115 3911 1174 3956 ut
1203 3902 1506 3956 minoribus
1539 3901 1963 3967 calamitatibus,
2002 3901 2199 3972 quibus
2238 3904 2389 3956 Deus
2426 3899 2695 3971 populum
2726 3899 2797 3956 ad
2822 3917 2876 3954 se

349 3990 608 4046 reducere
639 3989 960 4053 conabatur,
993 3987 1126 4043 nihil
1157 3988 1523 4044 efficientibus
1560 3987 1626 4042 ad
1656 3989 2033 4060 gravissimam
2068 3988 2242 4043 exsilii
2272 4003 2507 4060 poenam
2536 3997 2681 4042 esset
2710 3985 2872 4043 deve-

347 4075 626 4132 niendum.
669 4077 755 4132 Ad
779 4075 918 4131 illud
945 4077 1111 4146 igitur
1141 4078 1464 4132 necessitate
1502 4085 1561 4147 et
1587 4077 1787 4131 iustitia
1822 4091 2031 4148 poenae
2063 4075 2439 4131 demonstrata
2470 4076 2686 4130 animos
2716 4092 2871 4146 prae-

347 4179 538 4235 parare
571 4167 711 4220 Osee
740 4163 956 4229 debuit,
989 4165 1084 4219 sed
1124 4165 1288 4220 simul
1325 4163 1664 4219 contribules
1710 4180 1839 4226 suos
1882 4164 2109 4232 docere,
2138 4164 2509 4219 calamitatem
2532 4178 2651 4217 non
2680 4162 2795 4218 sore
2818 4163 2868 4216 in

347 4267 539 4306 eorum
570 4253 890 4319 perniciem,
914 4251 1086 4307 sedin
1110 4269 1302 4306 eorum
1331 4252 1595 4318 salutem,
1627 4251 1673 4306 si
1702 4252 2050 4322 resipuerint.

426 4404 482 4460 3.
507 4435 585 4444 ——
612 4404 1030 4476 Arqumen-tum
1065 4407 1128 4461 et
1161 4403 1542 4478 partitionem
1583 4401 1729 4460 libri
1759 4408 1903 4479 apte
1936 4401 2175 4461 indicat
2211 4403 2487 4478 Lyranus
2515 4423 2544 4454 «
2568 4403 2680 4462 Dei
2704 4403 2847 4462 iusti

345 4498 496 4556 tiam
523 4497 586 4555 in
616 4503 1012 4574 peccatorum
1043 4498 1368 4574 punitione
1405 4502 1467 4556 et
1500 4497 2001 4558 misericordiam
2034 4497 2100 4556 in
2122 4495 2587 4574 poenitentium
2620 4515 2861 4574 suseep-

344 4593 514 4652 tione
564 4593 922 4668 explicari»
965 4593 1201 4654 dicens,
1243 4595 1496 4653 Praeter
1548 4594 2081 4656 introductionem
2134 4593 2325 4672 igitur
2373 4592 2664 4674 (ist-335)
2713 4594 2868 4654 duae
