3050 5184
713 285 788 330 ns
827 286 1120 331 usnontm
1161 287 1664 335 rnorssriconnu
1705 289 2007 336 mci-tons.
2506 276 2618 336 371

113 421 264 489 10‚4),
299 417 368 475 de
395 417 646 475 nondum
683 418 839 476 saetis
871 427 1160 492 tamquam
1188 418 1258 476 de
1295 418 1454 476 factis
1489 421 1659 493 loqui.
1692 423 1832 492 Quia
1860 422 2009 478 enim
2034 423 2234 478 mentis
2262 422 2435 479 oculis
2470 421 2623 478 vide-

109 505 258 573 bant,
291 522 433 578 quae
459 515 583 578 post
607 508 816 564 multos
846 521 1023 562 annos
1049 516 1210 564 erant
1241 506 1451 578 futura,
1479 507 1687 566 idcirco
1716 509 1867 566 velut
1892 526 2041 566 nunc
2065 510 2135 566 ob
2164 511 2354 566 oculos
2376 510 2625 565 videntes

25 627 28 632 -
109 594 280 650 omnia
314 593 618 651 narrabant
657 616 684 646 n
703 637 717 664 ‚
743 611 874 650 nam
902 615 928 646 α
955 595 1261 652 secundum
1292 597 1581 654 scientiam
1613 595 2095 669 prophetantium,
2126 598 2302 669 inquit
2330 601 2389 654 S.
2420 602 2621 669 Anqu-

109 683 286 738 sunus
305 683 392 752 (In
409 684 501 738 Ps.
521 688 577 737 4.
606 699 666 738 n.
691 689 747 750 6)
769 683 882 738 iam
911 699 1012 755 pro
1041 683 1200 740 factis
1227 683 1346 756 [aut
1371 699 1470 756 pro
1494 685 1895 756 praesentibus]
1916 694 2077 742 erant
2096 683 2349 742 habenda
2376 705 2399 736 ι
2414 686 2457 740 ⁸.
2484 685 2623 741 Hinc

107 769 262 826 etiam
279 771 449 826 isaias
465 772 672 842 Cyrum
694 771 846 828 velut
871 781 1221 844 praesentem
1237 772 1553 844 alloquitur,
1582 781 1639 830 et
1660 774 1720 829 in
1746 773 1987 830 secunda
2010 773 2139 830 libri
2168 783 2322 844 parte
2345 773 2623 830 interdum

108 873 226 914 eum
262 857 540 914 exsulibus
577 859 734 930 quasi
770 859 952 916 vivere
989 858 1206 916 videtur
1235 875 1440 932 eosque
1475 868 1794 930 praesentes
1828 861 2039 918 habens
2074 861 2337 918 ulteriora
2372 868 2621 932 tempora

110 945 438 1004 liberationis
465 962 532 1002 ex
558 946 751 1003 exsilio
780 955 838 1002 et
865 945 1218 1004 messianicae
1246 947 1608 1005 redemtionis
1634 949 1934 1020 praevidet.

180 1094 259 1174 b.)
286 1097 504 1173 Neque
534 1097 746 1156 minus
775 1097 924 1158 inde
954 1097 1186 1172 elucet,
1212 1115 1326 1159 cur
1355 1098 1571 1158 omnia
1592 1099 1891 1160 vaticinia
1909 1099 2277 1178 fragmentis
2306 1098 2435 1158 sint
2455 1096 2623 1158 simi-

109 1192 208 1263 lia,
236 1210 396 1270 quae
422 1198 644 1253 cuncta
666 1198 815 1271 apto
835 1194 1054 1254 ordine
1075 1194 1326 1273 disponi
1350 1198 1541 1273 atque
1561 1196 1857 1274 componi
1876 1200 2164 1274 oporteat
2180 1241 2195 1266 ,
2218 1199 2289 1256 ut
2310 1193 2623 1272 completa

108 1291 190 1349 rei
213 1291 423 1368 imago
451 1291 789 1351 exoriatur.

169 1394 312 1450 Nam
340 1414 363 1444 α
397 1395 721 1465 prophetae,
749 1395 931 1465 inquit
965 1395 1023 1451 S.
1059 1395 1316 1452 Thomas
1343 1395 1593 1469 (Summa
1626 1397 1697 1452 [Ι.
1738 1401 1792 1452 2.
1822 1412 1919 1468 qu.
1956 1400 2078 1451 171.
2110 1410 2162 1450 a.
2194 1399 2267 1464 4),
2302 1411 2413 1450 non
2442 1394 2623 1449 omnia

110 1481 500 1552 prophetabilia
535 1490 901 1553 cognoscunt,
934 1481 1033 1538 sed
1071 1483 1301 1555 quilibet
1343 1499 1535 1540 eorum
1576 1485 1860 1557 cognoscit
1896 1499 1961 1540 ex
1998 1483 2077 1538 eis
2102 1483 2284 1554 aliqua
2322 1479 2625 1538 secundum

108 1570 394 1639 specialem
422 1570 817 1626 revelationem
845 1569 1010 1626 huius
1042 1572 1132 1627 vel
1157 1570 1308 1628 illius
1335 1571 1414 1628 rei
1445 1592 1505 1642 »ς
1538 1579 1704 1645 atque
1730 1575 1788 1630 S.
1822 1571 2267 1642 Chrysostomus
2300 1571 2373 1638 (in
2411 1571 2494 1625 Ps.
2531 1573 2620 1624 44.

107 1674 157 1712 n.
182 1663 234 1726 3)
267 1678 295 1710 ιι
323 1661 528 1714 omnia
551 1657 773 1729 quidem
800 1656 985 1714 dicere
1011 1660 1468 1731 evangelistarum
1496 1669 1607 1729 est,
1638 1659 1941 1732 prophetae
1968 1675 2099 1715 vero
2135 1673 2337 1714 munus
2364 1665 2448 1714 est
2473 1668 2623 1730 parc

108 1751 184 1800 tes
208 1745 452 1819 aliquas
474 1761 691 1802 sumere
719 1754 774 1803 et
807 1745 874 1802 de
901 1747 981 1802 eis
1005 1746 1274 1804 disserere
1304 1767 1354 1802 ο.
1383 1748 1530 1804 Hinc
1558 1745 1766 1804 sactum
1793 1756 1903 1817 est,
1940 1755 2003 1803 ut
2030 1763 2062 1802 a
2091 1745 2374 1818 prophetis
2399 1746 2625 1802 Messias

107 1833 380 1889 interdum
416 1833 742 1890 exhibeatur
775 1843 1076 1902 neonatus,
1115 1833 1396 1892 interdum
1434 1835 1568 1892 belli
1606 1835 1717 1892 dux
1761 1834 1947 1891 hostes
1993 1833 2277 1891 debellans
2291 1874 2304 1901 ,
2348 1831 2624 1888 interdum

110 1921 326 1977 humilis
343 1929 400 1977 et
424 1921 742 1993 despectuS,
767 1921 1164 1995 ignominiosae
1185 1922 1354 1978 morti
1383 1923 1621 1980 traditus
1639 1967 1653 1994 ,
1677 1924 1957 1980 interdum
1988 1923 2223 1995 gloriose
2248 1935 2504 1994 regnans,
2530 1929 2627 1975 aut

105 2009 378 2079 sacerdos,
411 2019 508 2065 aut
535 2009 728 2066 doctor
749 2019 886 2080 etc.;
918 2009 1196 2067 interdum
1222 2012 1420 2067 minuti
1445 2011 1588 2068 vitae
1616 2013 1737 2068 eius
1761 2020 1989 2068 eventus
2016 2009 2419 2074 describuntur,
2450 2009 2623 2064 inter-

103 2097 229 2153 dum
252 2098 328 2154 de
353 2098 472 2154 solo
501 2097 619 2154 eius
645 2113 816 2170 regno
841 2114 1022 2155 sermo
1049 2107 1162 2168 est,
1199 2113 1304 2156 nec
1337 2098 1644 2172 quidquam
1680 2098 1751 2156 de·
1790 2099 1909 2155 eius
1940 2113 2173 2170 persona
2202 2097 2442 2153 additur.
2470 2098 2623 2166 Quo-

107 2185 265 2242 modo
301 2185 442 2242 haec
467 2185 680 2256 omnia,
721 2203 864 2259 quae
891 2187 1092 2258 partim
1126 2188 1271 2243 inter
1297 2201 1356 2242 se
1385 2203 1633 2260 pugnare
1659 2186 2007 2254 videbantur,
2034 2194 2219 2242 essent
2246 2182 2623 2257 componenda

104 2283 155 2328 et
171 2273 538 2342 concilianda,
567 2274 730 2331 latuit
754 2273 989 2332 Iudaeos
1011 2290 1223 2347 nosque
1251 2275 1467 2343 lateret,
1493 2275 1596 2332 nisi
1622 2283 1821 2332 cuncta
1843 2275 1904 2330 in
1929 2275 2154 2330 Domini
2180 2274 2250 2332 N.
2286 2273 2396 2329 vita
2436 2280 2492 2328 et
2530 2287 2625 2327 re-

105 2377 206 2433 gno
235 2361 554 2418 videremus
572 2361 818 2434 impleta.

176 2511 256 2591 c.)
289 2513 450 2573 Hinc
478 2513 672 2572 etiam
718 2513 784 2572 in
829 2512 1195 2591 prophetica
1235 2515 1667 2592 praedictione
1696 2531 1822 2575 non
1870 2530 1976 2587 ea,
2010 2529 2167 2591 quae
2212 2514 2275 2572 in
2325 2510 2625 2572 historica

105 2609 486 2680 narratione,
521 2608 766 2670 claritas
793 2614 888 2670 est
918 2610 1298 2688 quaerenda,
1332 2616 1523 2688 atque
1550 2612 1825 2672 maxime
1862 2610 2210 2670 cavendum
2247 2613 2375 2682 est,
2402 2624 2482 2668 ne
2524 2624 2624 2667 ea-

105 2707 244 2767 dem
265 2709 556 2767 accurata
584 2709 943 2784 temporum
972 2707 1320 2782 distinctio,
1349 2725 1506 2786 quae
1537 2708 1615 2768 ab
1643 2706 1958 2767 historicis
1991 2707 2125 2766 iure
2154 2707 2567 2782 exspectatur,
2592 2720 2629 2762 a

105 2803 426 2883 prophetis
451 2803 822 2882 postuletur.

167 2909 243 2964 Ea
279 2908 432 2979 ipsa,
465 2923 607 2980 quae
631 2907 918 2980 prophetis
955 2907 1408 2978 ostendebantur,
1443 2923 1558 2964 non
1588 2925 1806 2980 semper
1837 2909 1991 2964 omni
2015 2923 2082 2963 ex
2108 2914 2267 2980 parte
2293 2912 2451 2962 erant
2480 2904 2627 2960 clara

105 3006 156 3052 et
175 2995 440 3065 definita,
467 2993 700 3068 ideoque
729 3012 794 3052 ea
821 2995 1149 3053 clarioribus
1179 2996 1357 3053 verbis
1380 2996 1615 3052 reddere
1643 3012 1754 3052 non
1782 3003 2099 3067 potuerunt.
2124 2997 2383 3050 Extrema
2410 3001 2625 3048 tantum

104 3085 180 3140 rei
206 3084 445 3140 alicuius
485 3083 822 3140 lineamenta
863 3082 1121 3140 videbant
1165 3100 1230 3142 ac
1273 3085 1434 3156 proin
1477 3083 1889 3154 describebant,
1934 3082 2032 3140 sed
2082 3101 2107 3135 ‹
2156 3077 2624 3154 quemadmodum

105 3172 266 3229 rudes
293 3171 428 3228 illae
455 3171 938 3244 adumbrationes,
970 3188 1107 3244 quas
1144 3173 1380 3245 pictores
1415 3173 1486 3228 de
1513 3171 1741 3230 obiectis
1768 3171 2056 3245 pingendis
2081 3169 2321 3228 carbone
2349 3168 2627 3225 delineare

105 3261 316 3328 solent,
341 3260 502 3331 plura
531 3258 800 3330 offerunt,
832 3276 898 3316 ex
937 3261 1134 3333 quibus
1167 3260 1451 3333 deincepS,
1488 3259 1730 3332 perlecta
1761 3261 1999 3333 imagine
2014 3300 2029 3330 ,
2064 3258 2223 3316 facile
2256 3256 2623 3330 cognoscitur,

105 3366 224 3407 eam
255 3349 360 3406 illa
397 3347 764 3404 delineatione
804 3346 968 3404 fuisse
1008 3347 1427 3416 adumbratam,
1456 3348 1536 3404 ita
1565 3347 1815 3405 vaticinia
1850 3362 2101 3420 quoque,
2130 3346 2233 3403 etsi
2271 3347 2451 3401 minus
2476 3344 2624 3400 clara

105 3439 240 3508 sint,
269 3435 535 3494 exhibent
562 3436 632 3493 de
661 3435 846 3493 futuro
875 3445 1076 3494 eventu
1097 3437 1232 3493 satis
1251 3438 1455 3506 multa,
1483 3453 1551 3492 ex
1574 3437 1775 3510 quibus
1804 3435 2063 3506 deinceps
2084 3432 2379 3491 accedente
2404 3432 2627 3490 historia

107 3533 494 3600 cognoscatur,
525 3524 664 3581 haec
690 3524 946 3582 vaticinio
975 3524 1139 3581 fuisse
1165 3524 1448 3596 praedicta
1473 3545 1500 3577 υ
1531 3524 1863 3596 (Acleerm.).

171 3614 359 3671 Maior
400 3611 698 3669 difficultas
741 3611 800 3668 in
849 3612 1117 3669 vaticiniis
1167 3612 1506 3684 explicandis
1556 3611 1800 3670 exoritur
1844 3628 1911 3669 ex
1962 3611 2182 3668 defectu
2232 3609 2630 3666 indicationum

110 3701 645 3774 cnronologicarum.
679 3701 805 3758 Non
833 3699 1032 3756 desunt
1059 3701 1282 3772 quidem
1311 3700 1595 3770 vaticinia,
1628 3700 1687 3757 in
1712 3700 1909 3773 quibus
1936 3700 2017 3756 rei
2046 3697 2261 3754 futurae
2293 3707 2510 3768 tempus
2536 3712 2630 3751 ac-

111 3800 300 3848 curate
324 3789 702 3857 deliniturus.
724 3794 844 3858 7,8;
872 3794 1058 3858 16,14;
1083 3794 1210 3856 203
1240 3798 1378 3858 etc.;
1410 3792 1605 3845 [erem.
1624 3793 1968 3859 25‚12·,2·1‚7
1994 3796 2131 3855 ete.;
2160 3785 2360 3842 Ezeck.
2388 3791 2509 3852 24‚1
2544 3797 2626 3856 sq.

113 3885 261 3949 etc.)‚
284 3879 344 3934 in
363 3879 531 3950 longe
549 3877 802 3948 pluribus
822 3892 948 3932 vero
967 3885 1064 3932 aut
1079 3892 1217 3950 vago
1237 3875 1484 3948 quodam
1509 3874 1679 3932 modo
1698 3885 1795 3932 aut
1810 3876 2037 3932 omnino
2057 3891 2171 3931 non
2190 3873 2482 3940 indicatur,
2504 3871 2631 3941 quia

113 3984 144 4023 a
176 3963 470 4038 prophetis
497 3965 627 4036 ipsis
662 3964 1020 4037 ignorabatur
1053 3963 1156 4032 (cl'r
1188 3972 1211 4020 1
1252 3969 1409 4020 Petr.
1441 3968 1602 4036 1,11).
1644 3963 1849 4020 Eadem
1882 3963 2089 4020 scilicet
2116 3961 2325 4018 visione
2351 3956 2633 4016 interdum

116 4055 416 4128 prophetae
453 4067 544 4108 res
581 4053 824 4121 futuras,
867 4068 1001 4130 quas
1037 4054 1203 4126 longo
1241 4061 1557 4125 temporum
1596 4052 1886 4109 intervallo
1936 4049 2235 4108 disiunctas
2279 4063 2397 4104 esse
2434 4053 2631 4102 eventu

117 4152 300 4216 postea
326 4149 414 4199 est
442 4141 902 4210 demonstratum,
928 4140 1182 4198 viderunt
1202 4140 1438 4212 ideoque
1462 4155 1556 4196 eas
1580 4139 1985 4212 descripserunt
2010 4153 2076 4195 ae
2099 4138 2146 4194 si
2166 4135 2365 4194 eodem
2382 4142 2637 4205 tempore

116 4239 296 4288 essent
324 4238 650 4300 eventurae,
683 4236 779 4285 aut
805 4237 1062 4288 eventum
1085 4245 1257 4284 unum
1272 4270 1288 4298 ,
1318 4227 1391 4285 ad
1415 4244 1581 4300 quem
1604 4225 1995 4300 complendum
2018 4225 2193 4282 multa
2216 4222 2431 4278 saecula
2452 4220 2637 4292 requi-

171 4381 240 4446 (5)
256 4377 522 4431 Interdum
548 4377 701 4429 iidem
727 4379 906 4428 Patres
929 4381 1085 4442 atque
1111 4377 1334 4428 iuniores
1360 4389 1567 4442 quoque
1593 4377 1891 4440 interpretes
1919 4375 2089 4425 minus
2116 4377 2251 4423 recte
2278 4371 2478 4431 docent,
2502 4371 2634 4420 tem-

115 4475 231 4522 pora
247 4459 524 4525 praeterita
540 4457 656 4510 ideo
675 4469 788 4508 esse
808 4456 1051 4516 adhibita,
1070 4475 1096 4500 α
1112 4455 1232 4522 quia
1251 4471 1332 4507 res
1354 4455 1558 4507 futurae
1578 4455 1839 4521 prophetis
1857 4455 1963 4505 tam
1981 4457 2150 4504 certae
2167 4451 2287 4512 slnt,
2308 4450 2453 4516 quasi
2472 4449 2635 4500 factae

113 4539 210 4590 sint
249 4559 277 4584 ι
315 4540 389 4604 (s.
429 4542 561 4601 Auo.
600 4540 660 4588 ln
696 4539 780 4587 Ps.
809 4541 886 4586 43.
909 4551 960 4588 n.
983 4537 1049 4600 5).
1076 4535 1158 4586 vel
1179 4555 1204 4581 ιι
1230 4541 1288 4586 ut
1319 4535 1468 4600 plane
1499 4533 1703 4586 futurae
1730 4535 1782 4584 et
1808 4533 1919 4584 sine
1937 4531 2337 4584 contradictione
2364 4533 2637 4582 eventurae

114 4619 528 4672 dernonstrentur
555 4637 580 4664 ιι
611 4617 682 4682 (S.
714 4615 908 4681 Chrys.
942 4617 996 4668 G.
1025 4619 1208 4667 Anom.
1239 4615 1355 4679 25).
1389 4615 1474 4668 Gir
1501 4621 1556 4668 S.
1586 4615 1737 4665 Hier.
1764 4615 1825 4666 ln
1853 4615 1919 4664 Is.
1948 4619 2062 4675 5,25
2082 4617 2178 4664 ete.
