3050 5184
455 294 571 353 436
600 308 675 351 DE
705 310 845 352 VET.
872 308 1126 353 TESTAM.
1152 307 1347 353 umus
1374 306 1792 353 PRoPnE'rlcls.
1818 323 1893 334 --
1913 307 2041 353 CAP.
2071 308 2159 351 vt.
2189 308 2264 353 DE
2288 308 2614 354 PROPHE'HS
2633 303 2917 353 uincamus·

454 454 633 511 genua
660 448 719 496 et
752 440 947 497 humili
972 439 1315 497 confessione
1348 447 1570 511 peccata
1605 454 1704 493 sua
1727 436 2140 509 manifestasse,
2168 441 2362 511 procul
2389 438 2560 495 dubio
2589 435 2922 494 faciliusintel·

452 525 664 599 ligitur,
691 543 859 599 quam
886 528 955 585 ab
986 530 1163 585 altero
1191 528 1457 598 scriptore
1494 526 1794 583 humanam
1824 526 1954 594 viri,
1987 526 2079 599 qui
2108 535 2394 599 tamquam
2424 528 2684 599 genuinus
2708 522 2922 595 propheta

454 612 524 668 ab
551 614 767 688 integro
796 617 1003 687 populo
1035 622 1186 671 recte
1214 614 1637 687 agnoscebatur,
1669 612 2052 671 infirmitatem
2084 623 2200 671 tam
2226 613 2376 670 nude
2403 630 2522 671 esse
2546 613 2812 685 depictam.

523 702 735 771 Quibus
763 702 1107 775 argumentis
1128 702 1429 761 adversarii
1453 700 1594 757 nihil
1619 710 1936 773 opponunt,
1962 700 2070 757 nisi
2098 702 2478 758 narrationem
2499 718 2618 758 esse
2643 699 2922 759 fabulosam.

454 789 697 861 linguam
726 790 897 847 libelli
926 790 1195 847 iuniorem
1224 798 1463 847 aetatem
1491 787 1728 861 prodere
1751 788 1983 853 (scilicet
2011 792 2176 845 lonas
2204 790 2378 847 utitur
2398 789 2674 846 nonnullis
2699 784 2926 843 vocabulis

453 884 509 932 ct
534 878 745 945 lormiS,
772 893 917 949 quae
938 894 969 933 a
995 877 1356 949 scriptoribus
1378 877 1535 948 regni
1557 875 1939 933 meridionalis
1965 876 2144 933 rarius
2171 881 2552 949 usurpantur),
2585 876 2805 933 Niniven
2825 882 2927 927 tem·

456 980 615 1035 pore,
644 982 755 1037 quo
783 967 1021 1037 scriptus
1048 974 1131 1021 est
1157 965 1319 1033 liber,
1352 980 1463 1021 non
1491 963 1727 1035 amplius
1755 964 2055 1033 exstitisse,
2085 963 2144 1021 id
2171 964 2322 1037 quod
2349 964 2586 1036 probant
2621 980 2687 1019 ex
2721 968 2800 1029 3,ss
2821 962 2926 1025 (!!!)=

452 1053 997 1109 universaliscicum
1025 1054 1267 1109 auctoris
1292 1052 1583 1109 consilium
1611 1067 1726 1108 non
1751 1053 2048 1109 convenire
2069 1053 2239 1109 aetati
2263 1054 2458 1120 lonae,
2483 1069 2548 1109 ac
2569 1053 2616 1107 si
2633 1049 2928 1107 eodemtem

454 1155 589 1209 pore
606 1141 781 1199 Oscae
798 1149 856 1199 et
870 1141 1006 1198 loeli
1026 1140 1130 1209 (cfr
1148 1144 1312 1197 Rom.
1329 1145 1451 1207 9,ss
1480 1156 1604 1212 sqq.
1623 1145 1692 1197 25
1707 1144 1814 1212 sq.)
1835 1148 2000 1213 atque
2019 1139 2116 1197 diu
2133 1149 2293 1197 antea
2313 1140 2515 1197 Davidi
2533 1143 2645 1207 (Ps.
2667 1144 2718 1194 2.
2738 1143 2817 1193 21.
2834 1136 2930 1201 etc.)

454 1228 703 1300 ignotum
732 1227 951 1299 fuisset,
982 1228 1217 1286 salutem
1245 1228 1577 1285 destinatam
1601 1244 1719 1285 csse
1747 1228 1963 1301 integro
1990 1229 2180 1301 generi
2207 1228 2474 1287 humano.

1108 1435 1143 1517 ξ
1171 1438 1281 1498 26.
1317 1470 1403 1480 —
1430 1434 1523 1497 De
1563 1431 1926 1520 Prophetia
1949 1432 2324 1499 Michaeae.

533 1645 589 1702 1.
622 1677 702 1687 -
738 1641 1040 1703 Michaeas
1075 1643 1477 1718 morasthites,
1509 1643 1703 1703 Isaiae
1735 1644 2014 1721 aequalis
2046 1649 2109 1705 et
2138 1644 2336 1705 Oscae
2363 1642 2702 1720 Amosique
2729 1654 2932 1717 suppar.

454 1738 518 1796 in
547 1755 739 1817 regno
771 1738 1170 1799 meridionali
1214 1739 1467 1817 regibus
1498 1738 1804 1811 loatham,
1837 1740 2034 1800 Achaz
2075 1744 2138 1801 et
2168 1739 2432 1800 Ezechia
2460 1757 2590 1799 non
2621 1739 2752 1799 sine
2776 1736 2934 1795 fructu

452 1851 713 1896 munere
743 1835 1110 1914 prophetico
1134 1840 1231 1896 est
1256 1836 1527 1896 functuS.

520 1947 799 2016 Propheta
827 1948 1167 2015 Michaeas¹‚
1198 1949 1353 2003 cuius
1380 1947 1598 2003 libellus
1625 1949 1683 2003 in
1709 1948 1988 2005 volumine
2021 1948 2315 2006 duodecim
2343 1950 2630 2005 Minorum
2657 1954 2844 2013 exstat,
2865 1958 2934 1997 co·

450 2035 801 2106 gnominatus
825 2044 907 2091 est
940 2035 1295 2092 Morasthites
1342 2056 1367 2085 α
1394 2033 1466 2091 de
1512 2036 1786 2092 Morasthi
1833 2036 2202 2104 (Moresclteth
2241 2036 2422 2093 Galli.
2459 2042 2584 2105 1,14
2634 2036 2832 2101 Ιιεὸη)1
2870 2032 2936 2103 qui

450 2136 623 2194 nsque
650 2122 817 2178 hodie
852 2124 1004 2178 iuxta
1030 2122 1501 2195 Eleutheropolim
1543 2124 1738 2179 urbem
1777 2124 2120 2181 Palaestinae
2159 2123 2308 2180 haud
2336 2123 2558 2196 grandis
2603 2133 2688 2181 est
2713 2121 2895 2178 viculus
2916 2138 2932 2165 ι
3011 2146 3013 2173 ι

452 2210 528 2276 (S.
558 2211 727 2265 Hier.
758 2214 824 2265 In
852 2210 1017 2266 Mich.
1050 2212 1243 2278 Prol.).
1274 2212 1358 2268 Ex,
1382 2212 1532 2268 tribu
1559 2212 1727 2284 igitur
1764 2212 1904 2269 Iuda
1935 2212 2039 2268 fuit
2071 2221 2237 2283 atque
2273 2212 2628 2284 ierosolymis
2665 2208 2938 2283 praesertim

450 2314 651 2353 munus
679 2298 1066 2369 propheticum
1094 2299 1366 2365 exercuit3
1396 2298 1457 2355 id
1496 2298 1647 2371 quod
1689 2299 1898 2355 diserte
1924 2315 2028 2356 nos
2054 2300 2218 2356 docet
2259 2302 2543 2357 Ieremias
2589 2304 2788 2367 (26,17)
2813 2294 2936 2353 simul

450 2384 689 2441 fructum
716 2385 987 2455 indicans,
1019 2402 1187 2458 quem
1214 2386 1505 2442 conciones
1540 2386 1658 2443 eius
1685 2387 1958 2445 Ezechiae
1994 2396 2243 2459 tempore
2279 2388 2547 2443 tulerunt.
2578 2386 2846 2444 Immerito
2863 2399 2939 2439 au·

446 2482 560 2529 tem
587 2472 842 2530 moderni
873 2474 1199 2545 interpretes
1230 2474 1477 2530 nonnulli
1512 2474 1895 2542 coniecerunt,
1928 2474 2238 2531 Michaeam
2275 2475 2548 2532 Ezechiae
2583 2474 2804 2547 quidem
2829 2481 2936 2527 tem·

450 2576 579 2633 pore
603 2561 701 2617 sed
736 2578 850 2619 non
882 2561 985 2618 sub
1016 2561 1271 2618 Ioatham
1296 2570 1353 2617 et
1382 2561 1566 2617 Achaz
1591 2563 1949 2619 vaticinatum
1977 2578 2114 2618 esse.
2148 2564 2292 2618 Nam
2329 2579 2428 2618 suo
2455 2572 2717 2635 tempore
2749 2558 2937 2618 idolola-

448 2648 611 2706 triam
634 2658 691 2705 et
707 2649 917 2705 cultum
946 2650 1077 2706 Baal
1106 2648 1324 2721 publice
1350 2649 1596 2706 exerceri
1619 2649 1802 2707 innuit
1825 2654 1962 2717 (5,11
1999 2666 2155 2723 sqq.;
2187 2655 2334 2717 6,16)
2351 2693 2365 2718 ,
2396 2643 2637 2723 id'quod
2659 2649 2818 2707 aea-uti
2833 2646 2942 2717 regis

444 2737 635 2793 Achaz
662 2736 767 2804 (cfr
784 2744 819 2793 2
848 2742 993 2793 Par.
1018 2742 1169 2806 283)
1198 2736 1295 2794 sed
1312 2754 1427 2794 non
1442 2736 1716 2795 Ezechiae
1739 2754 1912 2810 regno
1937 2739 2210 2810 congruit.
2227 2740 2402 2793 Porro
2433 2739 2641 2795 lsaiam
2669 2736 2940 2795 vaticinium

445 2826 515 2881 tle
554 2834 743 2881 monte
786 2826 1013 2882 Domini
1061 2826 1154 2893 (Is.
1192 2830 1363 2893 2,1-4)
1400 2841 1468 2881 ex
1504 2833 1698 2883 nostro
1730 2824 1920 2881 libello
1953 2826 2151 2891 (Micio.
2181 2826 2390 2895 Δια-5),
2419 2824 2476 2881 in
2519 2843 2636 2898 quo
2679 2824 2872 2898 plenius
2903 2828 2942 2875 et

444 2913 681 2969 arctiore
706 2913 763 2969 in
788 2930 931 2970 nexu
959 2912 1180 2986 legitur,
1212 2912 1572 2981 desumsisse,
1605 2928 1798 2970 omnes
1827 2913 1942 2969 sere
1967 2914 2297 2985 interpretes
2333 2915 2718 2981 consentiunt3
2749 2912 2836 2969 illa
2865 2924 2942 2965 au·

444 3009 559 3056 tem
585 3001 765 3057 Isaiae
790 3002 986 3057 concio
1018 3000 1090 3057 ad
1118 3008 1359 3057 aetatem
1392 3001 1648 3057 Ioatham
1685 3001 1950 3072 pertinet,
1983 3016 2117 3073 ergo
2143 3001 2312 3057 etiam
2349 3001 2630 3058 loathami
2659 3010 2829 3061 aetate
2859 2999 2942 3052 iam

445 3088 771 3144 vaticinatus
817 3097 901 3145 est
934 3088 1231 3145 Michaeas,
1280 3090 1488 3145 Versus
1521 3089 1670 3145 vitae
1715 3104 1846 3146 suae
1885 3088 2057 3145 linem
2098 3096 2282 3144 autem
2332 3104 2462 3161 rege
2499 3089 2742 3146 Ezechia
2779 3086 2942 3143 librum
3009 3086 3011 3117 ³

443 3192 603 3231 suum
631 3175 850 3232 videtur
877 3176 1265 3248 conscripsisse
1288 3176 1487 3233 eadem
1517 3177 1764 3245 ratione,
1798 3192 1907 3250 qua
1935 3178 2106 3245 Osce,
2137 3175 2290 3232 brevi
2327 3176 2655 3247 complexus
2687 3177 2800 3244 illa,
2835 3184 2944 3245 quae
3010 3182 3011 3233 ἐ

444 3280 541 3334 per
566 3265 772 3319 multos
794 3280 969 3319 annos
997 3265 1263 3335 populum
1293 3264 1578 3321 docuerat.

520 3418 578 3475 2.
610 3448 689 3458 —
718 3415 851 3475 Una
876 3431 1018 3475 cum
1048 3414 1203 3475 Isaia
1230 3432 1457 3476 munus
1486 3414 1927 3493 propheticum
1957 3416 2274 3475 sustinens
2299 3414 2522 3475 eadem
2553 3416 2817 3485 ratione,
2849 3426 2944 3487 qua

442 3510 547 3571 ille
565 3555 580 3583 ,
605 3511 671 3569 in
698 3514 1059 3587 magnatum
1080 3509 1899 3590 pseudoprophetarumque
1922 3511 2077 3572 vitia
2095 3511 2430 3583 invehitur,
2454 3512 2784 3590 utriusque
2799 3504 2942 3585 regni

442 3607 763 3667 interitum
804 3611 866 3667 et
904 3608 1227 3685 utriusque
1267 3607 1483 3685 populi
1519 3608 1812 3668 exsilium
1850 3606 2190 3685 praedicit,
2223 3607 2334 3667 sed
2373 3608 2568 3668 etiam
2597 3605 2942 3670 theocratiae

440 3704 953 3765 restaurationem
990 3705 1293 3781 regnique
1347 3705 1705 3764 messianici
1749 3704 2121 3765 felicitatem
2169 3706 2506 3783 promittit.
2543 3708 2939 3785 Argumentum

440 3802 632 3879 igitur
660 3800 858 3862 libelli
898 3804 994 3859 est
1032 3800 1586 3861 comminatorium
1619 3805 1683 3860 et
1712 3800 2236 3875 consolatorium,
2269 3800 2380 3861 sed
2411 3802 2762 3862 consolatio
2799 3812 2941 3877 prae·

438 3898 624 3958 valet.
658 3897 725 3957 In
758 3903 881 3957 tres
910 3900 1123 3973 partes
1149 3900 1293 3974 apte
1322 3896 1629 3957 dividitur
1657 3896 2013 3974 Prophetia.

507 4019 557 4069 1.
589 4011 865 4067 Divinum
904 4008 1204 4065 iudicium
1242 4010 1477 4083 uerique
1510 4024 1693 4081 reqno
1737 4010 2160 4079 annuntiatur,
2193 4010 2298 4066 sed
2336 4026 2468 4083 spes
2505 4008 2941 4069 restaurationis

678 4100 1037 4171 relinquitur
1064 4097 1379 4169 (1,2-2,13).
1403 4127 1473 4138 -
1498 4098 1788 4169 Descripto
1814 4098 2040 4153 Domini
2071 4098 2268 4153 iudicis
2305 4096 2550 4155 adventu
2589 4099 2609 4171 (
2619 4104 2790 4169 1,2-5)
2817 4094 2942 4168 prius

494 4288 560 4349 (¹)
596 4288 752 4364 ΠξἾζΞ
785 4298 815 4335 a
854 4286 905 4334 S.
951 4286 1105 4335 Hier.
1152 4282 1437 4347 explicatur
1479 4283 1766 4334 humilitas
1809 4284 1858 4347 (a
1893 4296 1938 4335 r.
1961 4284 2100 4363 qm,
2131 4282 2402 4348 amictum
2433 4282 2583 4345 esse),
2625 4282 2716 4335 sed
2753 4276 2940 4333 nominis

433 4402 590 4450 forma
617 4414 647 4451 a
674 4401 780 4450 lcr.
814 4402 956 4461 26,ίᾶ
994 4398 1221 4449 adhibita
1259 4398 1441 4477 ιᾛξῒᾩ
1478 4398 1592 4463 (pro
1627 4410 1730 4462 qua
1769 4396 1890 4447 alibi
1929 4394 2158 4475 ῆιᾝέἳῦὶ
2197 4397 2423 4449 ostendit
2463 4410 2648 4448 nomen
2684 4396 2848 4447 eadem
2872 4404 2936 4439 ra·

433 4515 571 4566 tione
592 4528 694 4580 qua
724 4513 959 4566 michael
988 4490 1221 4592 (St-23³2)
1246 4526 1356 4565 esse
1379 4511 1732 4577 explicandum
1767 4531 1778 4563 :
1808 4529 1833 4560 «ι
1861 4513 1990 4571 Quis
2009 4514 2148 4563 sicut
2172 4514 2434 4564 Dominus
2457 4534 2506 4565 ι.
2529 4512 2674 4565 Alter
2697 4510 2936 4564 Michaeas.

430 4622 569 4671 tilius
591 4620 764 4679 lenia,
794 4620 848 4669 in
882 4633 1039 4683 regno
1066 4618 1222 4671 lsrael
1251 4618 1346 4669 sub
1372 4618 1542 4669 Achab
1571 4618 1672 4669 fuit
1699 4618 1944 4684 propheta
1971 4620 2020 4684 (8
2057 4623 2171 4682 Req.
2203 4624 2315 4681 22,8
2333 4620 2490 4684 ειη).
