3050 5184
638 322 712 365 ns
756 322 912 367 unm
955 322 1133 367 iosus
1173 322 1573 378 Ascensum,
1620 320 1958 377 n1v1s10Nn,
2004 320 2162 363 rme.
2552 297 2663 355 221

173 448 286 507 Non
316 452 556 513 tantum
591 456 829 515 terram
868 456 1158 516 Chanaan
1201 459 1364 516 Deus
1411 454 1791 514 Patriarchis
1838 452 1961 513 iam
1992 451 2367 530 promiserat
2395 446 2665 525 promis-

170 542 508 626 sionemque
543 568 720 612 suam
759 552 1012 630 saepius
1049 552 1418 629 repetierat,
1453 550 1565 611 sed
1604 550 1800 610 etiam
1842 552 1987 628 post
2025 547 2251 625 Moysis
2289 548 2559 605 mortem
2598 558 2665 601 se

169 644 372 717 populo
400 663 511 705 suo
537 647 792 724 speciali
824 665 1075 726 semper
1099 647 1496 726 providentia
1514 646 1986 724 invigilaturum
2018 661 2153 705 esse
2185 640 2505 721 pollicitus
2536 642 2667 697 erat

167 732 346 811 (Num.
373 742 554 813 2212
584 740 775 822 sqq.).
809 744 1051 813 Quanta
1074 760 1217 804 cum
1246 743 1549 803 fidelitate
1579 742 1886 803 Dominus
1914 740 2025 801 has
2055 737 2509 819 promissiones
2544 734 2666 793 im-

166 832 422 907 pleverit,
449 838 634 898 Iosue
662 840 960 899 ostendit.

219 946 383 1015 Quam
415 949 488 1006 oh
521 938 746 1007 causam
773 968 840 1007 ex
867 961 984 1009 tota
1013 953 1473 1025 expuqnationis
1505 952 1735 1009 historia
1766 967 1969 1023 paucos
1996 950 2283 1007 dumtaxat
2310 947 2478 1019 elegit
2502 960 2669 1003 even-

165 1039 252 1101 tus,
274 1036 330 1091 in
357 1037 558 1109 quibus
582 1038 913 1095 miraculoso
935 1040 1143 1096 auxilio
1171 1044 1322 1096 Deus
1353 1039 1750 1111 providentiam
1778 1054 1935 1095 suam
1958 1039 2255 1111 specialem
2282 1034 2669 1091 manifestave-

163 1129 232 1174 rat
253 1125 560 1187 (transitum
587 1142 687 1198 per
719 1126 1046 1197 Iordanem,
1081 1128 1502 1199 occupationem
1530 1127 1742 1184 Iericho
1776 1135 1832 1183 et
1858 1127 1994 1196 Hai,
2021 1126 2307 1181 victoriam
2331 1122 2400 1179 de
2430 1122 2671 1192 quinque

161 1209 392 1280 regibus),
423 1213 768 1285 reliquorum
791 1222 978 1271 autem
1005 1232 1306 1287 regnorum
1335 1215 1829 1287 expugnationem,
1860 1230 2001 1286 quae
2026 1213 2214 1269 multis
2237 1208 2671 1283 expeditionibus

162 1294 280 1352 lacta
315 1300 530 1371 aliquos
567 1317 742 1357 annos
783 1302 1067 1372 absumsit,
1111 1303 1300 1375 paucis
1341 1303 1594 1359 absolvit.
1632 1302 2070 1359 Gabaonitarum
2106 1310 2292 1356 tamen
2333 1296 2669 1355 deditionem

161 1382 302 1440 etiam
321 1385 494 1443 fusius
522 1388 802 1459 describit,
830 1390 960 1461 quia
977 1390 1072 1446 illa
1095 1405 1316 1463 quoque
1337 1392 1520 1446 Deum
1546 1390 1751 1462 populo
1774 1405 1874 1445 suo
1897 1404 2011 1445 non
2035 1387 2271 1445 defuisse
2297 1384 2666 1446 demonstrat;

160 1486 238 1525 sua
275 1474 420 1531 enim
463 1476 710 1547 ipsorum
751 1478 914 1549 culpa
958 1476 1129 1533 duces
1163 1480 1510 1551 populusque
1557 1478 1887 1545 effecerant,
1926 1484 1989 1531 ut
2020 1477 2100 1531 illi
2137 1492 2168 1532 a
2205 1472 2486 1531 communi
2522 1480 2669 1527 sorte

160 1558 591 1618 Chananaeorum
613 1564 1000 1620 eximerentur.
1031 1568 1218 1637 Atque
1251 1565 1388 1621 haec
1413 1564 1637 1638 quidem
1663 1566 1723 1619 in
1756 1564 1937 1635 priore
1962 1573 2149 1635 parte3
2187 1563 2357 1617 altera
2384 1568 2571 1615 autem
2600 1558 2671 1613 de

160 1652 314 1703 terrae
336 1649 760 1706 distributione
783 1650 867 1707 his
892 1652 1071 1708 verbis
1099 1652 1429 1709 terminatur
1460 1673 1474 1709 z
1511 1673 1537 1703 α
1560 1653 1730 1709 Dedit
1755 1652 2025 1708 Dominus
2052 1653 2204 1706 Deus
2232 1650 2423 1705 Israeli
2448 1663 2671 1703 omnem

159 1740 366 1805 terram,
406 1754 578 1809 quam
616 1738 953 1795 traditurum
990 1754 1048 1795 se
1081 1740 1330 1811 patribus
1362 1756 1559 1797 eorum
1584 1740 1925 1795 iuraverat...
1960 1742 2045 1795 Ne
2070 1754 2249 1795 unum
2277 1736 2513 1810 quidem
2542 1752 2669 1791 ver-

161 1820 296 1887 bum,
325 1826 485 1897 quod
509 1826 632 1882 iltis
661 1844 719 1883 se
741 1828 1168 1900 praestiturum
1197 1844 1316 1885 esse
1331 1829 1737 1901 promiserat,
1768 1828 2020 1883 irritum
2055 1826 2203 1901 fuit,
2234 1826 2341 1883 sed
2366 1826 2538 1883 rebus
2566 1842 2668 1881 ex-

158 1908 296 1977 pecca
331 1918 471 1968 sunt
507 1915 718 1969 omnia
749 1935 775 1965 ι»
809 1919 1013 1984 (21,41.
1053 1918 1167 1983 43).
1202 1918 1454 1988 Utraque
1485 1917 1654 1989 igitur
1688 1930 1819 1988 pars
1852 1914 2072 1971 fidelem
2102 1917 2284 1971 Deum
2322 1930 2443 1971 esse
2468 1916 2524 1971 in
2558 1914 2671 1970 suis

161 1999 588 2062 promissionibus
623 2001 997 2071 demonstran
1039 2002 1337 2075 practicam
1374 2020 1504 2059 vero
1542 2020 1609 2059 ex
1640 2003 1746 2060 hac
1773 2001 2025 2059 doctriua
2052 2002 2465 2060 conclusionem
2492 2000 2665 2058 dedu-

159 2092 270 2139 eunt
295 2085 433 2143 duae
463 2088 668 2161 epilogi
692 2090 1008 2146 conciones.
1034 2092 1189 2161 Quae
1220 2107 1285 2146 eo
1310 2090 1575 2158 tendunt,
1604 2100 1667 2146 ut
1694 2091 2039 2163 magnis-Dei
2064 2090 2346 2147 beneficiis
2373 2091 2433 2145 in
2453 2105 2668 2145 memo-

159 2169 274 2227 riam
301 2175 566 2231 revocatis
593 2175 812 2233 divinae
839 2176 1092 2233 fidelitati
1119 2176 1446 2234 fidelitatem
1481 2180 1671 2251 populi
1696 2179 1755 2234 in
1782 2181 1932 2251 Lege
1964 2177 2305 2235 observanda
2336 2177 2669 2250 respondere

158 2257 332 2316 debere
358 2262 655 2319 ostendant
678 2306 692 2331 ,
723 2264 831 2319 nisi
865 2281 1070 2337 poenas
1109 2266 1463 2339 gravissimas
1495 2267 1552 2322 in
1576 2282 1635 2321 se
1672 2266 1953 2323 attrahere
1987 2267 2158 2323 velint
2184 2270 2317 2333 (Ios.
2348 2266 2515 2337 23,6).
2549 2268 2669 2321 Hac

159 2348 342 2403 ratione
379 2350 519 2407 liber
562 2353 753 2422 Iosue,
785 2352 938 2409 velut
973 2354 1338 2409 Pentateuchi
1381 2356 1851 2425 complementum
1868 2398 1881 2425 ,
1922 2355 2091 2411 etiam
2126 2362 2212 2411 est
2252 2374 2280 2407 α
2320 2354 2379 2410 in
2414 2356 2667 2410 testimo-

157 2433 288 2490 nium
315 2446 506 2495 contra
534 2439 704 2495 Israel
737 2460 786 2497 n.

822 2650 865 2740 ἓ
897 2657 1004 2719 10.
1038 2690 1126 2701 -
1152 2655 1248 2719 De
1277 2651 1439 2719 libra·
1459 2655 1651 2719 Iosue
1690 2655 1968 2721 unitate.

227 2859 274 2918 1.
301 2861 624 2921 -Eodem
644 2862 839 2922 modo
861 2862 1227 2940 similesque
1249 2864 1329 2923 ob
1349 2863 1648 2937 rationeS,
1669 2863 1833 2924 sicut
1852 2864 2281 2938 Pentateuchi,
2311 2866 2499 2925 etiam
2520 2866 2667 2927 libri

157 2952 315 3015 losue
335 2958 640 3017 unitatem
667 2980 696 3012 «
722 2958 920 3019 critici
946 2982 976 3013 »
994 2963 1227 3037 negant
1246 2960 1512 3037 eiusque
1533 2959 1847 3038 originem
1871 2960 2099 3021 iisdem
2122 2960 2663 3039 (fragmentorum,

157 3048 657 3115 documentorum
710 3052 857 3132 etc.)
901 3054 1357 3133 hypothesibus
1405 3055 1749 3133 explicant;
1788 3056 1943 3116 olim
1994 3057 2163 3117 enim
2204 3057 2441 3117 librum
2486 3058 2666 3120 Iosue

156 3160 282 3205 cum
316 3149 740 3211 Pentateucho
782 3168 976 3211 unum
1019 3169 1181 3229 opus
1226 3151 1744 3233 (Hexateuchum)
1794 3152 2194 3213 constituisse
2242 3158 2545 3214 asserunt.
2589 3156 2667 3215 At

155 3258 261 3302 non
287 3248 528 3307 tantum
557 3246 965 3307 fundamento
995 3246 1296 3308 historico
1331 3254 1500 3309 caret
1537 3248 1693 3309 haec
1723 3249 2061 3321 sententia,
2094 3249 2205 3309 sed
2248 3251 2385 3328 ipsa
2417 3268 2668 3329 quoque

155 3336 278 3399 libri
301 3341 512 3403 indole
538 3343 864 3404 refutatur.
901 3346 1085 3405 Arcto
1124 3343 1382 3422 quidem
1415 3362 1582 3406 nexu
1612 3345 1741 3406 duo
1778 3362 1971 3424 opera
2004 3347 2170 3406 inter
2200 3364 2268 3407 se
2298 3347 2663 3420 cohaerent,

156 3435 450 3513 siquidem
483 3440 646 3500 liber
675 3441 856 3500 Iosue
889 3441 1438 3518 pentateuchicam
1469 3442 1898 3503 narrationem
1919 3444 2249 3504 continuat
2270 3449 2333 3504 et
2358 3445 2665 3524 complet;

155 3532 250 3592 sed
273 3552 450 3597 suum
487 3536 818 3614 proprium
853 3537 1046 3599 hahet
1083 3542 1555 3617 argumentum,
1597 3557 1783 3601 suum
1822 3540 2129 3601 tractandi
2151 3540 2445 3613 modum,
2480 3560 2665 3603 suum

155 3628 352 3705 finem,
381 3634 468 3693 ita
497 3638 568 3693 ut
600 3651 637 3693 a
673 3634 1102 3697 Pentateucho
1130 3635 1314 3713 plane
1343 3636 1426 3697 sit
1453 3636 1857 3715 separandus,

211 3744 380 3813 Quam
413 3747 583 3819 longe
626 3746 817 3803 ludaei
855 3763 885 3803 a
921 3748 1300 3804 Pentateucho
1345 3756 1403 3804 et
1437 3748 1476 3803 l.
1529 3751 1690 3803 Iosue
1736 3747 2133 3820 coniungendis
2174 3748 2476 3819 abfuerint,
2518 3752 2667 3807 clare

155 3826 296 3886 docet
321 3834 504 3902 locuS,
534 3850 704 3905 quem
731 3835 885 3907 operi
908 3844 1098 3891 nostro
1127 3836 1184 3891 in
1212 3850 1422 3891 canone
1447 3835 1560 3891 iam
1585 3835 1719 3889 olim
1748 3836 2097 3907 assignarunt
2123 3854 2139 3891 ε
2169 3837 2319 3891 solus
2351 3838 2500 3891 enim
2521 3840 2665 3893 Pen-

155 3919 440 3993 tateuchus,
468 3922 622 3979 velut
642 3923 814 3979 totius
833 3922 1033 3978 veteris
1057 3923 1413 3979 oeconomiae
1433 3921 1876 3991 fundamentum,
1910 3923 2086 3994 prima
2106 3924 2331 3978 canonis
2355 3932 2508 3994 parte
2532 3940 2666 3980 con-

155 4004 364 4076 tinetur3
388 4009 424 4066 l.
456 4011 622 4065 Iosue
645 4018 832 4065 autem
853 4010 999 4065 inter
1029 4031 1056 4061 α
1081 4010 1380 4083 prophetas
1403 4011 1617 4082 priores
1646 4032 1671 4061 ι»
1696 4011 1753 4066 in
1775 4011 2015 4067 secunda
2043 4018 2197 4082 parte
2222 4010 2461 4082 primum
2483 4016 2667 4067 locum

157 4091 388 4152 obtinuit.
410 4101 485 4153 At
504 4099 624 4153 eius
645 4096 963 4154 narratione
982 4097 1280 4154 adversarii
1303 4114 1424 4155 rem
1442 4114 1601 4154 suam
1625 4099 1876 4153 evincere
1896 4106 2185 4154 conantur.
2207 4098 2663 4165 Pentateuchum‚

155 4192 399 4250 quatenus
426 4184 604 4241 codex
633 4185 819 4257 legum
847 4186 946 4255 sit,
978 4187 1348 4242 mosaicarum
1385 4186 1717 4259 legislatoris
1750 4194 1931 4241 morte
1966 4193 2093 4257 apte
2130 4184 2355 4256 quidem
2380 4185 2667 4242 terminari

155 4266 348 4341 dieunt,
379 4282 654 4346 quatenus
691 4281 880 4330 autem
916 4274 986 4329 sit
1017 4290 1156 4345 opus
1193 4274 1545 4343 historicum,
1588 4289 1717 4329 eum
1754 4273 2063 4329 continuari
2095 4271 2348 4329 debuisse
2385 4286 2561 4343 usque
2598 4275 2666 4330 ad

155 4352 469 4420 Palaestinae
484 4362 946 4436 expugnationem
964 4370 1020 4417 et
1032 4361 1476 4419 distributionem
1491 4386 1504 4431 ;
1521 4362 1945 4431 descriptionem
1960 4359 2169 4416 scilicet
2188 4358 2669 4432 praeparationum

156 4444 216 4499 ad
239 4454 438 4507 terram
471 4449 903 4524 expugnandam
943 4451 1106 4523 plane
1143 4466 1260 4507 esse
1288 4450 1657 4523 superfluam,
1688 4450 1793 4506 nisi
1821 4448 2182 4518 expeditionis
2214 4448 2386 4520 ipsius
2421 4451 2669 4505 narratio

155 4536 322 4592 statim
353 4548 642 4611 sequatur-3
683 4554 864 4611 neque
901 4539 1018 4594 ullo
1053 4537 1222 4593 modo
1260 4537 1477 4594 admitti
1511 4554 1703 4610 posse,
1742 4535 2105 4594 Pentateuchi
2142 4545 2423 4593 auctorem
2440 4580 2454 4606 ,
2496 4553 2668 4609 quum

157 4621 342 4681 Esdrae
368 4634 546 4684 aetate
569 4642 710 4699 opus
736 4642 900 4684 suum
925 4628 1275 4697 terminaret,
1305 4625 1485 4683 media
1508 4626 1569 4683 in
1590 4625 1905 4683 narratione
1935 4638 2173 4682 cessasse
2202 4640 2435 4697 eamque
2459 4625 2665 4698 imper-
