3050 5184
478 312 791 357 necas-ruit
832 308 1248 355 ‘ruinam-rinna
1290 308 1365 353 nn
1408 308 1722 355 vunan-An
1763 312 2213 357 Aue-romum.
2499 297 2616 356 113

126 450 290 499 2l’ar.
314 450 465 511 2233
492 452 523 499 4
562 448 696 517 Req.
730 448 859 512 24,ss
882 450 941 498 et
966 448 1001 497 2
1028 444 1169 497 Par.
1214 445 1355 509 26,9
1390 448 1495 496 etc.
1537 450 1642 498 etc.
1687 472 1760 483 --
1799 446 2030 499 Monent
2071 454 2259 500 autem
2287 442 2614 507 adversarii,

126 530 377 585 secundtun
400 530 605 586 decreti
634 531 799 587 verba
827 529 1124 601 vulgatam
1147 527 1313 583 nullo
1338 534 1664 599 praetextu
1692 530 1842 585 reiici
1862 546 2042 602 posse,
2075 547 2206 604 ergo
2225 545 2296 586 ne
2323 532 2378 585 iu
2404 529 2616 585 leviori-

128 618 201 673 bus
224 618 431 689 quidem
456 633 579 674 eam
602 618 673 675 ab
702 616 955 691 originali
982 617 1199 671 sincero
1224 614 1473 682 deviat-03
1494 626 1729 672 monent
1755 630 1995 689 quoque,
2030 634 2096 675 ex
2123 617 2486 689 praecedente
2514 616 2616 673 de-

125 714 241 759 creto
264 705 329 760 de
354 722 563 761 canone
602 706 921 777 scripturae
954 723 981 755 α
1011 703 1185 759 libros
1214 704 1461 775 integros
1496 720 1633 759 cum
1667 704 1942 761 omnibus
1973 710 2095 761 suls
2117 706 2420 778 partibus,
2453 714 2617 775 prout

124 794 163 845 in
182 793 397 849 Ecclesia
420 792 691 849 oetholiea
718 794 829 864 legi
848 798 1257 847 consueverunt
1280 800 1335 845 et
1357 792 1425 845 in
1452 793 1638 847 veteri
1669 792 1936 865 Vulyata
1964 792 2281 861 habentur,
2313 808 2414 863 pro
2447 793 2617 847 sacris

124 888 163 933 et
180 880 427 935 canonicis
454 900 481 931 n
512 895 631 935 esse
656 878 1055 944 admittendosz,
1088 894 1251 933 voces
1287 886 1476 933 autem
1504 894 1882 952 quascumque
1913 880 2025 936 iam
2062 896 2181 936 esse
2209 880 2614 951 scripturarum

124 974 289 1035 partem
318 966 375 1023 id
400 966 555 1039 quod
581 967 915 1023 confirmant
940 966 1309 1022 declaratione
1330 964 1590 1036 quadam,
1615 982 1728 1038 qua
1749 968 1806 1023 S.
1837 968 2202 1040 congregatio
2221 969 2387 1023 Cone.
2412 968 2500 1023 die
2525 972 2610 1023 12.

124 1054 317 1110 Ianuarii
348 1061 503 1111 1576.
541 1054 781 1111 edixisse
820 1053 1013 1122 fertur,
1066 1072 1091 1103 α
1136 1052 1277 1108 nihil
1308 1066 1467 1123 posse
1494 1055 1818 1123 asseverari,
1851 1053 2002 1127 quod
2041 1062 2315 1127 repugnet
2347 1056 2616 1126 vulgatae

124 1138 318 1211 editioni,
348 1143 565 1199 etiamsi
600 1150 746 1198 esset
770 1142 889 1197 sola
930 1140 1223 1214 periodus,
1254 1140 1371 1195 sola
1400 1139 1646 1196 clausula
1687 1143 1773 1198 vel
1809 1142 2146 1209 membrum,
2179 1158 2280 1197 vox
2309 1143 2424 1198 sive
2451 1140 2616 1197 dictio

124 1228 233 1293 sola,
256 1229 333 1285 vel
370 1230 581 1301 syllaba
610 1228 793 1285 iotave
820 1245 991 1284 unum
1020 1248 1071 1283 n.
1103 1230 1182 1285 At
1208 1227 1346 1283 haec
1375 1227 1674 1285 declaratio
1701 1242 1817 1284 non
1845 1238 1928 1285 est
1951 1230 2294 1297 authentica,
2327 1229 2425 1287 sed
2453 1239 2518 1284 ut
2542 1230 2617 1284 vi-

122 1316 243 1371 detur
265 1316 329 1373 ab
356 1316 647 1373 haereticis
670 1316 905 1373 conficta
926 1316 1031 1383 (cfr
1054 1316 1277 1371 Ser-rar.
1308 1315 1527 1388 Proleg.
1557 1321 1644 1385 19,
1669 1322 1784 1383 11);
1813 1332 1996 1389 neque
2015 1318 2166 1373 enirn
2185 1334 2450 1389 umquam
2471 1319 2616 1373 Con-

124 1404 370 1473 mgationi
397 1405 569 1461 Conc.
594 1403 947 1475 competebat
989 1403 1291 1459 auctoritas
1320 1403 1638 1459 authentice
1673 1402 1994 1460 declarandi
2025 1404 2340 1471 dogmatica
2372 1405 2613 1460 decreta.

125 1490 328 1546 Ceterum
354 1492 399 1547 si
428 1492 555 1564 quis
582 1490 909 1547 adversariis
954 1490 1301 1547 authentiam
1342 1489 1734 1547 declarationis
1756 1507 1872 1547 non
1899 1490 2201 1547 concedere
2245 1492 2486 1564 quidem,
2520 1491 2617 1547 sed

125 1574 218 1633 dare
238 1578 373 1648 velit,
406 1580 526 1635 iure
553 1576 929 1649 respondebit,
960 1578 1112 1633 illam
1152 1574 1210 1633 id
1248 1594 1423 1634 unum
1450 1573 1775 1649 prohibere,
1811 1596 1882 1634 ne
1911 1578 2047 1651 quid
2083 1579 2149 1634 in
2175 1580 2349 1635 rebus
2390 1577 2534 1649 fidei
2562 1585 2616 1634 el

128 1680 286 1719 norun
310 1675 501 1722 contra
538 1666 836 1737 vulgatam
869 1673 1177 1733 asseratur3
1210 1665 1287 1721 ita
1326 1666 1473 1720 enim
1511 1680 1666 1734 eam,
1698 1666 1744 1721 si
1772 1664 2088 1722 authentica
2117 1664 2280 1733 soret,
2307 1682 2427 1722 esse
2452 1666 2615 1738 expli-

41 1780 43 1815 ;
126 1750 307 1807 eandam
334 1752 635 1809 declaravit
661 1754 818 1809 vivae
839 1753 990 1809 vocis
1016 1753 1243 1808 oraculo
1262 1752 1393 1807 Pius
1417 1749 1518 1808 IX.
1557 1752 1662 1808 hac
1692 1751 1762 1809 de
1789 1768 1850 1808 re
1873 1751 1962 1809 die
1989 1762 2042 1811 1.
2071 1751 2304 1827 Augusti
2335 1759 2492 1809 1859.
2527 1754 2616 1807 in-

41 1856 43 1893 ÷
127 1846 379 1912 tel-rogatus
398 1840 740 1913 (Frauzeliu
767 1839 837 1896 de
862 1839 1030 1896 Trad.
1075 1848 1129 1895 et
1158 1840 1360 1911 Script.
1396 1856 1449 1911 p.
1482 1840 1632 1911 569).
1663 1840 1788 1908 Quo
1815 1840 1896 1895 Pii
1923 1843 2024 1897 IX.
2053 1857 2317 1911 responso
2347 1842 2617 1897 indicatur

41 1912 43 1967 ἶ
126 1922 373 1990 distinctio,
400 1944 513 2001 qua
542 1928 787 2000 primum
820 1926 1267 1983 adversariorum
1302 1935 1697 1998 argumentum
1735 1927 2050 1983 infirmatur
2077 1946 2094 1985 t
2129 1929 2184 1983 in
2213 1928 2380 1984 rebus
2407 1929 2538 1984 iidei
2562 1938 2618 1985 et

41 2012 43 2019 '
128 2026 295 2070 snorum
322 2017 617 2089 vulgatam
644 2016 871 2072 reiicere
892 2032 1007 2071 non
1032 2015 1180 2083 licet,
1206 2016 1301 2069 Tr.
1326 2013 1411 2069 vel
1434 2016 1521 2083 C.,
1551 2016 1608 2069 in
1635 2015 1754 2070 aliis
1780 2016 2193 2086 quaestionibus
2220 2015 2290 2073 ab
2311 2032 2378 2071 ea
2405 2034 2518 2072 non
2547 2017 2616 2072 li-

41 2134 43 2169 ÷
126 2108 187 2153 oet
206 2102 473 2172 recedere,
497 2105 603 2173 N.;
634 2118 827 2159 revera
846 2102 1089 2159 Ecclesia
1106 2116 1336 2157 romana
1356 2102 1471 2172 ipsa
1502 2103 1560 2157 in
1579 2102 1938 2175 chronologia
1965 2103 2034 2159 ab
2055 2120 2119 2160 ea
2145 2102 2356 2159 recedit
2383 2120 2618 2175 sequeus

126 2188 481 2246 alexandrinam
510 2190 822 2245 versionem
850 2192 1122 2259 (Martyr.
1154 2194 1317 2244 Rom.
1352 2194 1440 2244 25.
1472 2191 1631 2256 Dec).
1664 2190 1752 2246 Ad
1775 2189 2076 2246 secundam
2101 2190 2330 2248 demum
2353 2191 2616 2248 obiectio-

41 2270 43 2273 ’
128 2288 217 2329 nem
236 2276 515 2333 adnotasse
556 2278 817 2333 hocloco
853 2276 1085 2345 sufficit,
1116 2278 1395 2350 partium
1432 2278 1660 2333 nomine
1699 2294 1814 2333 non
1852 2278 2150 2348 particulas
2188 2280 2617 2350 qualescumque

128 2360 333 2436 intelligi;
359 2382 423 2421 ex
443 2364 679 2422 Concilii
696 2365 848 2420 enim
872 2362 1025 2420 Actis
1052 2372 1290 2431 constat,
1308 2366 1503 2421 Patres
1522 2365 1616 2420 illa
1644 2366 1995 2436 expressione
2010 2367 2296 2437 pericopas
2322 2367 2618 2423 nonnullas

128 2446 497 2523 Evangeliorum
514 2468 585 2509 eo
602 2461 855 2523 tempore
873 2452 932 2506 in
951 2450 1185 2508 dubium
1212 2460 1437 2508 vocatas
1459 2452 1606 2508 tueri
1634 2454 1881 2524 proxime
1906 2453 2166 2521 voluisse,
2187 2453 2284 2509 sed
2314 2470 2427 2509 non
2453 2469 2617 2521 nega·

126 2548 214 2591 mus
242 2539 382 2595 illam
420 2540 589 2595 simul
620 2554 813 2595 omnes
849 2536 986 2594 alias
1024 2548 1207 2610 partes
1240 2540 1415 2605 tueri,
1449 2555 1594 2611 quae
1625 2539 1699 2596 ad
1725 2538 2193 2597 substantialem
2222 2540 2493 2597 librorum
2528 2557 2615 2597 sa·

39 2624 41 2657 ῑ
127 2636 300 2682 erorum
321 2628 699 2701 integritatem
726 2626 1016 2697 pertinent.

182 2794 229 2852 4.
254 2828 325 2838 -
348 2796 438 2856 Eo
478 2796 679 2874 igitur
702 2812 890 2856 sensu
917 2795 1183 2873 Vulgata
1214 2800 1309 2856 est
1349 2796 1660 2856 declarata
1686 2795 2073 2868 authentica,
2103 2801 2176 2856 ut
2201 2812 2388 2855 verus
2421 2799 2482 2856 et
2509 2814 2618 2873 ge-

39 2944 41 2969 ÷
128 2888 307 2950 nuinus
327 2892 731 2953 revelationis
761 2892 901 2953 fons
931 2890 1057 2952 dici
1086 2892 1290 2971 possit
1317 2909 1389 2952 ac
1423 2892 1686 2961 debeat,
1721 2892 1810 2951 ita
1834 2892 2090 2968 quidem
2123 2896 2192 2953 ut
2223 2909 2349 2951 non
2376 2896 2622 2952 tantum

39 3012 41 3015 >
128 2983 259 3044 nulla
279 2988 426 3047 falsa
453 2988 747 3049 doctrina
770 2988 918 3049 fidei
941 2987 1039 3049 vel
1070 3005 1331 3049 erronea
1362 3005 1614 3049 morum
1644 2988 1858 3067 regula
1882 3005 1958 3048 ex
1987 2988 2094 3048 illa
2126 2988 2390 3067 leqicime
2422 2988 2620 3049 dedu-

130 3084 283 3153 catur,
302 3084 407 3144 sed
436 3086 633 3145 etiam
661 3085 875 3145 omnia
902 3084 1041 3157 illa,
1075 3101 1235 3163 quae
1264 3084 1347 3145 ad
1375 3084 1553 3145 verbi
1579 3084 1774 3145 divini
1801 3085 2015 3163 scripti
2042 3085 2455 3147 substantiam
2485 3104 2622 3163 per-

129 3172 312 3249 tinent,
336 3179 611 3257 fideliter
638 3182 975 3259 exprimat.

176 3304 277 3361 Hoc
302 3311 439 3367 enim
470 3310 703 3367 omnino
730 3309 1033 3366 tenendum
1062 3326 1182 3367 esse
1204 3316 1291 3377 a.)
1313 3312 1455 3383 ipsa
1478 3312 1806 3367 authentici
1833 3311 2172 3367 documenti
2197 3314 2360 3369 ratio
2388 3330 2490 3369 nos
2519 3313 2621 3368 do-

132 3399 211 3445 cet.
231 3395 489 3463 Quidnam
517 3398 825 3455 authentici
844 3396 1165 3455 documenti
1184 3399 1411 3453 nomine
1429 3398 1790 3471 intelligatur,
1821 3412 1988 3470 supra
2016 3398 2065 3473 (ἓ
2096 3406 2128 3455 3
2158 3415 2212 3470 p.
2235 3401 2322 3471 66)
2355 3399 2618 3467 diximus;

132 3473 199 3531 Illa
221 3480 371 3553 igitur
396 3486 515 3541 sola
538 3486 948 3556 scripturarum
969 3485 1141 3541 editio
1162 3486 1346 3541 vocari
1371 3494 1553 3556 potest
1570 3484 1882 3542 authentica
1898 3526 1914 3549 ,
1948 3502 2089 3558 quae
2105 3488 2176 3543 ab
2196 3488 2450 3543 omnibus
2475 3504 2622 3544 erro·

134 3562 251 3621 ribus
270 3568 321 3625 in
340 3587 399 3627 re
426 3571 561 3629 fidei
594 3581 651 3627 et
676 3586 895 3628 morum
925 3572 1097 3628 libera
1128 3572 1408 3628 doctrinas
1434 3572 1565 3628 fidei
1584 3581 1639 3627 et
1664 3588 1885 3629 morum
1913 3573 1970 3629 in
1999 3574 2357 3647 autographis
2395 3584 2620 3631 conten-

134 3652 424 3715 tasiideliter
444 3658 697 3727 exhibet,
727 3659 833 3715 hae
859 3660 1006 3715 enim
1032 3660 1377 3731 potissimum
1406 3660 1478 3715 ad
1505 3659 1868 3716 substantiam
1891 3661 2300 3733 scripturarum
2331 3663 2619 3733 pertinent,

135 3738 291 3811 quippe
317 3760 471 3817 quae,
516 3754 583 3803 ut
608 3746 776 3803 tidem
804 3746 1041 3803 doceant
1076 3762 1371 3819 moresque
1395 3748 1690 3815 instruant,
1722 3748 1883 3805 nobis
1919 3748 2027 3804 sint
2060 3747 2242 3806 datae.
2273 3751 2427 3806 Idem
2456 3752 2531 3817 b.)
2557 3768 2620 3806 ex

140 3830 309 3885 motivo
331 3835 559 3900 eruitur,
592 3836 679 3890 cui
709 3833 995 3891 decretum
1032 3834 1301 3891 innititur.
1336 3837 1479 3891 Nam
1515 3834 1642 3890 ideo
1679 3836 1916 3908 vulgata
1945 3835 2224 3893 declarata
2265 3847 2348 3893 est
2384 3838 2621 3893 authen-

138 3908 239 3981 fiffl,
264 3920 379 3989 quia
418 3940 443 3972 ι
469 3922 643 3995 lonyo
686 3926 774 3979 tot
808 3923 1177 3979 saeculorum
1204 3938 1321 3978 usu
1354 3928 1416 3978 in
1454 3922 1720 3979 Ecclesia
1757 3924 2015 3996 probata
2051 3930 2138 3981 esc
2162 3945 2224 3993 »ς
2256 3926 2411 3997 atqui
2440 3925 2620 3980 divina

138 4002 419 4063 Providentia
450 4008 770 4079 permittere
796 4025 911 4066 non
935 4011 1131 4081 potuit,
1162 4018 1226 4065 ut
1253 4010 1499 4065 Ecclesia
1530 4026 1628 4082 per
1654 4020 1738 4066 tot
1773 4012 1992 4067 saecula
2021 4028 2123 4067 usu
2157 4027 2257 4067 suo
2285 4012 2538 4083 liturgico
2568 4023 2623 4068 et

140 4081 397 4157 dogmatico
438 4096 737 4152 editionem
778 4106 875 4153 aut
915 4098 1233 4167 perniciosis
1271 4098 1554 4153 erroribus
1593 4098 1938 4170 inquinatam
1973 4106 2071 4154 aut
2115 4099 2186 4155 ab
2231 4099 2619 4171 autographiS,

142 4172 255 4235 quod
278 4178 339 4234 ad
360 4197 547 4240 eorum
578 4184 942 4241 substantiam
970 4186 1193 4250 attinet,
1221 4184 1581 4241 dissidentem
1610 4185 1886 4256 probaret.
1919 4188 2114 4258 Neque
2141 4188 2324 4241 minus
2352 4186 2424 4257 c.)
2451 4186 2618 4257 finis,

141 4272 269 4323 ‘luem
300 4265 354 4322 in
374 4284 472 4325 suo
512 4271 737 4328 decreto
780 4274 1055 4343 prosecuti
1094 4281 1225 4327 sunt
1266 4274 1477 4339 PatreS,
1526 4272 1678 4329 idem
1719 4272 1978 4329 ostendit.
2022 4294 2047 4325 α
2079 4276 2206 4330 Non
2226 4290 2446 4346 parum
2475 4274 2620 4330 enim

144 4346 371 4410 utilitatis
394 4362 665 4417 accedere
678 4376 847 4433 posse
866 4360 1163 4417 Ecclesiae
1189 4382 1215 4412 »
1246 4368 1600 4428 censuerunt,
1630 4361 1674 4416 si
1697 4378 1768 4417 ex
1799 4361 2054 4418 omnibus
2079 4362 2263 4417 latinis
2291 4360 2622 4417 editionibus

143 4442 191 4481 ‘⁰
208 4442 423 4510 t*tmpore
446 4449 760 4521 propagatis
780 4464 889 4503 una
916 4464 1017 4519 pro
1038 4446 1353 4505 authentica
1382 4446 1785 4519 declararetur,
1817 4448 1968 4521 atqui
1992 4449 2039 4503 si
2069 4448 2268 4503 salsum
2294 4447 2496 4521 dogma
2525 4460 2622 4507 aut

142 4530 327 4581 erronea
349 4544 562 4590 morum
600 4536 793 4608 regula
822 4535 1064 4608 legitime
1100 4550 1167 4592 ex
1209 4534 1447 4608 vulgata
1487 4533 1690 4592 deduci
1731 4544 1916 4607 posset
1947 4544 2042 4591 aut
2071 4536 2118 4591 si
2147 4536 2618 4608 autographorum

142 4598 369 4673 doctrinas
392 4618 515 4678 fidei
542 4632 597 4681 et
634 4638 857 4681 morum
884 4638 999 4679 non
1037 4622 1279 4680 fideliter
1316 4622 1622 4692 exhiberet,
1663 4622 1887 4679 decreto
1915 4638 2017 4679 suo
2064 4626 2254 4680 Patres
2276 4641 2390 4681 non
2423 4624 2620 4697 parum

845 4720 1103 4770 Gonnum
1132 4720 1409 4770 courum.
1446 4720 1673 4769 Isi-non.
1709 4748 1767 4760 -
1799 4724 1843 4769 8.
