3050 5184
1130 314 1205 357 ns
1246 312 1594 359 rnorem-ta
1635 313 1791 359 10111..
2615 299 2732 359 429

445 442 704 513 Sequitur
731 443 931 499 deinde
961 442 1273 501 exhortatio
1298 446 1417 515 ipsa
1440 442 1510 499 ad
1537 445 1952 515 poenitentiam,
1987 460 2128 516 quae
2150 446 2366 500 interna
2395 444 2464 500 sit
2492 453 2726 516 oportet,

446 530 541 585 sed
569 530 828 602 operibus
856 531 1095 587 externis
1118 531 1499 588 manifestetur
1524 537 1808 600 (zm-18).

261 624 316 673 2.
350 617 583 688 Populo,
616 618 709 689 qui
738 618 1113 673 exhortationi
1130 617 1425 675 obsecutus
1442 619 1843 689 poenitentiam
1864 619 2074 691 peregit
2101 624 2267 687 (2‚18.
2296 620 2378 688 19)
2401 622 2551 673 Deus
2575 618 2730 673 bona

442 705 741 777 promittit
772 706 1110 777 (2,20·3,21).
1140 737 1212 746 -—
1247 708 1353 761 Pro
1396 714 1648 778 tempore
1684 708 1831 761 enim
1863 714 2152 778 praesente
2193 706 2504 777 pollicetur,
2545 720 2604 761 se
2641 705 2730 761 de-

448 800 661 847 structo
686 792 845 848 hoste
874 794 1057 849 omnia
1086 808 1203 849 esse
1228 793 1616 849 restituturum
1648 794 1936 863 (2,2o-27)2
1971 809 2070 865 pro
2097 801 2348 863 tempore
2375 802 2560 848 autem
2583 808 2731 847 mes-

445 879 649 935 sianico
688 880 989 950 spiritualia
1026 880 1171 937 dona
1220 881 1442 952 copiosa
1484 881 1755 951 promittit
1791 880 2236 953 singularemque
2276 882 2332 935 in
2373 880 2461 935 die
2507 879 2730 935 Domini

447 968 844 1039 protectionem
876 968 965 1037 iis,
998 968 1092 1039 qui
1129 984 1335 1023 nomen
1364 983 1530 1024 suum
1563 968 1674 1023 sint
1711 969 2019 1024 invocaturi
2056 968 2335 1039 (zm-32).
2377 969 2561 1037 Quare
2596 966 2733 1021 haec

445 1055 715 1126 protectio
744 1056 1061 1127 requiratur
1085 1064 1139 1111 et
1167 1071 1308 1128 quae
1337 1054 1428 1125 sit,
1455 1054 1783 1111 describitur
1806 1060 2049 1124 (a,1-21).

271 1208 331 1264 3.
361 1238 445 1247 —
474 1206 608 1264 Non
650 1194 972 1283 probanda
1010 1205 1257 1266 videtur
1303 1222 1522 1265 eorum
1563 1206 1908 1275 sententia,
1943 1205 2051 1281 qui
2088 1204 2461 1282 prophetam
2499 1207 2607 1264 aut
2627 1200 2732 1281 su-

189 1310 405 1361 turam
430 1302 809 1361 locustarum
844 1303 1088 1379 plagam
1132 1306 1239 1361 aut
1266 1302 1521 1379 proprio
1557 1302 1894 1361 verborum
1934 1317 2119 1361 sensu
2152 1300 2373 1360 relicto
2415 1301 2529 1359 sub
2566 1300 2732 1360 locu·
2805 1352 2814 1367 ,

190 1404 441 1458 starum
477 1397 674 1475 figura
700 1403 765 1458 et
794 1398 1080 1475 symbolo
1109 1396 1353 1475 futuras
1381 1397 1640 1457 hostium
1667 1401 2033 1458 incursiones
2061 1396 2424 1476 praedicere
2453 1400 2728 1457 censent.

262 1522 335 1575 ln
366 1527 695 1591 argumento
736 1518 1098 1574 describendo
1124 1519 1542 1591 supposuimuS,
1583 1518 1908 1591 prophetam
1945 1534 1978 1574 a
2007 1533 2138 1574 vera
2180 1518 2522 1573 locustarum
2551 1518 2730 1587 plaga,

190 1622 345 1679 quae
370 1607 491 1661 eius
518 1613 693 1661 aetate
720 1615 925 1661 terram
950 1605 1370 1661 meridionalem
1400 1606 1632 1662 vastavit
1655 1613 1711 1661 et
1739 1622 1910 1677 quam
1927 1606 1982 1661 in
2003 1606 2188 1677 priore
2211 1613 2368 1675 parte
2393 1606 2616 1673 (1,2-2ο)
2642 1601 2734 1658 de-

186 1692 415 1763 scribit,
446 1692 843 1749 exhortationis
870 1709 1002 1748 suae
1030 1693 1377 1749 occasionem
1403 1693 1631 1765 cepisse.
1653 1694 1832 1749 Maior
1854 1701 2042 1749 tamen
2071 1708 2337 1748 numerus
2367 1691 2733 1763 interpretum

186 1796 369 1837 unam
399 1796 467 1835 ex
495 1778 711 1835 duabus
737 1780 1191 1851 explicationibus
1226 1797 1357 1836 mox
1398 1780 1652 1836 indicatis
1693 1780 2030 1851 praeferunt,
2081 1788 2246 1851 atque
2283 1781 2475 1835 Patres
2513 1777 2734 1850 quidem

186 1866 641 1940 metaphoricam
662 1875 871 1937 tenent,
895 1868 952 1923 in
976 1868 1315 1939 metaphoris
1342 1867 1473 1937 ipsis
1492 1876 1678 1924 autem
1699 1866 2040 1939 explicandis
2063 1868 2207 1922 inter
2231 1882 2288 1923 se
2309 1882 2475 1935 quam
2497 1865 2737 1920 maxime

186 1955 551 2012 dissentiunt.
584 1954 954 2011 Nihilominus
980 1955 1049 2011 de
1079 1971 1205 2011 vera
1235 1955 1574 2011 locustarum
1603 1956 1759 2027 plaga
1777 1960 2097 2028 praesente
2124 1954 2276 2025 loqui
2305 1953 2530 2021 helem,
2560 1953 2736 2008 elucet

188 2042 283 2116 a.)
312 2058 383 2099 ex
412 2050 530 2097 tota
556 2040 921 2113 descriptione
946 2042 1059 2115 (1,2
1082 2048 1249 2114 sqq.),
1282 2057 1424 2113 quae
1450 2043 1531 2099 ita
1557 2052 1640 2099 est
1669 2052 2009 2113 comparata,
2039 2050 2102 2097 ut
2128 2040 2500 2097 calamitatem
2530 2039 2736 2095 realem

186 2134 309 2188 iam
334 2128 531 2185 adesse
554 2131 699 2185 clare
726 2138 1018 2201 supponat.
1056 2130 1131 2203 ὁ.)
1162 2129 1405 2185 Dubium
1424 2144 1540 2185 non
1567 2139 1670 2199 est,
1702 2130 1834 2201 quin
1857 2135 2005 2197 2,18.
2043 2136 2124 2185 19.
2159 2128 2417 2183 historice
2440 2126 2733 2190 referatur,

186 2217 335 2291 quid
364 2218 639 2273 Dominus
666 2218 871 2288 populo
890 2220 1274 2289 poenitentia
1298 2220 1428 2273 iam
1452 2226 1704 2290 peracta
1729 2215 2076 2287 responderit
2099 2240 2113 2283 ;
2141 2216 2414 2287 promittit
2441 2223 2648 2280 autem,
2679 2228 2738 2268 se

188 2305 583 2362 redditurum
618 2319 737 2359 esse
770 2304 883 2373 illa,
916 2320 1057 2376 quae
1092 2305 1250 2376 plaga
1288 2304 1594 2361 abstulerat
1631 2310 1826 2372 (225),
1857 2304 1968 2359 iam
2007 2318 2158 2369 vero,
2205 2304 2252 2357 si
2277 2309 2368 2371 1,2
2400 2317 2524 2374 sqq.
2553 2300 2734 2357 futura

188 2396 387 2465 plaga,
419 2406 562 2463 quae
582 2392 913 2461 poenitentia
938 2391 1237 2448 avertenda
1262 2401 1398 2460 erat,
1424 2391 1861 2463 praediceretur,
1887 2390 2324 2462 promittendum
2350 2398 2488 2457 erat,
2516 2390 2736 2461 plagam

186 2498 309 2536 non
336 2494 462 2535 esse
489 2488 798 2533 venturam.
829 2480 901 2550 e.)
930 2481 1104 2535 Porro
1130 2480 1175 2535 si
1201 2478 1271 2535 de
1299 2494 1431 2535 suae
1458 2479 1656 2535 aetatis
1682 2480 1994 2535 calamitate
2021 2478 2271 2549 loquitur
2297 2477 2594 2548 propheta,
2621 2476 2736 2531 cla-

187 2584 325 2624 rum
357 2574 471 2633 est,
504 2582 632 2621 eum
666 2564 833 2622 verba
863 2568 1086 2638 proprio
1115 2582 1281 2622 sensu
1315 2566 1651 2623 intellexisse
1677 2582 1854 2639 neque
1880 2564 2256 2637 metaphorice
2283 2563 2525 2619 hostium
2553 2563 2738 2618 incur·

186 2657 387 2712 sionae
414 2653 771 2723 praedixisse.
804 2654 1053 2722 Accedit,
1081 2654 1231 2725 quod
1270 2654 1387 2709 sola
1418 2654 1757 2709 locustarum
1788 2655 1944 2726 plaga
1967 2669 2081 2709 non
2107 2653 2239 2707 satis
2277 2653 2349 2706 sit
2373 2658 2559 2721 aptum
2589 2665 2738 2721 sym-

184 2744 397 2799 bolum
424 2740 723 2795 invasionis
752 2740 1001 2809 hostilis,
1034 2756 1206 2812 quum
1237 2741 1371 2796 nihil
1404 2742 1507 2795 nisi
1536 2741 1898 2797 vastationem
1937 2755 2201 2811 agrorum
2228 2737 2298 2794 ob
2328 2738 2518 2793 oculos
2548 2745 2737 2807 ponat,

184 2829 339 2889 illud
380 2844 543 2895 vero,
575 2827 723 2899 quod
762 2828 1144 2900 gravissimum
1173 2837 1256 2884 est
1296 2826 1508 2896 (caedes
1531 2828 1768 2883 militum
1787 2872 1800 2895 ,
1840 2828 2163 2883 servitutem
2192 2825 2490 2881 mulierum
2518 2832 2576 2879 et
2600 2838 2737 2894 pue-

182 2932 418 2985 rorum,
450 2914 704 2971 incendia
734 2916 1049 2984 domorum,
1080 2914 1483 2971 destructiones
1510 2914 1844 2987 oppidorum
1871 2914 2004 2985 etc.)
2033 2929 2146 2968 non
2169 2912 2459 2983 exprimat.

270 3072 337 3129 4.
375 3100 459 3111 -—-
486 3066 673 3127 Velut
694 3066 1013 3143 praecipui
1034 3065 1401 3143 prophetiae
1422 3066 1611 3125 huius
1636 3065 2004 3125 characteres
2024 3063 2250 3123 merito
2270 3062 2602 3122 laudantur
2622 3060 2739 3121 cla-

186 3168 353 3227 ritas
372 3208 386 3233 ,
417 3162 759 3241 elegantia,
794 3163 1167 3222 sublimitas.

264 3288 528 3357 Linguae
558 3283 721 3339 Ioelis
749 3282 957 3352 puritas
984 3282 1493 3355 sententiarumque
1523 3284 1765 3355 gravitas
1797 3291 2018 3338 tantum
2051 3296 2163 3336 non
2201 3278 2271 3336 ab
2305 3279 2560 3336 omnibus
2597 3294 2741 3333 com-

188 3372 566 3431 mendantur.
595 3372 733 3427 Tam
758 3370 905 3425 clara
939 3369 1139 3425 deinde
1180 3378 1234 3425 et
1263 3378 1451 3441 aperta
1480 3379 1566 3426 est
1590 3370 1791 3441 integri
1833 3369 2147 3442 argumenti
2185 3367 2406 3439 partitio
2433 3376 2599 3437 atque
2627 3366 2740 3421 sin-

188 3462 467 3535 gutur-um
492 3473 677 3513 rerum
708 3458 852 3512 inter
872 3471 931 3513 se
956 3456 1247 3523 connexio,
1277 3466 1337 3511 ut
1356 3456 1845 3527 disceptationibus
1869 3456 1954 3511 vix
1981 3456 2258 3527 relinquat
2284 3455 2500 3522 locum3
2528 3468 2740 3507 summa

190 3559 399 3605 autem
446 3544 719 3613 elegantia
766 3552 823 3599 et
858 3544 1163 3600 sublimitas
1210 3544 1460 3615 splendet
1506 3559 1681 3616 quum
1721 3545 1778 3599 in
1824 3545 2160 3599 locustarum
2201 3538 2593 3611 descriptione,
2626 3549 2742 3595 tum

190 3636 447 3692 maxime
471 3632 530 3687 in
556 3632 787 3689 horrore
816 3630 925 3688 diei
950 3632 1179 3687 Domini
1205 3641 1259 3687 et
1290 3632 1532 3687 hostium
1558 3630 1799 3687 vindicta
1829 3628 2246 3703 exaggerandis.

276 3788 344 3847 5.
378 3818 461 3827 —
488 3782 613 3844 Sub
642 3786 836 3843 iniciis
867 3786 1040 3861 requi
1071 3784 1257 3843 Oziae
1288 3763 1546 3843 ineunte
1577 3798 1739 3842 saec.
1773 3783 1832 3842 8.
1860 3780 2094 3841 loelem
2119 3778 2580 3840 exhortationes
2605 3792 2745 3834 suas

193 3882 485 3943 edidisse
516 3880 901 3958 probabilior
931 3885 1102 3939 tenet
1131 3880 1463 3940 sententia.

274 4005 449 4060 illam
480 4003 628 4057 enim
656 4009 897 4057 aetatem
926 4000 975 4055 ei
1004 4000 1246 4073 assignat
1278 4001 1464 4066 locus,
1496 4014 1662 4071 quem
1700 3997 1919 4055 libellus
1943 3998 2002 4053 in
2042 3996 2433 4069 prophetarum
2470 3992 2746 4046 minorum

196 4092 349 4147 serie
380 4098 639 4160 occupat,
670 4088 959 4160 eidemque
989 4103 1179 4143 omnes
1204 4087 1403 4143 interni
1436 4085 1621 4143 favent
1647 4086 2023 4152 charactereS,
2057 4100 2122 4139 ex
2154 4082 2352 4155 quibus
2377 4079 2544 4151 vulgo
2583 4092 2748 4150 argu-

198 4188 399 4235 menta
431 4176 804 4233 desumuntur
833 4176 1073 4248 (linguae
1099 4176 1335 4246 puritaS,
1370 4173 1625 4230 dictionis
1650 4174 1920 4246 elegantia
1942 4172 2090 4241 etc.),
2124 4167 2445 4242 praeprimis
2471 4181 2603 4220 vero
2631 4180 2748 4219 sen-

200 4265 437 4332 tentiae,
474 4278 614 4336 quas
642 4278 711 4317 ex
734 4272 928 4318 nostro
958 4262 1100 4318 libro
1126 4262 1367 4318 mutuati
1394 4269 1524 4317 sunt
1547 4262 1640 4316 alii
1669 4261 1991 4332 prophetae.
2031 4263 2218 4323 AmoS,
2253 4255 2347 4326 qui
2385 4253 2546 4309 Osiae
2575 4262 2630 4307 et
2659 4253 2748 4306 Ie-

200 4352 465 4409 roboami
496 4351 569 4406 11.
621 4358 801 4406 aetate
838 4350 986 4418 vixit,
1019 4349 1287 4405 vaticiniis
1328 4350 1440 4404 suis
1486 4350 1636 4404 velut
1664 4362 1728 4403 ex
1773 4348 2007 4417 abrupto
2045 4342 2373 4399 sententiam
2417 4338 2742 4413 praemittit,

202 4454 353 4513 quae
383 4438 585 4494 iisdem
611 4437 793 4493 verbis
820 4445 1087 4509 concepta
1116 4446 1244 4508 apto
1272 4437 1329 4491 in
1356 4443 1618 4492 contextu
1643 4434 1790 4506 apud
1809 4434 2012 4489 Ioelem
2041 4432 2238 4503 legitur
2260 4432 2410 4501 (Am.
2447 4434 2534 4495 1,2
2561 4434 2616 4482 et
2637 4426 2749 4481 Ioel

202 4533 387 4598 3,16),
434 4535 603 4597 atque
648 4538 713 4581 ea
754 4524 1017 4581 terminat
1063 4524 1256 4580 salutis
1300 4522 1657 4579 messianicae
1695 4520 2085 4590 descriptione,
2137 4532 2277 4591 quae
2319 4515 2647 4589 imaginibus
2688 4528 2752 4569 ac

204 4614 511 4688 phrasibus
540 4613 653 4669 suis
680 4628 807 4669 cum
837 4612 1001 4671 Ioelis
1036 4612 1253 4683 epilogo
1287 4618 1556 4667 consonat
1597 4614 1752 4677 (Am.
1785 4614 2005 4675 9,11·15
2034 4615 2088 4662 et
2117 4608 2236 4663 Ioel
2273 4608 2542 4674 3,18-21);
2573 4616 2752 4675 neque
