<?xml version="1.0" encoding="UTF-8"?>
<!DOCTYPE html PUBLIC "-//W3C//DTD XHTML 1.0 Transitional//EN"
    "http://www.w3.org/TR/xhtml1/DTD/xhtml1-transitional.dtd">
<html xmlns="http://www.w3.org/1999/xhtml" xml:lang="en" lang="en">
 <head>
  <title>
</title>
<meta http-equiv="Content-Type" content="text/html;charset=utf-8" />
  <meta name='ocr-system' content='tesseract 3.04.00' />
  <meta name='ocr-capabilities' content='ocr_page ocr_carea ocr_par ocr_line ocrx_word'/>
</head>
<body>
  <div class='ocr_page' id='page_1' title='image "./historicaeetcri00corngoog_0549.png"; bbox 0 0 3050 5184; ppageno 0'>
   <div class='ocr_carea' id='block_1_1' title="bbox 671 347 2664 407">
    <p class='ocr_par' dir='ltr' id='par_1_1' title="bbox 671 347 2664 407">
     <span class='ocr_line' id='line_1_1' title="bbox 671 347 2664 407; baseline 0.006 -12"><span class='ocrx_word' id='word_1_1' title='bbox 671 351 746 396; x_wconf 73' lang='lat' dir='ltr'><em>ns</em></span> <span class='ocrx_word' id='word_1_2' title='bbox 787 353 1020 398; x_wconf 62' lang='lat' dir='ltr'><em>nunus</em></span> <span class='ocrx_word' id='word_1_3' title='bbox 1063 355 1352 400; x_wconf 70' lang='lat' dir='ltr'><em>musi-oms</em></span> <span class='ocrx_word' id='word_1_4' title='bbox 1391 357 1468 400; x_wconf 70' lang='lat' dir='ltr'><em>An</em></span> <span class='ocrx_word' id='word_1_5' title='bbox 1517 358 2111 404; x_wconf 61' lang='lat' dir='ltr'><em>Tuessstomceusffi.</em></span> <span class='ocrx_word' id='word_1_6' title='bbox 2547 347 2664 407; x_wconf 80' lang='lat'>539·</span> 
     </span>
    </p>
   </div>
   <div class='ocr_carea' id='block_1_2' title="bbox 1179 761 1612 830">
    <p class='ocr_par' dir='ltr' id='par_1_2' title="bbox 1179 761 1612 830">
     <span class='ocr_line' id='line_1_2' title="bbox 1179 761 1612 830; baseline 0 -2"><span class='ocrx_word' id='word_1_7' title='bbox 1179 761 1474 830; x_wconf 86' lang='lat' dir='ltr'><strong>CAPUT</strong></span> <span class='ocrx_word' id='word_1_8' title='bbox 1517 765 1612 830; x_wconf 89' lang='grc' dir='ltr'><em>ΙΙ.</em></span> 
     </span>
    </p>
   </div>
   <div class='ocr_carea' id='block_1_3' title="bbox 765 999 2063 1056">
    <p class='ocr_par' dir='ltr' id='par_1_3' title="bbox 765 999 2063 1056">
     <span class='ocr_line' id='line_1_3' title="bbox 765 999 2063 1056; baseline 0.005 -6"><span class='ocrx_word' id='word_1_9' title='bbox 765 999 858 1050; x_wconf 87' lang='lat' dir='ltr'><em>DE</em></span> <span class='ocrx_word' id='word_1_10' title='bbox 898 1000 1272 1054; x_wconf 88' lang='lat' dir='ltr'>EPISTOLIS</span> <span class='ocrx_word' id='word_1_11' title='bbox 1309 1001 1658 1054; x_wconf 87' lang='lat' dir='ltr'>PAULINIS</span> <span class='ocrx_word' id='word_1_12' title='bbox 1699 1003 2063 1056; x_wconf 87' lang='lat' dir='ltr'><strong>SINGULIS.</strong></span> 
     </span>
    </p>
   </div>
   <div class='ocr_carea' id='block_1_4' title="bbox 350 1211 2449 1282">
    <p class='ocr_par' dir='ltr' id='par_1_4' title="bbox 350 1211 2449 1282">
     <span class='ocr_line' id='line_1_4' title="bbox 350 1211 2449 1282; baseline 0.001 -19"><span class='ocrx_word' id='word_1_13' title='bbox 350 1211 400 1263; x_wconf 91' lang='lat'><em>1.</em></span> <span class='ocrx_word' id='word_1_14' title='bbox 424 1211 516 1265; x_wconf 85' lang='lat' dir='ltr'><em>De</em></span> <span class='ocrx_word' id='word_1_15' title='bbox 539 1213 842 1278; x_wconf 78' lang='lat' dir='ltr'><em>epistolis</em></span> <span class='ocrx_word' id='word_1_16' title='bbox 869 1217 1024 1268; x_wconf 82' lang='lat' dir='ltr'><em>ante</em></span> <span class='ocrx_word' id='word_1_17' title='bbox 1049 1215 1323 1279; x_wconf 78' lang='lat' dir='ltr'><strong>priorem</strong></span> <span class='ocrx_word' id='word_1_18' title='bbox 1354 1217 1647 1280; x_wconf 76' lang='lat' dir='ltr'><strong>Apostoli</strong></span> <span class='ocrx_word' id='word_1_19' title='bbox 1678 1218 2135 1282; x_wconf 75' lang='lat' dir='ltr'><em>captivitatem</em></span> <span class='ocrx_word' id='word_1_20' title='bbox 2162 1217 2449 1281; x_wconf 78' lang='lat' dir='ltr'><em>seriptis.</em></span> 
     </span>
    </p>
   </div>
   <div class='ocr_carea' id='block_1_5' title="bbox 523 1425 2284 1517">
    <p class='ocr_par' dir='ltr' id='par_1_5' title="bbox 523 1425 2284 1517">
     <span class='ocr_line' id='line_1_5' title="bbox 523 1425 2284 1517; baseline 0.001 -25"><span class='ocrx_word' id='word_1_21' title='bbox 523 1426 557 1510; x_wconf 66' lang='grc' dir='ltr'>ἓ</span> <span class='ocrx_word' id='word_1_22' title='bbox 583 1432 646 1492; x_wconf 83' lang='grc'><em>5.</em></span> <span class='ocrx_word' id='word_1_23' title='bbox 681 1464 770 1474; x_wconf 93' lang='grc'>-</span> <span class='ocrx_word' id='word_1_24' title='bbox 797 1428 892 1492; x_wconf 90' lang='lat' dir='ltr'><em>De</em></span> <span class='ocrx_word' id='word_1_25' title='bbox 931 1425 1193 1493; x_wconf 81' lang='lat' dir='ltr'><em>duabus</em></span> <span class='ocrx_word' id='word_1_26' title='bbox 1218 1427 1512 1517; x_wconf 55' lang='lat' dir='ltr'><em>epistolis</em></span> <span class='ocrx_word' id='word_1_27' title='bbox 1540 1428 1638 1494; x_wconf 84' lang='lat' dir='ltr'><em>ad</em></span> <span class='ocrx_word' id='word_1_28' title='bbox 1665 1428 2284 1496; x_wconf 74' lang='lat' dir='ltr'><em>Thessalonicenses,</em></span> 
     </span>
    </p>
   </div>
   <div class='ocr_carea' id='block_1_6' title="bbox 157 1645 2663 2204">
    <p class='ocr_par' dir='ltr' id='par_1_6' title="bbox 157 1645 2663 2204">
     <span class='ocr_line' id='line_1_6' title="bbox 223 1645 2662 1726; baseline 0.001 -24"><span class='ocrx_word' id='word_1_29' title='bbox 223 1645 273 1702; x_wconf 78' lang='lat'><em>1.</em></span> <span class='ocrx_word' id='word_1_30' title='bbox 307 1675 382 1687; x_wconf 87' lang='lat'><em>--</em></span> <span class='ocrx_word' id='word_1_31' title='bbox 411 1645 458 1704; x_wconf 92' lang='grc' dir='ltr'><em>Ι.</em></span> <span class='ocrx_word' id='word_1_32' title='bbox 499 1646 782 1706; x_wconf 73' lang='lat' dir='ltr'><em>Ecctesm</em></span> <span class='ocrx_word' id='word_1_33' title='bbox 812 1661 1378 1708; x_wconf 72' lang='lat' dir='ltr'><em>rnnssALoN1ans1s</em></span> <span class='ocrx_word' id='word_1_34' title='bbox 1405 1651 1502 1707; x_wconf 91' lang='lat' dir='ltr'><em>est</em></span> <span class='ocrx_word' id='word_1_35' title='bbox 1527 1648 1835 1721; x_wconf 84' lang='lat' dir='ltr'><em>secunda,</em></span> <span class='ocrx_word' id='word_1_36' title='bbox 1858 1665 2053 1726; x_wconf 87' lang='lat' dir='ltr'><em>quam</em></span> <span class='ocrx_word' id='word_1_37' title='bbox 2074 1647 2140 1707; x_wconf 90' lang='lat' dir='ltr'><em>in</em></span> <span class='ocrx_word' id='word_1_38' title='bbox 2163 1650 2409 1724; x_wconf 81' lang='lat' dir='ltr'><strong>Europa</strong></span> <span class='ocrx_word' id='word_1_39' title='bbox 2433 1646 2662 1706; x_wconf 86' lang='lat' dir='ltr'><em>Paulus</em></span> 
     </span>
     <span class='ocr_line' id='line_1_7' title="bbox 158 1738 2662 1822; baseline 0.001 -26"><span class='ocrx_word' id='word_1_40' title='bbox 158 1738 436 1800; x_wconf 82' lang='lat' dir='ltr'><em>fundavit.</em></span> <span class='ocrx_word' id='word_1_41' title='bbox 475 1741 690 1800; x_wconf 90' lang='lat' dir='ltr'>Trium</span> <span class='ocrx_word' id='word_1_42' title='bbox 737 1740 1274 1804; x_wconf 84' lang='lat' dir='ltr'><em>hebdomadarum</em></span> <span class='ocrx_word' id='word_1_43' title='bbox 1299 1745 1498 1820; x_wconf 87' lang='lat' dir='ltr'><em>spatio</em></span> <span class='ocrx_word' id='word_1_44' title='bbox 1538 1761 1771 1821; x_wconf 88' lang='lat' dir='ltr'><em>paucos</em></span> <span class='ocrx_word' id='word_1_45' title='bbox 1808 1743 2064 1822; x_wconf 87' lang='lat' dir='ltr'><em>quidem</em></span> <span class='ocrx_word' id='word_1_46' title='bbox 2106 1744 2395 1810; x_wconf 82' lang='lat' dir='ltr'><em>ludaeos,</em></span> <span class='ocrx_word' id='word_1_47' title='bbox 2430 1742 2662 1801; x_wconf 85' lang='lat' dir='ltr'><em>multos</em></span> 
     </span>
     <span class='ocr_line' id='line_1_8' title="bbox 157 1835 2661 1917; baseline 0 -24"><span class='ocrx_word' id='word_1_48' title='bbox 157 1839 346 1894; x_wconf 83' lang='lat' dir='ltr'><em>autem</em></span> <span class='ocrx_word' id='word_1_49' title='bbox 375 1835 730 1913; x_wconf 82' lang='lat' dir='ltr'><strong>proselytos</strong></span> <span class='ocrx_word' id='word_1_50' title='bbox 753 1837 1146 1915; x_wconf 81' lang='lat' dir='ltr'><em>gentilesque</em></span> <span class='ocrx_word' id='word_1_51' title='bbox 1172 1838 1252 1898; x_wconf 88' lang='lat' dir='ltr'><em>ad</em></span> <span class='ocrx_word' id='word_1_52' title='bbox 1281 1839 1472 1899; x_wconf 89' lang='lat' dir='ltr'><em>fidem</em></span> <span class='ocrx_word' id='word_1_53' title='bbox 1499 1839 1874 1914; x_wconf 82' lang='lat' dir='ltr'><strong>adduxerat,</strong></span> <span class='ocrx_word' id='word_1_54' title='bbox 1903 1856 2097 1916; x_wconf 90' lang='lat' dir='ltr'><em>quum</em></span> <span class='ocrx_word' id='word_1_55' title='bbox 2129 1837 2561 1917; x_wconf 88' lang='lat' dir='ltr'><em>persecutione</em></span> <span class='ocrx_word' id='word_1_56' title='bbox 2584 1836 2661 1895; x_wconf 86' lang='lat' dir='ltr'><em>ab</em></span> 
     </span>
     <span class='ocr_line' id='line_1_9' title="bbox 161 1929 2663 2010; baseline 0.002 -24"><span class='ocrx_word' id='word_1_57' title='bbox 161 1929 482 1991; x_wconf 84' lang='lat' dir='ltr'><strong>incredulis</strong></span> <span class='ocrx_word' id='word_1_58' title='bbox 533 1931 790 1992; x_wconf 82' lang='lat' dir='ltr'><em>Iudaeis</em></span> <span class='ocrx_word' id='word_1_59' title='bbox 824 1934 1087 1993; x_wconf 84' lang='lat' dir='ltr'><em>excitata</em></span> <span class='ocrx_word' id='word_1_60' title='bbox 1132 1935 1354 1994; x_wconf 89' lang='lat' dir='ltr'><em>urbem</em></span> <span class='ocrx_word' id='word_1_61' title='bbox 1401 1952 1524 1995; x_wconf 81' lang='lat' dir='ltr'><em>una</em></span> <span class='ocrx_word' id='word_1_62' title='bbox 1566 1952 1709 1995; x_wconf 90' lang='lat' dir='ltr'><em>cum</em></span> <span class='ocrx_word' id='word_1_63' title='bbox 1755 1936 1925 1995; x_wconf 90' lang='lat' dir='ltr'><em>socio</em></span> <span class='ocrx_word' id='word_1_64' title='bbox 1970 1953 2083 1996; x_wconf 91' lang='lat' dir='ltr'><em>suo</em></span> <span class='ocrx_word' id='word_1_65' title='bbox 2132 1934 2259 1994; x_wconf 86' lang='lat' dir='ltr'><em>Sila</em></span> <span class='ocrx_word' id='word_1_66' title='bbox 2307 1934 2663 2010; x_wconf 87' lang='lat' dir='ltr'><em>relinquere</em></span> 
     </span>
     <span class='ocr_line' id='line_1_10' title="bbox 160 2027 2660 2108; baseline 0.001 -24"><span class='ocrx_word' id='word_1_67' title='bbox 160 2032 384 2088; x_wconf 83' lang='lat' dir='ltr'><em>coactus</em></span> <span class='ocrx_word' id='word_1_68' title='bbox 413 2031 533 2088; x_wconf 89' lang='lat' dir='ltr'><em>est.</em></span> <span class='ocrx_word' id='word_1_69' title='bbox 567 2027 690 2087; x_wconf 89' lang='lat' dir='ltr'><em>Sed</em></span> <span class='ocrx_word' id='word_1_70' title='bbox 717 2029 1002 2088; x_wconf 88' lang='lat' dir='ltr'><em>nascenti</em></span> <span class='ocrx_word' id='word_1_71' title='bbox 1035 2029 1332 2089; x_wconf 88' lang='lat' dir='ltr'><em>ecclesiae</em></span> <span class='ocrx_word' id='word_1_72' title='bbox 1368 2031 1685 2091; x_wconf 89' lang='lat' dir='ltr'><em>consuluit</em></span> <span class='ocrx_word' id='word_1_73' title='bbox 1710 2031 1905 2090; x_wconf 87' lang='lat' dir='ltr'><em>altero</em></span> <span class='ocrx_word' id='word_1_74' title='bbox 1936 2030 2282 2108; x_wconf 87' lang='lat' dir='ltr'><em>discipu10,</em></span> <span class='ocrx_word' id='word_1_75' title='bbox 2312 2028 2660 2100; x_wconf 87' lang='lat' dir='ltr'><em>Timothe0‚</em></span> 
     </span>
     <span class='ocr_line' id='line_1_11' title="bbox 161 2123 2137 2204; baseline 0.002 -23"><span class='ocrx_word' id='word_1_76' title='bbox 161 2123 358 2198; x_wconf 82' lang='lat' dir='ltr'><em>misse,</em></span> <span class='ocrx_word' id='word_1_77' title='bbox 387 2124 498 2202; x_wconf 92' lang='lat' dir='ltr'><em>qui</em></span> <span class='ocrx_word' id='word_1_78' title='bbox 525 2123 985 2202; x_wconf 87' lang='lat' dir='ltr'><em>neophytorum</em></span> <span class='ocrx_word' id='word_1_79' title='bbox 1019 2126 1260 2185; x_wconf 88' lang='lat' dir='ltr'><em>animos</em></span> <span class='ocrx_word' id='word_1_80' title='bbox 1299 2127 1571 2204; x_wconf 86' lang='lat' dir='ltr'><em>erigeret</em></span> <span class='ocrx_word' id='word_1_81' title='bbox 1592 2128 2137 2203; x_wconf 85' lang='lat' dir='ltr'><em>confirmaretque.</em></span> 
     </span>
    </p>
   </div>
   <div class='ocr_carea' id='block_1_7' title="bbox 162 2235 2707 4054">
    <p class='ocr_par' dir='ltr' id='par_1_7' title="bbox 162 2235 2707 4054">
     <span class='ocr_line' id='line_1_12' title="bbox 222 2235 2665 2308; baseline 0 -17"><span class='ocrx_word' id='word_1_82' title='bbox 222 2237 631 2293; x_wconf 78' lang='lat' dir='ltr'><em>Thessalonica</em></span> <span class='ocrx_word' id='word_1_83' title='bbox 657 2236 808 2304; x_wconf 88' lang='lat' dir='ltr'><em>(olim</em></span> <span class='ocrx_word' id='word_1_84' title='bbox 833 2235 1130 2304; x_wconf 77' lang='lat' dir='ltr'><em>Thermae,</em></span> <span class='ocrx_word' id='word_1_85' title='bbox 1158 2237 1322 2293; x_wconf 88' lang='lat' dir='ltr'><em>hodie</em></span> <span class='ocrx_word' id='word_1_86' title='bbox 1339 2238 1695 2306; x_wconf 68' lang='lat' dir='ltr'><em>Saloniclci),</em></span> <span class='ocrx_word' id='word_1_87' title='bbox 1727 2253 1837 2293; x_wconf 90' lang='lat' dir='ltr'><em>una</em></span> <span class='ocrx_word' id='word_1_88' title='bbox 1862 2254 1929 2292; x_wconf 89' lang='lat' dir='ltr'><em>ex</em></span> <span class='ocrx_word' id='word_1_89' title='bbox 1969 2237 2275 2308; x_wconf 81' lang='lat' dir='ltr'><strong>praecipuis</strong></span> <span class='ocrx_word' id='word_1_90' title='bbox 2311 2237 2665 2293; x_wconf 84' lang='lat' dir='ltr'><em>Macedoniae</em></span> 
     </span>
     <span class='ocr_line' id='line_1_13' title="bbox 164 2323 2667 2396; baseline 0.001 -20"><span class='ocrx_word' id='word_1_91' title='bbox 164 2323 363 2380; x_wconf 82' lang='lat' dir='ltr'>urbibus</span> <span class='ocrx_word' id='word_1_92' title='bbox 389 2332 560 2396; x_wconf 87' lang='lat' dir='ltr'><em>caput</em></span> <span class='ocrx_word' id='word_1_93' title='bbox 587 2332 706 2379; x_wconf 88' lang='lat' dir='ltr'><em>erat</em></span> <span class='ocrx_word' id='word_1_94' title='bbox 729 2323 1038 2395; x_wconf 88' lang='lat' dir='ltr'><em>provinciae</em></span> <span class='ocrx_word' id='word_1_95' title='bbox 1068 2323 1424 2380; x_wconf 84' lang='lat' dir='ltr'><em>Macedoniae</em></span> <span class='ocrx_word' id='word_1_96' title='bbox 1451 2325 1725 2380; x_wconf 88' lang='lat' dir='ltr'><em>secundae</em></span> <span class='ocrx_word' id='word_1_97' title='bbox 1763 2323 2033 2396; x_wconf 87' lang='lat' dir='ltr'><em>sedesque</em></span> <span class='ocrx_word' id='word_1_98' title='bbox 2068 2325 2337 2396; x_wconf 87' lang='lat' dir='ltr'><em>praetoris</em></span> <span class='ocrx_word' id='word_1_99' title='bbox 2374 2325 2585 2380; x_wconf 90' lang='lat' dir='ltr'><em>romani</em></span> <span class='ocrx_word' id='word_1_100' title='bbox 2612 2335 2667 2380; x_wconf 80' lang='lat' dir='ltr'><em>et</em></span> 
     </span>
     <span class='ocr_line' id='line_1_14' title="bbox 163 2410 2665 2484; baseline 0.001 -20"><span class='ocrx_word' id='word_1_101' title='bbox 163 2413 470 2480; x_wconf 64' lang='lat' dir='ltr'><em>quaestoriS,</em></span> <span class='ocrx_word' id='word_1_102' title='bbox 516 2420 680 2482; x_wconf 88' lang='lat' dir='ltr'><em>atque</em></span> <span class='ocrx_word' id='word_1_103' title='bbox 721 2411 861 2467; x_wconf 88' lang='lat' dir='ltr'><em>inter</em></span> <span class='ocrx_word' id='word_1_104' title='bbox 901 2410 1166 2466; x_wconf 84' lang='lat' dir='ltr'><em>ditissima</em></span> <span class='ocrx_word' id='word_1_105' title='bbox 1208 2411 1428 2466; x_wconf 87' lang='lat' dir='ltr'><em>romani</em></span> <span class='ocrx_word' id='word_1_106' title='bbox 1475 2413 1693 2482; x_wconf 87' lang='lat' dir='ltr'><em>imperii</em></span> <span class='ocrx_word' id='word_1_107' title='bbox 1733 2412 1979 2482; x_wconf 87' lang='lat' dir='ltr'><em>emporia</em></span> <span class='ocrx_word' id='word_1_108' title='bbox 2021 2411 2448 2480; x_wconf 70' lang='lat' dir='ltr'><em>numerabatur,</em></span> <span class='ocrx_word' id='word_1_109' title='bbox 2495 2426 2665 2484; x_wconf 89' lang='lat' dir='ltr'><em>quum</em></span> 
     </span>
     <span class='ocr_line' id='line_1_15' title="bbox 162 2496 2662 2570; baseline 0 -18"><span class='ocrx_word' id='word_1_110' title='bbox 162 2497 464 2555; x_wconf 86' lang='lat' dir='ltr'><strong>Corinthum</strong></span> <span class='ocrx_word' id='word_1_111' title='bbox 495 2497 854 2570; x_wconf 87' lang='lat' dir='ltr'><em>amplitudine</em></span> <span class='ocrx_word' id='word_1_112' title='bbox 877 2498 1181 2569; x_wconf 87' lang='lat' dir='ltr'><em>opibusque</em></span> <span class='ocrx_word' id='word_1_113' title='bbox 1208 2496 1323 2568; x_wconf 85' lang='lat' dir='ltr'><em>(sed</em></span> <span class='ocrx_word' id='word_1_114' title='bbox 1352 2498 1518 2554; x_wconf 88' lang='lat' dir='ltr'><em>etiam</em></span> <span class='ocrx_word' id='word_1_115' title='bbox 1556 2513 1775 2554; x_wconf 90' lang='lat' dir='ltr'><em>morum</em></span> <span class='ocrx_word' id='word_1_116' title='bbox 1810 2499 2187 2568; x_wconf 84' lang='lat' dir='ltr'><em>corruptione)</em></span> <span class='ocrx_word' id='word_1_117' title='bbox 2229 2498 2341 2554; x_wconf 80' lang='lat' dir='ltr'><em>sere</em></span> <span class='ocrx_word' id='word_1_118' title='bbox 2380 2507 2662 2570; x_wconf 88' lang='lat' dir='ltr'><em>aequaret.</em></span> 
     </span>
     <span class='ocr_line' id='line_1_16' title="bbox 167 2584 2666 2658; baseline 0 -18"><span class='ocrx_word' id='word_1_119' title='bbox 167 2586 326 2658; x_wconf 84' lang='lat' dir='ltr'><em>Longe</em></span> <span class='ocrx_word' id='word_1_120' title='bbox 358 2587 542 2642; x_wconf 89' lang='lat' dir='ltr'><em>maior</em></span> <span class='ocrx_word' id='word_1_121' title='bbox 583 2585 893 2642; x_wconf 87' lang='lat' dir='ltr'><em>incolarum</em></span> <span class='ocrx_word' id='word_1_122' title='bbox 933 2601 1196 2642; x_wconf 87' lang='lat' dir='ltr'><em>numerus</em></span> <span class='ocrx_word' id='word_1_123' title='bbox 1236 2585 1433 2641; x_wconf 89' lang='lat' dir='ltr'><em>Graeci</em></span> <span class='ocrx_word' id='word_1_124' title='bbox 1471 2594 1628 2641; x_wconf 87' lang='lat' dir='ltr'><em>erant</em></span> <span class='ocrx_word' id='word_1_125' title='bbox 1665 2594 1723 2641; x_wconf 89' lang='lat' dir='ltr'><em>et</em></span> <span class='ocrx_word' id='word_1_126' title='bbox 1750 2586 2019 2654; x_wconf 87' lang='lat' dir='ltr'><em>Romani,</em></span> <span class='ocrx_word' id='word_1_127' title='bbox 2048 2585 2142 2640; x_wconf 89' lang='lat' dir='ltr'><em>sed</em></span> <span class='ocrx_word' id='word_1_128' title='bbox 2182 2584 2414 2641; x_wconf 87' lang='lat' dir='ltr'><em>Iudaeos</em></span> <span class='ocrx_word' id='word_1_129' title='bbox 2446 2601 2666 2657; x_wconf 89' lang='lat' dir='ltr'><em>quoque</em></span> 
     </span>
     <span class='ocr_line' id='line_1_17' title="bbox 163 2672 2707 2744; baseline -0.001 -17"><span class='ocrx_word' id='word_1_130' title='bbox 163 2674 344 2730; x_wconf 85' lang='lat' dir='ltr'><em>multos</em></span> <span class='ocrx_word' id='word_1_131' title='bbox 365 2682 674 2734; x_wconf 81' lang='lat' dir='ltr'><em>attraxerat</em></span> <span class='ocrx_word' id='word_1_132' title='bbox 701 2673 1094 2730; x_wconf 78' lang='lat' dir='ltr'><em>commercium</em></span> <span class='ocrx_word' id='word_1_133' title='bbox 1117 2672 1269 2728; x_wconf 87' lang='lat' dir='ltr'><em>urbis</em></span> <span class='ocrx_word' id='word_1_134' title='bbox 1301 2672 1785 2740; x_wconf 86' lang='lat' dir='ltr'><em>florentissimum,</em></span> <span class='ocrx_word' id='word_1_135' title='bbox 1815 2673 1908 2743; x_wconf 89' lang='lat' dir='ltr'><em>qui</em></span> <span class='ocrx_word' id='word_1_136' title='bbox 1938 2688 2039 2744; x_wconf 88' lang='lat' dir='ltr'><em>pro</em></span> <span class='ocrx_word' id='word_1_137' title='bbox 2070 2687 2224 2728; x_wconf 90' lang='lat' dir='ltr'><em>more</em></span> <span class='ocrx_word' id='word_1_138' title='bbox 2256 2687 2359 2726; x_wconf 88' lang='lat' dir='ltr'><em>suo</em></span> <span class='ocrx_word' id='word_1_139' title='bbox 2386 2687 2497 2727; x_wconf 90' lang='lat' dir='ltr'><em>non</em></span> <span class='ocrx_word' id='word_1_140' title='bbox 2528 2688 2661 2742; x_wconf 87' lang='lat' dir='ltr'><em>pau-</em></span> <span class='ocrx_word' id='word_1_141' title='bbox 2702 2741 2707 2744; x_wconf 28' lang='grc'><strong>,</strong></span> 
     </span>
     <span class='ocr_line' id='line_1_18' title="bbox 163 2759 2659 2832; baseline -0 -18"><span class='ocrx_word' id='word_1_142' title='bbox 163 2775 242 2814; x_wconf 83' lang='lat' dir='ltr'><em>eos</em></span> <span class='ocrx_word' id='word_1_143' title='bbox 263 2761 360 2818; x_wconf 90' lang='lat' dir='ltr'><em>sibi</em></span> <span class='ocrx_word' id='word_1_144' title='bbox 399 2760 772 2818; x_wconf 86' lang='lat' dir='ltr'><em>adiunxerant</em></span> <span class='ocrx_word' id='word_1_145' title='bbox 814 2762 1140 2832; x_wconf 77' lang='lat' dir='ltr'><em>proselytos·</em></span> <span class='ocrx_word' id='word_1_146' title='bbox 1171 2763 1235 2816; x_wconf 89' lang='lat' dir='ltr'><em>ln</em></span> <span class='ocrx_word' id='word_1_147' title='bbox 1264 2759 1508 2816; x_wconf 88' lang='lat' dir='ltr'><em>secundo</em></span> <span class='ocrx_word' id='word_1_148' title='bbox 1546 2776 1647 2815; x_wconf 90' lang='lat' dir='ltr'><em>suo</em></span> <span class='ocrx_word' id='word_1_149' title='bbox 1685 2760 1884 2816; x_wconf 86' lang='lat' dir='ltr'><em>itinere</em></span> <span class='ocrx_word' id='word_1_150' title='bbox 1918 2775 1971 2814; x_wconf 89' lang='lat' dir='ltr'><em>a.</em></span> <span class='ocrx_word' id='word_1_151' title='bbox 2010 2765 2102 2814; x_wconf 81' lang='lat'><em>52.</em></span> <span class='ocrx_word' id='word_1_152' title='bbox 2132 2760 2338 2816; x_wconf 88' lang='lat' dir='ltr'><em>Paulus</em></span> <span class='ocrx_word' id='word_1_153' title='bbox 2369 2759 2659 2830; x_wconf 78' lang='lat' dir='ltr'><em>PhilippiS,</em></span> 
     </span>
     <span class='ocr_line' id='line_1_19' title="bbox 163 2846 2665 2920; baseline -0 -19"><span class='ocrx_word' id='word_1_154' title='bbox 163 2861 254 2916; x_wconf 83' lang='lat' dir='ltr'><em>qua</em></span> <span class='ocrx_word' id='word_1_155' title='bbox 295 2849 352 2904; x_wconf 90' lang='lat' dir='ltr'><em>in</em></span> <span class='ocrx_word' id='word_1_156' title='bbox 393 2849 614 2905; x_wconf 86' lang='lat' dir='ltr'><em>colonia</em></span> <span class='ocrx_word' id='word_1_157' title='bbox 656 2848 1008 2920; x_wconf 87' lang='lat' dir='ltr'><em>europaicam</em></span> <span class='ocrx_word' id='word_1_158' title='bbox 1040 2863 1198 2904; x_wconf 86' lang='lat' dir='ltr'><em>suam</em></span> <span class='ocrx_word' id='word_1_159' title='bbox 1227 2847 1545 2904; x_wconf 80' lang='lat' dir='ltr'><em>missionem</em></span> <span class='ocrx_word' id='word_1_160' title='bbox 1572 2846 1957 2914; x_wconf 84' lang='lat' dir='ltr'><em>inchoaverat,</em></span> <span class='ocrx_word' id='word_1_161' title='bbox 1994 2848 2255 2918; x_wconf 82' lang='lat' dir='ltr'><em>expulsus</em></span> <span class='ocrx_word' id='word_1_162' title='bbox 2281 2861 2409 2901; x_wconf 87' lang='lat' dir='ltr'><em>cum</em></span> <span class='ocrx_word' id='word_1_163' title='bbox 2446 2846 2665 2902; x_wconf 89' lang='lat' dir='ltr'><em>Silvano</em></span> 
     </span>
     <span class='ocr_line' id='line_1_20' title="bbox 162 2933 2663 3006; baseline 0 -19"><span class='ocrx_word' id='word_1_164' title='bbox 162 2934 585 2992; x_wconf 67' lang='lat' dir='ltr'><em>Thessalonicam</em></span> <span class='ocrx_word' id='word_1_165' title='bbox 620 2936 792 3003; x_wconf 91' lang='lat' dir='ltr'><em>venit,</em></span> <span class='ocrx_word' id='word_1_166' title='bbox 829 2955 852 2986; x_wconf 76' lang='grc' dir='ltr'>ι</span> <span class='ocrx_word' id='word_1_167' title='bbox 888 2935 978 2992; x_wconf 91' lang='lat' dir='ltr'><em>ubi</em></span> <span class='ocrx_word' id='word_1_168' title='bbox 1004 2945 1124 2991; x_wconf 89' lang='lat' dir='ltr'><em>erat</em></span> <span class='ocrx_word' id='word_1_169' title='bbox 1152 2949 1429 3006; x_wconf 82' lang='lat' dir='ltr'><em>synagoga</em></span> <span class='ocrx_word' id='word_1_170' title='bbox 1470 2933 1827 2990; x_wconf 86' lang='lat' dir='ltr'><em>ludaeorum.</em></span> <span class='ocrx_word' id='word_1_171' title='bbox 1858 2933 2173 2990; x_wconf 90' lang='lat' dir='ltr'><em>Secundum</em></span> <span class='ocrx_word' id='word_1_172' title='bbox 2211 2933 2663 2989; x_wconf 85' lang='lat' dir='ltr'><em>consuetudinem</em></span> 
     </span>
     <span class='ocr_line' id='line_1_21' title="bbox 164 3020 2665 3094; baseline 0.001 -20"><span class='ocrx_word' id='word_1_173' title='bbox 164 3031 324 3079; x_wconf 77' lang='lat' dir='ltr'><em>autem</em></span> <span class='ocrx_word' id='word_1_174' title='bbox 348 3023 606 3080; x_wconf 86' lang='lat' dir='ltr'><em>introivit</em></span> <span class='ocrx_word' id='word_1_175' title='bbox 634 3021 702 3078; x_wconf 93' lang='lat' dir='ltr'><em>ad</em></span> <span class='ocrx_word' id='word_1_176' title='bbox 733 3038 848 3090; x_wconf 78' lang='lat' dir='ltr'><em>eoS,</em></span> <span class='ocrx_word' id='word_1_177' title='bbox 881 3031 937 3078; x_wconf 90' lang='lat' dir='ltr'><em>et</em></span> <span class='ocrx_word' id='word_1_178' title='bbox 955 3038 1052 3094; x_wconf 89' lang='lat' dir='ltr'><em>per</em></span> <span class='ocrx_word' id='word_1_179' title='bbox 1077 3021 1344 3078; x_wconf 85' lang='lat' dir='ltr'><em>sabbatha</em></span> <span class='ocrx_word' id='word_1_180' title='bbox 1369 3023 1476 3077; x_wconf 88' lang='lat' dir='ltr'><em>tria</em></span> <span class='ocrx_word' id='word_1_181' title='bbox 1506 3021 1816 3077; x_wconf 84' lang='lat' dir='ltr'><em>disserebat</em></span> <span class='ocrx_word' id='word_1_182' title='bbox 1846 3021 1925 3078; x_wconf 89' lang='lat' dir='ltr'><em>eis</em></span> <span class='ocrx_word' id='word_1_183' title='bbox 1952 3020 2021 3077; x_wconf 89' lang='lat' dir='ltr'><em>de</em></span> <span class='ocrx_word' id='word_1_184' title='bbox 2050 3020 2341 3091; x_wconf 79' lang='lat' dir='ltr'><em>scripturis</em></span> <span class='ocrx_word' id='word_1_185' title='bbox 2362 3041 2387 3071; x_wconf 71' lang='grc' dir='ltr'><strong>υ</strong></span> <span class='ocrx_word' id='word_1_186' title='bbox 2421 3023 2665 3093; x_wconf 80' lang='lat' dir='ltr'><em>Evange-</em></span> 
     </span>
     <span class='ocr_line' id='line_1_22' title="bbox 167 3107 2669 3182; baseline 0.001 -22"><span class='ocrx_word' id='word_1_187' title='bbox 167 3107 278 3164; x_wconf 88' lang='lat' dir='ltr'><em>lium</em></span> <span class='ocrx_word' id='word_1_188' title='bbox 299 3119 452 3167; x_wconf 89' lang='lat' dir='ltr'><em>tanto</em></span> <span class='ocrx_word' id='word_1_189' title='bbox 483 3125 613 3166; x_wconf 85' lang='lat' dir='ltr'><em>cum</em></span> <span class='ocrx_word' id='word_1_190' title='bbox 639 3109 822 3166; x_wconf 83' lang='lat' dir='ltr'><em>fructu</em></span> <span class='ocrx_word' id='word_1_191' title='bbox 847 3109 1209 3179; x_wconf 73' lang='lat' dir='ltr'><em>annuntianS,</em></span> <span class='ocrx_word' id='word_1_192' title='bbox 1237 3118 1300 3164; x_wconf 91' lang='lat' dir='ltr'><em>ut</em></span> <span class='ocrx_word' id='word_1_193' title='bbox 1340 3129 1366 3160; x_wconf 77' lang='grc' dir='ltr'><strong>α</strong></span> <span class='ocrx_word' id='word_1_194' title='bbox 1393 3108 1637 3182; x_wconf 76' lang='lat' dir='ltr'><em>quidam</em></span> <span class='ocrx_word' id='word_1_195' title='bbox 1664 3125 1741 3164; x_wconf 75' lang='lat' dir='ltr'><em>ex</em></span> <span class='ocrx_word' id='word_1_196' title='bbox 1772 3109 1860 3165; x_wconf 70' lang='lat' dir='ltr'><em>eis</em></span> <span class='ocrx_word' id='word_1_197' title='bbox 1890 3109 2208 3177; x_wconf 85' lang='lat' dir='ltr'><em>crederent,</em></span> <span class='ocrx_word' id='word_1_198' title='bbox 2240 3109 2311 3163; x_wconf 85' lang='lat' dir='ltr'><em>de</em></span> <span class='ocrx_word' id='word_1_199' title='bbox 2344 3109 2669 3164; x_wconf 78' lang='lat' dir='ltr'><em>colentibus</em></span> 
     </span>
     <span class='ocr_line' id='line_1_23' title="bbox 169 3195 2665 3271; baseline 0.002 -23"><span class='ocrx_word' id='word_1_200' title='bbox 169 3209 275 3252; x_wconf 81' lang='lat' dir='ltr'><em>vero</em></span> <span class='ocrx_word' id='word_1_201' title='bbox 301 3197 722 3271; x_wconf 74' lang='lat' dir='ltr'><em>qentilibnsque</em></span> <span class='ocrx_word' id='word_1_202' title='bbox 761 3196 1087 3253; x_wconf 75' lang='lat' dir='ltr'><em>multitudo</em></span> <span class='ocrx_word' id='word_1_203' title='bbox 1116 3213 1371 3268; x_wconf 71' lang='lat' dir='ltr'><em>mayna,</em></span> <span class='ocrx_word' id='word_1_204' title='bbox 1397 3201 1455 3251; x_wconf 79' lang='lat' dir='ltr'><em>et</em></span> <span class='ocrx_word' id='word_1_205' title='bbox 1485 3197 1769 3252; x_wconf 77' lang='lat' dir='ltr'><em>mulieres</em></span> <span class='ocrx_word' id='word_1_206' title='bbox 1792 3195 2017 3251; x_wconf 75' lang='lat' dir='ltr'><em>nobiles</em></span> <span class='ocrx_word' id='word_1_207' title='bbox 2051 3211 2167 3250; x_wconf 75' lang='lat' dir='ltr'><em>non</em></span> <span class='ocrx_word' id='word_1_208' title='bbox 2196 3211 2424 3266; x_wconf 82' lang='lat' dir='ltr'><em>paucae</em></span> <span class='ocrx_word' id='word_1_209' title='bbox 2448 3217 2474 3247; x_wconf 83' lang='grc'>»</span> <span class='ocrx_word' id='word_1_210' title='bbox 2520 3199 2665 3262; x_wconf 81' lang='lat' dir='ltr'><em>(Act.</em></span> 
     </span>
     <span class='ocr_line' id='line_1_24' title="bbox 170 3282 2663 3358; baseline -0.001 -20"><span class='ocrx_word' id='word_1_211' title='bbox 170 3288 268 3348; x_wconf 85' lang='grc'>17,1</span> <span class='ocrx_word' id='word_1_212' title='bbox 295 3286 472 3358; x_wconf 88' lang='lat' dir='ltr'><em>sqq.);</em></span> <span class='ocrx_word' id='word_1_213' title='bbox 505 3285 804 3342; x_wconf 84' lang='lat' dir='ltr'><em>maximam</em></span> <span class='ocrx_word' id='word_1_214' title='bbox 826 3283 992 3357; x_wconf 85' lang='lat' dir='ltr'><em>igitur</em></span> <span class='ocrx_word' id='word_1_215' title='bbox 1017 3293 1232 3356; x_wconf 88' lang='lat' dir='ltr'><em>partem</em></span> <span class='ocrx_word' id='word_1_216' title='bbox 1260 3283 1492 3339; x_wconf 84' lang='lat' dir='ltr'><em>ethnicis</em></span> <span class='ocrx_word' id='word_1_217' title='bbox 1520 3283 1801 3338; x_wconf 89' lang='lat' dir='ltr'><em>conversis</em></span> <span class='ocrx_word' id='word_1_218' title='bbox 1830 3282 2120 3339; x_wconf 78' lang='lat' dir='ltr'><em>constabat</em></span> <span class='ocrx_word' id='word_1_219' title='bbox 2144 3298 2288 3338; x_wconf 89' lang='lat' dir='ltr'><em>nova</em></span> <span class='ocrx_word' id='word_1_220' title='bbox 2318 3283 2547 3339; x_wconf 89' lang='lat' dir='ltr'><em>ecclesia</em></span> <span class='ocrx_word' id='word_1_221' title='bbox 2570 3282 2663 3351; x_wconf 79' lang='lat' dir='ltr'><em>(cfr</em></span> 
     </span>
     <span class='ocr_line' id='line_1_25' title="bbox 170 3368 2669 3444; baseline 0.002 -22"><span class='ocrx_word' id='word_1_222' title='bbox 170 3375 188 3422; x_wconf 90' lang='lat'><em>1</em></span> <span class='ocrx_word' id='word_1_223' title='bbox 215 3373 392 3428; x_wconf 74' lang='lat' dir='ltr'><em>Thess.</em></span> <span class='ocrx_word' id='word_1_224' title='bbox 413 3378 546 3441; x_wconf 85' lang='lat'><em>1,9).</em></span> <span class='ocrx_word' id='word_1_225' title='bbox 567 3373 719 3428; x_wconf 86' lang='lat' dir='ltr'><em>Felix</em></span> <span class='ocrx_word' id='word_1_226' title='bbox 738 3371 1014 3444; x_wconf 80' lang='lat' dir='ltr'><em>Evangelii</em></span> <span class='ocrx_word' id='word_1_227' title='bbox 1030 3385 1352 3444; x_wconf 84' lang='lat' dir='ltr'><em>progressus</em></span> <span class='ocrx_word' id='word_1_228' title='bbox 1364 3369 1631 3426; x_wconf 86' lang='lat' dir='ltr'><em>invidiam</em></span> <span class='ocrx_word' id='word_1_229' title='bbox 1651 3368 1911 3426; x_wconf 86' lang='lat' dir='ltr'><em>excitavit</em></span> <span class='ocrx_word' id='word_1_230' title='bbox 1926 3368 2279 3437; x_wconf 87' lang='lat' dir='ltr'><em>Iudaeorum,</em></span> <span class='ocrx_word' id='word_1_231' title='bbox 2297 3370 2391 3442; x_wconf 86' lang='lat' dir='ltr'><em>qui</em></span> <span class='ocrx_word' id='word_1_232' title='bbox 2406 3369 2669 3426; x_wconf 87' lang='lat' dir='ltr'><em>seditione</em></span> 
     </span>
     <span class='ocr_line' id='line_1_26' title="bbox 168 3457 2669 3532; baseline 0.001 -22"><span class='ocrx_word' id='word_1_233' title='bbox 168 3467 294 3514; x_wconf 89' lang='lat' dir='ltr'><em>mota</em></span> <span class='ocrx_word' id='word_1_234' title='bbox 318 3461 558 3517; x_wconf 88' lang='lat' dir='ltr'><em>Paulum</em></span> <span class='ocrx_word' id='word_1_235' title='bbox 598 3468 925 3532; x_wconf 80' lang='lat' dir='ltr'><em>coegerunt,</em></span> <span class='ocrx_word' id='word_1_236' title='bbox 958 3468 1020 3515; x_wconf 88' lang='lat' dir='ltr'><em>ut</em></span> <span class='ocrx_word' id='word_1_237' title='bbox 1047 3474 1176 3515; x_wconf 90' lang='lat' dir='ltr'><em>cum</em></span> <span class='ocrx_word' id='word_1_238' title='bbox 1217 3457 1364 3514; x_wconf 91' lang='lat' dir='ltr'><em>socio</em></span> <span class='ocrx_word' id='word_1_239' title='bbox 1405 3461 1675 3514; x_wconf 88' lang='lat' dir='ltr'><em>Beroeam</em></span> <span class='ocrx_word' id='word_1_240' title='bbox 1711 3473 1831 3512; x_wconf 85' lang='lat' dir='ltr'><em>sese</em></span> <span class='ocrx_word' id='word_1_241' title='bbox 1872 3457 2168 3528; x_wconf 89' lang='lat' dir='ltr'><em>reciperet,</em></span> <span class='ocrx_word' id='word_1_242' title='bbox 2200 3457 2371 3512; x_wconf 90' lang='lat' dir='ltr'><em>immo</em></span> <span class='ocrx_word' id='word_1_243' title='bbox 2408 3461 2669 3514; x_wconf 88' lang='lat' dir='ltr'><em>Beroeam</em></span> 
     </span>
     <span class='ocr_line' id='line_1_27' title="bbox 169 3543 2669 3616; baseline 0.002 -20"><span class='ocrx_word' id='word_1_244' title='bbox 169 3559 276 3600; x_wconf 86' lang='lat' dir='ltr'><em>eum</em></span> <span class='ocrx_word' id='word_1_245' title='bbox 299 3549 466 3604; x_wconf 83' lang='lat' dir='ltr'><em>secuti</em></span> <span class='ocrx_word' id='word_1_246' title='bbox 491 3564 558 3603; x_wconf 85' lang='lat' dir='ltr'><em>ex</em></span> <span class='ocrx_word' id='word_1_247' title='bbox 582 3545 910 3604; x_wconf 86' lang='lat' dir='ltr'><em>Macedonia</em></span> <span class='ocrx_word' id='word_1_248' title='bbox 935 3547 1212 3602; x_wconf 88' lang='lat' dir='ltr'><em>eiecerunt</em></span> <span class='ocrx_word' id='word_1_249' title='bbox 1238 3547 1386 3614; x_wconf 80' lang='lat' dir='ltr'><em>(Act.</em></span> <span class='ocrx_word' id='word_1_250' title='bbox 1423 3546 1682 3615; x_wconf 81' lang='lat'><em>17,5-14).</em></span> <span class='ocrx_word' id='word_1_251' title='bbox 1710 3544 1960 3600; x_wconf 85' lang='lat' dir='ltr'><em>Athenas</em></span> <span class='ocrx_word' id='word_1_252' title='bbox 1982 3545 2154 3616; x_wconf 85' lang='lat' dir='ltr'><em>igitur</em></span> <span class='ocrx_word' id='word_1_253' title='bbox 2176 3543 2459 3616; x_wconf 79' lang='lat' dir='ltr'><em>profectus</em></span> <span class='ocrx_word' id='word_1_254' title='bbox 2484 3545 2669 3600; x_wconf 90' lang='lat' dir='ltr'><em>Timo-</em></span> 
     </span>
     <span class='ocr_line' id='line_1_28' title="bbox 167 3623 2667 3701; baseline 0.001 -18"><span class='ocrx_word' id='word_1_255' title='bbox 167 3629 336 3688; x_wconf 84' lang='lat' dir='ltr'><em>theum</em></span> <span class='ocrx_word' id='word_1_256' title='bbox 363 3643 419 3691; x_wconf 91' lang='lat' dir='ltr'><em>et</em></span> <span class='ocrx_word' id='word_1_257' title='bbox 445 3634 734 3692; x_wconf 83' lang='lat' dir='ltr'><em>Silvanum</em></span> <span class='ocrx_word' id='word_1_258' title='bbox 761 3635 818 3689; x_wconf 91' lang='lat' dir='ltr'><em>in</em></span> <span class='ocrx_word' id='word_1_259' title='bbox 846 3632 1168 3690; x_wconf 88' lang='lat' dir='ltr'><em>Macedonia</em></span> <span class='ocrx_word' id='word_1_260' title='bbox 1192 3630 1414 3698; x_wconf 84' lang='lat' dir='ltr'><em>relictos</em></span> <span class='ocrx_word' id='word_1_261' title='bbox 1441 3631 1513 3688; x_wconf 90' lang='lat' dir='ltr'><em>ad</em></span> <span class='ocrx_word' id='word_1_262' title='bbox 1536 3647 1596 3687; x_wconf 91' lang='lat' dir='ltr'><em>se</em></span> <span class='ocrx_word' id='word_1_263' title='bbox 1621 3631 1931 3701; x_wconf 89' lang='lat' dir='ltr'><em>arcessivit,</em></span> <span class='ocrx_word' id='word_1_264' title='bbox 1948 3623 2319 3688; x_wconf 71' lang='lat' dir='ltr'><em>&#39;advenientes</em></span> <span class='ocrx_word' id='word_1_265' title='bbox 2347 3641 2533 3687; x_wconf 90' lang='lat' dir='ltr'><em>autem</em></span> <span class='ocrx_word' id='word_1_266' title='bbox 2558 3641 2667 3686; x_wconf 88' lang='lat' dir='ltr'><em>sta-</em></span> 
     </span>
     <span class='ocr_line' id='line_1_29' title="bbox 167 3717 2669 3791; baseline -0.001 -17"><span class='ocrx_word' id='word_1_267' title='bbox 167 3717 252 3774; x_wconf 81' lang='lat' dir='ltr'><em>tim</em></span> <span class='ocrx_word' id='word_1_268' title='bbox 276 3724 476 3778; x_wconf 89' lang='lat' dir='ltr'><em>reverti</em></span> <span class='ocrx_word' id='word_1_269' title='bbox 497 3722 683 3789; x_wconf 84' lang='lat' dir='ltr'><em>iussit,</em></span> <span class='ocrx_word' id='word_1_270' title='bbox 710 3730 775 3777; x_wconf 88' lang='lat' dir='ltr'><em>ut</em></span> <span class='ocrx_word' id='word_1_271' title='bbox 800 3721 1156 3788; x_wconf 83' lang='lat' dir='ltr'><em>Timotheus,</em></span> <span class='ocrx_word' id='word_1_272' title='bbox 1182 3720 1274 3791; x_wconf 90' lang='lat' dir='ltr'><em>qui</em></span> <span class='ocrx_word' id='word_1_273' title='bbox 1301 3719 1520 3775; x_wconf 87' lang='lat' dir='ltr'><em>Iudaeis</em></span> <span class='ocrx_word' id='word_1_274' title='bbox 1544 3717 2105 3775; x_wconf 79' lang='lat' dir='ltr'><em>thessalonicensibus</em></span> <span class='ocrx_word' id='word_1_275' title='bbox 2120 3735 2237 3774; x_wconf 90' lang='lat' dir='ltr'><em>non</em></span> <span class='ocrx_word' id='word_1_276' title='bbox 2254 3727 2373 3773; x_wconf 86' lang='lat' dir='ltr'><em>erat</em></span> <span class='ocrx_word' id='word_1_277' title='bbox 2399 3717 2669 3788; x_wconf 82' lang='lat' dir='ltr'><em>cognitus,</em></span> 
     </span>
     <span class='ocr_line' id='line_1_30' title="bbox 170 3803 2670 3875; baseline -0.001 -17"><span class='ocrx_word' id='word_1_278' title='bbox 170 3803 338 3864; x_wconf 82' lang='lat' dir='ltr'><em>fideles</em></span> <span class='ocrx_word' id='word_1_279' title='bbox 360 3808 854 3866; x_wconf 87' lang='lat' dir='ltr'><em>thessalonicenses</em></span> <span class='ocrx_word' id='word_1_280' title='bbox 877 3808 1126 3863; x_wconf 87' lang='lat' dir='ltr'><em>visitaret</em></span> <span class='ocrx_word' id='word_1_281' title='bbox 1150 3807 1280 3862; x_wconf 87' lang='lat' dir='ltr'><em>etin</em></span> <span class='ocrx_word' id='word_1_282' title='bbox 1307 3805 1754 3862; x_wconf 87' lang='lat' dir='ltr'><em>tribulationibus</em></span> <span class='ocrx_word' id='word_1_283' title='bbox 1772 3807 2180 3874; x_wconf 79' lang='lat' dir='ltr'><em>consolaretur3</em></span> <span class='ocrx_word' id='word_1_284' title='bbox 2204 3813 2327 3875; x_wconf 89' lang='lat' dir='ltr'><em>post</em></span> <span class='ocrx_word' id='word_1_285' title='bbox 2352 3803 2506 3860; x_wconf 90' lang='lat' dir='ltr'><em>Pauli</em></span> <span class='ocrx_word' id='word_1_286' title='bbox 2526 3804 2670 3858; x_wconf 90' lang='lat' dir='ltr'><em>enim</em></span> 
     </span>
     <span class='ocr_line' id='line_1_31' title="bbox 171 3889 2672 3968; baseline -0.001 -22"><span class='ocrx_word' id='word_1_287' title='bbox 171 3891 442 3952; x_wconf 86' lang='lat' dir='ltr'><em>discessum</em></span> <span class='ocrx_word' id='word_1_288' title='bbox 471 3897 778 3968; x_wconf 87' lang='lat' dir='ltr'><em>persecutio</em></span> <span class='ocrx_word' id='word_1_289' title='bbox 815 3912 929 3952; x_wconf 91' lang='lat' dir='ltr'><em>non</em></span> <span class='ocrx_word' id='word_1_290' title='bbox 971 3903 1306 3960; x_wconf 88' lang='lat' dir='ltr'><em>cessaverat,</em></span> <span class='ocrx_word' id='word_1_291' title='bbox 1341 3902 1510 3965; x_wconf 88' lang='lat' dir='ltr'><em>atque</em></span> <span class='ocrx_word' id='word_1_292' title='bbox 1547 3892 1860 3949; x_wconf 88' lang='lat' dir='ltr'><em>timendum</em></span> <span class='ocrx_word' id='word_1_293' title='bbox 1889 3901 2035 3959; x_wconf 86' lang='lat' dir='ltr'><em>erat,</em></span> <span class='ocrx_word' id='word_1_294' title='bbox 2068 3909 2140 3947; x_wconf 89' lang='lat' dir='ltr'><em>ne</em></span> <span class='ocrx_word' id='word_1_295' title='bbox 2174 3890 2438 3963; x_wconf 83' lang='lat' dir='ltr'><em>neophyti</em></span> <span class='ocrx_word' id='word_1_296' title='bbox 2476 3889 2534 3944; x_wconf 89' lang='lat' dir='ltr'><em>in</em></span> <span class='ocrx_word' id='word_1_297' title='bbox 2564 3889 2672 3945; x_wconf 82' lang='lat' dir='ltr'><em>fide</em></span> 
     </span>
     <span class='ocr_line' id='line_1_32' title="bbox 169 3979 2496 4054; baseline -0 -20"><span class='ocrx_word' id='word_1_298' title='bbox 169 3981 394 4039; x_wconf 82' lang='lat' dir='ltr'><em>nondum</em></span> <span class='ocrx_word' id='word_1_299' title='bbox 415 3985 729 4040; x_wconf 86' lang='lat' dir='ltr'><em>confirmati</em></span> <span class='ocrx_word' id='word_1_300' title='bbox 755 3982 1203 4054; x_wconf 81' lang='lat' dir='ltr'><em>tribulationibus</em></span> <span class='ocrx_word' id='word_1_301' title='bbox 1231 3982 1584 4037; x_wconf 89' lang='lat' dir='ltr'><em>vincerentur</em></span> <span class='ocrx_word' id='word_1_302' title='bbox 1614 3981 1717 4048; x_wconf 80' lang='lat' dir='ltr'><em>(cfr</em></span> <span class='ocrx_word' id='word_1_303' title='bbox 1745 3987 1769 4036; x_wconf 83' lang='lat'>1</span> <span class='ocrx_word' id='word_1_304' title='bbox 1803 3980 1997 4036; x_wconf 75' lang='lat' dir='ltr'><em>Thess.</em></span> <span class='ocrx_word' id='word_1_305' title='bbox 2022 3984 2180 4047; x_wconf 57' lang='lat'><em>2143</em></span> <span class='ocrx_word' id='word_1_306' title='bbox 2213 3983 2299 4048; x_wconf 79' lang='lat'><em>3,1</em></span> <span class='ocrx_word' id='word_1_307' title='bbox 2328 3979 2496 4048; x_wconf 88' lang='lat' dir='ltr'><em>sqq.).</em></span> 
     </span>
    </p>
   </div>
   <div class='ocr_carea' id='block_1_8' title="bbox 173 4143 2677 4713">
    <p class='ocr_par' dir='ltr' id='par_1_8' title="bbox 173 4143 2677 4713">
     <span class='ocr_line' id='line_1_33' title="bbox 237 4143 2673 4212; baseline -0.003 -4"><span class='ocrx_word' id='word_1_308' title='bbox 237 4151 291 4208; x_wconf 77' lang='lat'><em>2.</em></span> <span class='ocrx_word' id='word_1_309' title='bbox 327 4185 404 4194; x_wconf 91' lang='lat'>—</span> <span class='ocrx_word' id='word_1_310' title='bbox 435 4152 509 4212; x_wconf 85' lang='lat' dir='ltr'><em>ll.</em></span> <span class='ocrx_word' id='word_1_311' title='bbox 547 4153 793 4212; x_wconf 75' lang='lat' dir='ltr'><em>Pmoms</em></span> <span class='ocrx_word' id='word_1_312' title='bbox 822 4165 1150 4211; x_wconf 68' lang='lat' dir='ltr'><em>Emsrome</em></span> <span class='ocrx_word' id='word_1_313' title='bbox 1193 4164 1438 4210; x_wconf 71' lang='lat' dir='ltr'><em>occAs1o</em></span> <span class='ocrx_word' id='word_1_314' title='bbox 1481 4163 1561 4208; x_wconf 72' lang='lat' dir='ltr'><em>nr</em></span> <span class='ocrx_word' id='word_1_315' title='bbox 1605 4164 1779 4208; x_wconf 70' lang='lat' dir='ltr'><em>rmus,</em></span> <span class='ocrx_word' id='word_1_316' title='bbox 1826 4181 1901 4188; x_wconf 91' lang='lat'><em>——</em></span> <span class='ocrx_word' id='word_1_317' title='bbox 1934 4147 2177 4204; x_wconf 85' lang='lat' dir='ltr'><em>Interea</em></span> <span class='ocrx_word' id='word_1_318' title='bbox 2214 4144 2442 4204; x_wconf 87' lang='lat' dir='ltr'><em>Paulus</em></span> <span class='ocrx_word' id='word_1_319' title='bbox 2462 4143 2673 4202; x_wconf 89' lang='lat' dir='ltr'><em>Corin-</em></span> 
     </span>
     <span class='ocr_line' id='line_1_34' title="bbox 174 4239 2677 4324; baseline -0.002 -25"><span class='ocrx_word' id='word_1_320' title='bbox 174 4241 250 4302; x_wconf 83' lang='lat' dir='ltr'><em>thi</em></span> <span class='ocrx_word' id='word_1_321' title='bbox 281 4248 487 4307; x_wconf 87' lang='lat' dir='ltr'><em>sedem</em></span> <span class='ocrx_word' id='word_1_322' title='bbox 522 4265 698 4309; x_wconf 85' lang='lat' dir='ltr'><em>suam</em></span> <span class='ocrx_word' id='word_1_323' title='bbox 732 4249 950 4307; x_wconf 85' lang='lat' dir='ltr'><em>fixerat</em></span> <span class='ocrx_word' id='word_1_324' title='bbox 979 4245 1194 4324; x_wconf 88' lang='lat' dir='ltr'><em>ibique</em></span> <span class='ocrx_word' id='word_1_325' title='bbox 1227 4263 1264 4306; x_wconf 81' lang='lat' dir='ltr'><em>a</em></span> <span class='ocrx_word' id='word_1_326' title='bbox 1291 4244 1620 4305; x_wconf 87' lang='lat' dir='ltr'><em>Timotheo</em></span> <span class='ocrx_word' id='word_1_327' title='bbox 1670 4243 1749 4304; x_wconf 91' lang='lat' dir='ltr'><em>de</em></span> <span class='ocrx_word' id='word_1_328' title='bbox 1788 4240 2093 4302; x_wconf 87' lang='lat' dir='ltr'><em>ecclesiae</em></span> <span class='ocrx_word' id='word_1_329' title='bbox 2132 4239 2677 4299; x_wconf 79' lang='lat' dir='ltr'><em>thessalonicensis</em></span> 
     </span>
     <span class='ocr_line' id='line_1_35' title="bbox 173 4333 2675 4418; baseline -0.002 -21"><span class='ocrx_word' id='word_1_330' title='bbox 173 4342 310 4400; x_wconf 83' lang='lat' dir='ltr'><em>statu</em></span> <span class='ocrx_word' id='word_1_331' title='bbox 347 4345 570 4404; x_wconf 88' lang='lat' dir='ltr'><em>certior</em></span> <span class='ocrx_word' id='word_1_332' title='bbox 607 4343 810 4403; x_wconf 82' lang='lat' dir='ltr'><em>factus</em></span> <span class='ocrx_word' id='word_1_333' title='bbox 859 4343 1106 4402; x_wconf 90' lang='lat' dir='ltr'><em>nuntiis</em></span> <span class='ocrx_word' id='word_1_334' title='bbox 1152 4341 1354 4402; x_wconf 83' lang='lat' dir='ltr'><em>allatis</em></span> <span class='ocrx_word' id='word_1_335' title='bbox 1392 4343 1719 4418; x_wconf 89' lang='lat' dir='ltr'><em>permotus</em></span> <span class='ocrx_word' id='word_1_336' title='bbox 1750 4341 1882 4408; x_wconf 87' lang='lat' dir='ltr'><em>est,</em></span> <span class='ocrx_word' id='word_1_337' title='bbox 1921 4339 1991 4397; x_wconf 91' lang='lat' dir='ltr'><em>ut</em></span> <span class='ocrx_word' id='word_1_338' title='bbox 2025 4335 2297 4413; x_wconf 87' lang='lat' dir='ltr'><em>primam</em></span> <span class='ocrx_word' id='word_1_339' title='bbox 2334 4351 2506 4394; x_wconf 87' lang='lat' dir='ltr'><em>suam</em></span> <span class='ocrx_word' id='word_1_340' title='bbox 2546 4333 2675 4412; x_wconf 91' lang='lat' dir='ltr'><em>epi-</em></span> 
     </span>
     <span class='ocr_line' id='line_1_36' title="bbox 179 4429 2675 4516; baseline -0.001 -25"><span class='ocrx_word' id='word_1_341' title='bbox 179 4436 374 4498; x_wconf 80' lang='lat' dir='ltr'><em>stolam</em></span> <span class='ocrx_word' id='word_1_342' title='bbox 414 4439 748 4509; x_wconf 88' lang='lat' dir='ltr'><em>scriberet,</em></span> <span class='ocrx_word' id='word_1_343' title='bbox 789 4456 914 4516; x_wconf 89' lang='lat' dir='ltr'><em>qua</em></span> <span class='ocrx_word' id='word_1_344' title='bbox 947 4437 1298 4516; x_wconf 86' lang='lat' dir='ltr'><em>neophytos</em></span> <span class='ocrx_word' id='word_1_345' title='bbox 1342 4436 1406 4495; x_wconf 90' lang='lat' dir='ltr'><em>in</em></span> <span class='ocrx_word' id='word_1_346' title='bbox 1442 4437 1567 4496; x_wconf 88' lang='lat' dir='ltr'><em>fide</em></span> <span class='ocrx_word' id='word_1_347' title='bbox 1599 4435 2027 4504; x_wconf 85' lang='lat' dir='ltr'><em>confirmaret,</em></span> <span class='ocrx_word' id='word_1_348' title='bbox 2062 4449 2099 4491; x_wconf 86' lang='lat' dir='ltr'><em>a</em></span> <span class='ocrx_word' id='word_1_349' title='bbox 2126 4430 2443 4491; x_wconf 86' lang='lat' dir='ltr'><em>nonnullis</em></span> <span class='ocrx_word' id='word_1_350' title='bbox 2479 4429 2675 4489; x_wconf 89' lang='lat' dir='ltr'><em>ethni-</em></span> 
     </span>
     <span class='ocr_line' id='line_1_37' title="bbox 179 4526 2674 4610; baseline -0.001 -21"><span class='ocrx_word' id='word_1_351' title='bbox 179 4545 369 4593; x_wconf 85' lang='lat' dir='ltr'><em>corum</em></span> <span class='ocrx_word' id='word_1_352' title='bbox 417 4537 590 4596; x_wconf 80' lang='lat' dir='ltr'><em>vitiis</em></span> <span class='ocrx_word' id='word_1_353' title='bbox 646 4539 1005 4605; x_wconf 84' lang='lat' dir='ltr'><em>revocaret,</em></span> <span class='ocrx_word' id='word_1_354' title='bbox 1039 4537 1482 4610; x_wconf 89' lang='lat' dir='ltr'><em>moneretque,</em></span> <span class='ocrx_word' id='word_1_355' title='bbox 1531 4547 1611 4590; x_wconf 90' lang='lat' dir='ltr'><em>ne</em></span> <span class='ocrx_word' id='word_1_356' title='bbox 1661 4529 1943 4590; x_wconf 89' lang='lat' dir='ltr'><em>erroneis</em></span> <span class='ocrx_word' id='word_1_357' title='bbox 2001 4528 2078 4588; x_wconf 90' lang='lat' dir='ltr'><em>de</em></span> <span class='ocrx_word' id='word_1_358' title='bbox 2136 4527 2362 4588; x_wconf 90' lang='lat' dir='ltr'><em>Christi</em></span> <span class='ocrx_word' id='word_1_359' title='bbox 2412 4526 2674 4587; x_wconf 84' lang='lat' dir='ltr'><em>adventu</em></span> 
     </span>
     <span class='ocr_line' id='line_1_38' title="bbox 183 4632 1044 4713; baseline 0.007 -29"><span class='ocrx_word' id='word_1_360' title='bbox 183 4632 477 4692; x_wconf 84' lang='lat' dir='ltr'><em>sententiis</em></span> <span class='ocrx_word' id='word_1_361' title='bbox 509 4632 1044 4713; x_wconf 82' lang='lat' dir='ltr'><em>perturbarentur.</em></span> 
     </span>
    </p>
   </div>
  </div>
 </body>
</html>
