3050 5184
345 323 457 381 {86
561 339 638 382 DE
681 340 820 383 vm·-
868 340 1123 385 TESTAM.
1169 340 1364 385 Limus
1410 340 1757 386 nlsromcls,
1805 359 1883 369 —
1924 340 2051 384 cAP.
2095 342 2139 384 1.
2186 340 2261 385 DE
2305 337 2759 383 PENTATEtlcuo.

413 473 732 525 Arrnumx
759 484 1090 527 ms‘roiucA
1121 472 1482 543 (31,1-34,12)
1513 472 1738 528 exbibet
1762 476 1848 540 a.)
1876 471 2251 527 narrationem
2279 468 2347 525 de
2376 472 2570 525 losuae
2610 466 2878 523 electione

625 566 679 611 et
693 557 762 613 de
789 558 934 631 Lege
973 574 1068 629 per
1104 562 1332 630 Moysen
1362 560 1416 614 in
1451 558 1831 615 testimonium
1866 569 2057 615 contra
2098 559 2267 615 Israel
2307 556 2549 629 deposita
2580 560 2839 623 (aut-30,
2864 596 2877 607 .

627 644 702 712 b.)
733 646 990 721 ultimum
1033 647 1236 719 Moysis
1277 646 1583 717 canticum,
1614 664 1726 719 quo
1762 647 2039 703 beneficiis
2074 646 2273 702 divinis
2314 645 2610 716 opponitur
2648 642 2883 713 ingrati-

624 730 760 788 tudo
807 734 992 804 populi
1037 736 1338 806 (32‚1-52),
1370 740 1442 803 c.)
1481 734 1919 793 benedictionem
1954 733 2249 791 duodecim
2283 732 2529 789 tribuum
2570 734 2829 799 (33,1-29
2870 771 2881 783 .

625 820 710 888 d.)
739 822 1114 877 narrationem
1142 822 1211 877 de
1237 824 1445 896 Moysis
1467 832 1651 879 morte
1675 831 1731 879 et
1758 823 2039 895 sepultura
2064 822 2355 894 (ΜΛ-12).

695 1024 734 1111 ἓ
763 1030 826 1089 2.
869 1063 956 1072 —
1003 1025 1239 1093 Variae
1269 1026 1632 1093 sentcntiae
1670 1026 1751 1092 de
1783 1026 2223 1093 Pentateuchi
2246 1024 2519 1113 oriqz'ne.

423 1234 482 1290 1.
513 1266 593 1276 —
621 1234 1112 1297 pentateuchum
1151 1236 1500 1313 integrum,
1536 1236 1782 1297 ultimis
1820 1236 2101 1314 exceptis
2138 1234 2615 1296 Deuteronomii
2658 1231 2888 1309 capiti-

345 1329 463 1389 bus
501 1330 950 1409 nonnullisque
987 1333 1210 1410 glossis
1247 1335 1450 1393 textui
1492 1351 1667 1393 sacro
1710 1334 1868 1393 sorte
1908 1332 2191 1405 insertiS,
2225 1330 2423 1409 Moysi
2460 1328 2701 1391 auctori
2744 1345 2889 1387 esse

341 1425 844 1501 attribuendum,
893 1446 1092 1505 usque
1145 1430 1224 1489 ad
1269 1447 1430 1490 saec.
1479 1432 1577 1490 18.
1625 1430 1816 1488 finem
1864 1428 2174 1489 unanimis
2218 1431 2354 1488 erat
2394 1426 2783 1487 Iudaeorum
2826 1427 2889 1483 et

346 1520 838 1584 Christianorum
885 1526 1241 1603 persuasio,
1275 1530 1466 1603 atque
1511 1527 1576 1585 in
1616 1528 1747 1585 tota
1783 1530 1951 1585 retro
1980 1525 2347 1601 antiquitate
2382 1522 2753 1601 paucissimi
2786 1520 2887 1580 in-

343 1619 706 1692 veniuntur,
743 1619 854 1697 qui
885 1620 963 1680 de
991 1621 1107 1681 hac
1136 1624 1445 1682 sententia
1475 1622 1920 1683 dubitaverint.

411 1740 640 1795 Omissis
667 1742 906 1813 antiquis
933 1744 1213 1799 nonnullis
1241 1742 1534 1799 haereticis
1572 1746 1955 1812 (Nazaraeis,
1986 1743 2357 1799 Manichaei}
2403 1740 2565 1811 etc.),
2606 1740 2703 1811 qui
2744 1738 2887 1793 divi·

342 1842 468 1883 nam
498 1829 678 1898 potius
707 1832 906 1901 Leyis,
937 1844 1104 1902 quam
1131 1832 1428 1887 mosaicam
1457 1832 1835 1887 pentateuchi
1864 1832 2136 1897 originem
2166 1830 2469 1903 negabant,
2504 1836 2725 1899 praeter
2758 1828 2887 1883 Cel-

341 1932 496 1982 sum,
539 1931 702 1985 quem
747 1918 1063 1989 complures
1103 1918 1464 1975 pentateuchi
1506 1928 1762 1975 auctores
1802 1918 2087 1975 admisisse
2128 1919 2435 1989 suspicatur
2477 1916 2762 1987 Oriyenes
2814 1920 2883 1981 (c.

339 2003 478 2058 Cels
513 2005 610 2058 IV.
645 2008 765 2071 42),
807 2013 862 2060 et
890 2010 981 2059 Ps.
1021 2004 1516 2063 Clementinarum
1545 2016 1855 2075 auctorem,
1896 2006 1988 2077 qui
2025 2008 2231 2078 Legem
2260 2021 2361 2073 per
2396 2006 2627 2076 Moysen
2656 2002 2886 2074 quidem

341 2090 528 2145 datam
555 2090 652 2149 sed
681 2101 804 2163 post
832 2094 947 2147 eius
974 2101 1212 2149 mortem
1240 2096 1505 2166 scriptam
1534 2094 1670 2149 dixit
1699 2097 1885 2161 (Hom.
1918 2098 2094 2162 3,⁴7),
2126 2109 2291 2149 nemo
2324 2094 2382 2147 in
2406 2100 2523 2147 tota
2546 2090 2887 2161 antiquitate

340 2178 515 2249 Moysi
556 2178 728 2233 libros
765 2188 986 2235 nostros
1029 2180 1380 2238 abiudicavit.
1425 2184 1619 2253 Neque
1668 2182 1998 2238 adversariis
2048 2182 2269 2253 proprie
2322 2179 2483 2235 dictis
2524 2176 2887 2235 adnumerari

341 2274 570 2336 possunt
611 2267 936 2339 interpretes
977 2268 1144 2339 aliqui
1185 2268 1385 2325 iudaici
1427 2268 1641 2325 mediae
1682 2271 1874 2325 aetatis
1920 2270 2105 2336 (Aben
2141 2273 2295 2326 Esra
2338 2272 2497 2337 etc.),
2536 2282 2721 2337 neque
2766 2267 2885 2337 ipse

340 2354 743 2409 Carlostadius
773 2356 991 2411 saeculo
1018 2362 1128 2424 16.;
1153 2356 1356 2428 quippe
1377 2358 1473 2429 qui
1496 2358 1685 2413 cuncti
1703 2357 1773 2413 de
1798 2357 1990 2430 glossis
2012 2358 2300 2413 dumtaxat
2327 2364 2423 2411 aut
2448 2354 2712 2411 brevibus
2742 2354 2887 2426 peri-

339 2441 491 2512 copis
528 2457 560 2497 a
597 2442 812 2497 iuniore
853 2458 1020 2498 manu
1063 2442 1264 2499 additis
1305 2444 1622 2516 loquantur.
1664 2446 1838 2502 Simili
1865 2445 2011 2500 enim
2048 2442 2216 2501 modo
2253 2442 2515 2499 catholici
2549 2443 2889 2513 interpretes

339 2544 482 2584 saec.
531 2534 615 2585 16.
648 2538 703 2583 et
735 2537 818 2585 17.
861 2530 1012 2585 haud
1041 2533 1202 2602 pauci
1239 2548 1366 2587 cum
1401 2536 1594 2589 Masio
1638 2532 1976 2599 docuerunt,
2002 2532 2166 2605 longe
2193 2540 2316 2603 post
2356 2532 2589 2603 Moysen
2626 2538 2888 2601 tempore

343 2617 778 2672 pentateuchum
805 2618 1108 2674 interiectis
1131 2617 1222 2674 hic
1259 2619 1370 2675 illic
1401 2620 1697 2675 verborum
1726 2630 1782 2676 ct
1810 2621 2206 2676 sententiarum
2234 2620 2495 2675 clausulis
2522 2618 2755 2674 omnino
2788 2635 2886 2675 ex-

343 2704 594 2774 plicatius
624 2721 743 2760 esse
773 2705 1067 2761 redditum.
1101 2708 1345 2779 Longius
1380 2716 1567 2763 autem
1596 2723 1741 2763 saec.
1778 2714 1862 2763 17.
1893 2723 1926 2762 a
1952 2707 2197 2763 veritatis
2222 2707 2447 2763 tramite
2474 2705 2723 2761 aben-ari
2753 2724 2885 2763 coe-

343 2801 499 2862 ptum
532 2802 614 2847 est
643 2814 655 2847 :
693 2792 946 2848 Thomas
975 2795 1200 2850 Hobbes
1229 2794 1558 2861 (Leviathan
1592 2800 1771 2863 1653.)
1802 2795 1983 2850 solum
2016 2816 2041 2845 α
2072 2795 2273 2851 librum
2296 2795 2456 2867 Legis
2488 2814 2513 2844 ι)
2544 2794 2583 2849 i.
2614 2810 2664 2849 e.
2708 2797 2882 2851 Dent.

345 2886 544 2935 11.-27.
567 2880 742 2953 Moysi
762 2882 1015 2953 scriptori
1035 2882 1306 2951 attribuit,
1329 2886 1503 2939 Isaac
1532 2884 1840 2953 Peyrerius
1869 2882 2400 2949 (praeadamitarum
2428 2890 2668 2955 systema
2700 2888 2882 2949 1655.)

341 2968 778 3024 pentateuchum
816 2986 882 3024 ex
913 2970 1161 3043 genuinis
1189 2970 1442 3026 mosaicis
1471 2970 1625 3026 libris
1656 2980 1975 3041 excerptum
2014 2969 2177 3038 dixit,
2209 2975 2341 3026 Ben.
2372 2970 2635 3039 Spinoza
2672 2971 2883 3035 (Ti-act.

342 3055 512 3111 theol.
546 3056 701 3126 polit.
738 3061 918 3125 1670.)
947 3064 1004 3113 et
1027 3058 1101 3113 A.
1125 3075 1244 3113 van
1273 3058 1419 3115 Date
1447 3057 1699 3125 (de'Ortu
1728 3057 2079 3113 idololatriae
2110 3062 2290 3124 1693.)
2320 3057 2647 3113 hodiernam
2678 3059 2884 3113 Penta-

341 3143 527 3197 teuchi
567 3142 808 3199 formam
848 3142 1055 3199 Esdrae
1084 3144 1513 3215 adscripserunt.
1556 3144 1767 3215 Quibus
1796 3145 2119 3201 acatholicis
2152 3160 2299 3200 unus
2336 3144 2548 3201 accedit
2574 3144 2887 3201 catholicus

343 3239 532 3284 auctor
559 3230 722 3286 Rich.
755 3231 972 3295 Simon,
1005 3233 1152 3305 leges
1181 3233 1408 3304 quidem
1435 3233 1634 3305 Moysi,
1664 3234 2009 3289 narrationes
2036 3242 2221 3289 autem
2249 3232 2444 3289 scribis
2468 3230 2707 3303 publicis
2734 3236 2887 3288 attri-

345 3318 516 3373 buens
543 3317 705 3383 (Hist.
737 3320 859 3375 crit.
892 3318 968 3375 du
995 3322 1061 3375 V.
1093 3322 1156 3375 T.
1197 3326 1398 3389 1685.).

413 3466 481 3524 9.
514 3502 592 3509 —
621 3470 900 3528 Exeunte
940 3475 1150 3530 autern
1191 3489 1355 3531 saec.
1390 3472 1486 3531 18.
1508 3518 1521 3539 ,
1558 3476 1897 3549 postquam
1936 3471 2001 3530 in
2032 3469 2259 3531 scholis
2288 3468 2762 3547 protestanticis
2796 3488 2889 3531 ra-

345 3562 742 3623 tionalismus
772 3565 1046 3626 biblicus
1076 3566 1539 3644 praevaluerat,
1572 3567 2204 3629 vehementissimum
2235 3566 2475 3626 bellum
2505 3571 2725 3625 contra
2754 3584 2889 3627 mo-

344 3659 576 3719 saicam
604 3662 1017 3723 pentateuchi
1050 3664 1361 3741 originem
1391 3664 1651 3735 exarsit,
1676 3669 1861 3740 atque
1892 3682 1969 3723 eo
1992 3680 2195 3740 usque
2224 3662 2414 3722 hodie
2446 3680 2547 3721 res
2579 3678 2887 3740 pervene-

345 3760 521 3831 runt,
555 3760 624 3817 ut
661 3758 826 3818 inter
863 3761 1345 3837 protestanticos
1383 3760 1761 3838 interpretes
1802 3759 2165 3838 paucissimi
2206 3760 2362 3833 sint,
2399 3758 2511 3835 qui
2553 3760 2751 3835 Moysi
2784 3761 2883 3819 in-

343 3858 588 3931 tegrum
628 3871 786 3932 opus
816 3856 1158 3917 attribuere
1197 3856 1502 3925 audeant,
1546 3856 2053 3916 adversariorum
2094 3860 2304 3916 autem
2337 3855 2553 3932 plures
2578 3856 2709 3914 fere
2742 3864 2885 3916 sunt

347 3951 688 4009 sententiae
729 3951 1041 4026 diversae,
1086 3969 1274 4030 quam
1313 3953 1541 4030 capita.
1590 3954 1657 4011 ln
1696 3970 1771 4012 eo
1800 3956 2015 4011 tamen
2044 3970 2265 4011 ornnes
2310 3952 2438 4011 sere
2478 3952 2881 4013 conveniunt.

347 4046 516 4123 quod
558 4048 1053 4109 pentateuchum
1100 4067 1137 4108 a
1177 4049 1364 4108 variis
1411 4048 1775 4109 auctoribus
1820 4048 2241 4126 conscriptum
2292 4048 2531 4118 dicant,
2574 4052 2764 4125 atque
2806 4050 2881 4108 ad

345 4145 470 4201 tres
510 4143 734 4203 classes
787 4146 998 4204 omnia
1045 4145 1216 4205 varia
1263 4150 1602 4222 systemata
1648 4149 2047 4219 revocantur,
2101 4162 2295 4222 quum
2334 4144 2681 4203 secundum
2720 4145 2879 4204 alios

345 4239 798 4301 pentateuchus
829 4258 903 4300 ex
929 4242 1114 4302 variis
1143 4241 1531 4319 longioribus
1560 4240 1942 4311 documenti&
1972 4241 2319 4301 secundum
2350 4241 2504 4300 alios
2532 4257 2611 4299 ex
2634 4240 2879 4303 brevio-

347 4336 518 4395 ribus
543 4334 906 4413 fraqmeneis
935 4338 1266 4409 coaluerit,
1301 4338 1654 4399 secundum
1692 4337 1849 4397 alios
1888 4339 1971 4397 sit
2006 4354 2201 4399 unum
2242 4336 2499 4414 quidem
2537 4337 2881 4398 documen-

349 4436 511 4503 tum,
545 4432 654 4492 sed
685 4433 874 4511 longo
905 4437 1270 4511 temporum
1315 4434 1581 4495 decursu
1618 4450 1655 4493 a
1697 4435 1913 4495 multis
1951 4438 2235 4505 auctum,
2269 4436 2712 4507 retractatum,
2740 4450 2871 4511 sup-

347 4526 587 4603 pletum.

417 4640 572 4695 Circa
595 4640 839 4697 medium
867 4658 1011 4697 saec.
1047 4648 1130 4697 18.
1162 4646 1411 4699 Ioannes
1442 4650 1673 4709 Asu-uc,
1710 4641 1953 4699 medicus
1982 4644 2317 4715 parisiensiS,
2349 4652 2411 4698 ut
2442 4644 2745 4698 mosaicam
2772 4642 2879 4698 Ge-
