3050 5184
1091 323 1164 366 na
1205 323 1396 366 raopn
1407 323 1546 366 em
1588 324 1763 368 Auos.
2578 309 2690 368 431

163 453 308 508 duos
338 469 528 510 annos
559 456 751 512 terrae
779 459 973 510 motus
1007 475 1030 506 ι
1067 458 1202 524 1,1),
1233 453 1333 510 sed
1377 453 1601 526 quando
1629 454 1721 510 ille
1756 463 1940 513 terrae
1977 467 2163 513 motus
2196 456 2490 524 acciderit,
2529 471 2694 527 quem

159 539 318 595 etiam
343 541 538 596 Zach.
587 537 711 609 s4,5
758 550 1178 610 commemorat,
1221 542 1569 613 ignoramu33
1600 557 1772 598 unum
1808 551 1999 598 tamen
2040 561 2106 600 ex
2139 544 2346 600 ultimis
2386 543 2696 599 Ieroboami

158 628 313 682 annis
337 643 456 683 esse
485 628 906 702 intelligendum
949 638 1162 708 certum
1204 638 1306 697 est,
1342 628 1605 699 quoniam
1632 629 1926 686 Ieroboam
1950 632 2060 686 iam
2089 632 2405 688 restituerat
2426 631 2695 686 terminos

163 715 328 769 lsrael
355 714 426 770 ab
453 717 656 772 Emath
697 732 871 788 usque
911 715 983 772 ad
1018 731 1172 772 mare
1215 715 1530 772 solitudinis
1559 720 1731 785 (6,14;
1768 717 1852 772 cfr
1878 724 1912 771 4
1952 723 2083 787 Rea.
2130 722 2328 790 ι4,25).
2374 721 2589 788 Quanta
2628 734 2693 773 eo

157 810 404 872 tempore
445 804 600 874 regni
638 802 807 859 Israel
844 804 1008 859 suerit
1039 805 1256 859 interna
1293 803 1575 875 corruptio
1604 820 1670 858 ex
1700 804 1809 860 hoc
1834 803 1977 860 libro
2006 815 2252 877 apparet.
2292 806 2464 862 Vituli
2490 805 2695 876 ubique

159 885 268 943 iere
297 888 624 945 colebantur
653 891 792 959 (4‚4;
823 895 950 959 5,5;
982 897 1109 960 ⁷,13
1142 893 1300 960 etc),
1335 890 1531 946 divites
1556 891 1944 962 opprimebant
1979 900 2035 948 et
2065 891 2392 964 diripiebant
2430 907 2695 963 pauperes

157 977 266 1042 (2,ss
303 990 460 1046 sqq.;
499 982 626 1044 3,10
663 993 780 1049 sq.;
807 983 900 1045 8,4
946 993 1070 1050 sqq.
1110 980 1260 1048 etc.),
1302 979 1553 1034 luxuriae
1596 977 1881 1050 foedisque
1928 981 2300 1051 voluptatibus
2336 979 2695 1051 indulgebant

159 1066 264 1130 (2,7
289 1077 408 1134 sq.;
436 1069 548 1132 6,1.
575 1069 610 1119 4
638 1079 762 1136 sqq.
794 1065 946 1136 etc.),
977 1063 1374 1136 prophetarum
1393 1065 1605 1121 monita
1628 1065 1959 1137 respuebant
1979 1072 2154 1136 (2,12;
2183 1074 2311 1135 7‚12
2334 1073 2464 1138 sq).
2485 1066 2574 1122 Ad
2593 1066 2695 1121 bos

157 1148 322 1218 igitur
350 1149 554 1205 missus
582 1159 769 1221 pastor
797 1152 1108 1207 thecuensis
1136 1166 1364 1208 munere
1392 1167 1492 1207 suo
1515 1151 1735 1208 functus
1763 1162 1846 1208 est
1861 1169 1929 1209 eo
1958 1155 2077 1225 ipso
2100 1155 2157 1210 in
2184 1155 2308 1210 loco
2325 1199 2338 1222 ,
2360 1155 2417 1209 in
2438 1171 2548 1226 quo
2572 1163 2695 1225 post

157 1237 308 1308 regni
337 1237 658 1293 scissionem
686 1237 978 1294 Ieroboam
1007 1241 1051 1294 1.
1076 1239 1288 1294 cultum
1317 1239 1614 1296 vitulorum
1634 1240 1992 1310 stabiliverat,
2016 1251 2182 1313 atque
2210 1241 2505 1298 sacrificuli
2522 1245 2693 1312 Ama,-

154 1324 262 1378 siae
286 1323 452 1379 minis
474 1340 588 1379 non
616 1325 942 1395 perterritus
969 1325 1200 1381 crimina
1223 1326 1414 1398 populi
1435 1327 1735 1398 castigavit.
1765 1333 1839 1383 At
1865 1329 2010 1384 ultra
2039 1345 2267 1397 annum,
2298 1329 2344 1384 si
2366 1345 2432 1384 ex
2462 1330 2693 1399 inscrip-

156 1410 300 1466 tione
329 1409 621 1466 deducitur
649 1412 892 1484 legitima
921 1413 1227 1482 conclusio,
1259 1429 1460 1470 munus
1501 1429 1666 1470 suum
1700 1431 1815 1470 non
1843 1415 2163 1472 sustinuisse
2190 1425 2339 1472 recte
2367 1416 2584 1472 dicitur.

229 1537 289 1593 2.
331 1567 413 1578 -
445 1539 876 1614 Arqumencum
913 1535 1111 1597 libelli
1159 1536 1713 1598 comminatorium
1753 1543 1878 1609 est;
1910 1539 2153 1616 integer
2189 1540 2360 1599 enim
2398 1539 2464 1599 in
2500 1540 2691 1599 casti-

157 1629 374 1705 gandis
403 1631 822 1692 Israelitarum
847 1633 1191 1694 sceleribus
1221 1633 1791 1712 praedicendisque
1822 1636 2043 1712 poenis
2074 1639 2357 1696 versatur
2382 1640 2569 1712 atque
2600 1636 2689 1695 le-

155 1726 308 1786 viter
353 1731 598 1786 tantum
636 1729 699 1786 in
743 1729 868 1787 fine
900 1728 1166 1788 salutem
1208 1729 1463 1789 indicat.
1497 1729 1870 1791 Sermonum
1910 1735 2121 1791 autem
2160 1748 2417 1792 suorum
2448 1748 2693 1791 summa

156 1821 360 1899 capita
403 1825 594 1882 Amos
641 1823 728 1883 ita
770 1823 1112 1901 disposuit,
1166 1829 1236 1884 ut
1273 1826 1338 1883 in
1378 1811 1591 1903 priore
1639 1830 1817 1904 parte
1854 1827 2349 1898 exhortationeS,
2400 1828 2466 1887 in
2496 1827 2693 1888 altera

155 1909 427 1977 visiones
463 1919 810 1996 colligeret,
845 1921 1126 1998 utrisque
1169 1925 1380 1981 autem
1420 1921 1623 1980 minas
1660 1927 1874 1983 contra
1911 1923 2161 1983 ethnica
2207 1940 2398 2002 regna
2438 1928 2501 1983 et
2538 1923 2688 1984 Iuda

161 2015 576 2092 promulgatas
604 2015 776 2076 velut
801 2016 1330 2077 introductionem
1363 2017 1818 2094 praemitteret.

221 2126 590 2182 Introductio
616 2132 924 2198 (1,2·2,16)‚
955 2136 1019 2183 ut
1049 2129 1326 2185 israelitas
1368 2129 1468 2185 sibi
1498 2145 1702 2200 poenas
1730 2128 1873 2186 iuste
1900 2131 2075 2202 infligi
2102 2131 2303 2186 clarius
2331 2139 2683 2203 cognoscant,

161 2213 330 2269 tribus
355 2214 596 2270 externis
620 2215 904 2288 gentibuS,
926 2221 1235 2285 Βαηιαεοο,
1257 2217 1678 2282 Ρὴίιίείήαεαε,
1708 2221 1877 2288 Tyro,
1904 2227 1959 2274 et
1978 2219 2157 2274 tribus
2181 2219 2429 2290 cognatis
2448 2219 2683 2290 populis,

164 2301 478 2368 idumaeis,
507 2303 884 2372 Ammonias,
911 2305 1215 2371 Moabitis,
1242 2319 1448 2375 poenas
1470 2304 1543 2360 ob
1565 2305 1793 2360 crimina
1832 2317 2026 2361 contra
2062 2307 2236 2362 lsrael
2270 2306 2563 2362 commissa
2594 2323 2688 2361 an-

160 2389 370 2444 nuntiat
393 2391 664 2458 (1,2-2,3).
707 2389 923 2447 Deinde
953 2392 1144 2463 poenis
1170 2391 1330 2462 regni
1358 2390 1492 2447 Iuda
1536 2392 1731 2448 leviter
1761 2391 2015 2448 indicatis
2042 2397 2239 2463 (2,4.5)
2266 2395 2473 2450 scelera
2518 2395 2687 2450 Israel

160 2477 382 2548 castigat
411 2477 790 2547 gravissimam
812 2493 1052 2549 poenam
1080 2479 1427 2534 comminans
1453 2479 1743 2550 (2,13-16).

223 2567 376 2618 Pars
400 2565 574 2635 prior
599 2564 881 2634 (a‚1-6‚15)
913 2565 1108 2620 tribus
1143 2567 1518 2622 concionibus
1544 2567 1981 2636 certitudinem,
2014 2573 2442 2638 necessitatem,
2476 2573 2682 2638 pravi-

162 2655 334 2705 tatem
355 2667 587 2722 poenae
610 2651 906 2708 describit.
2194 2719 2199 2722 ,

227 2743 274 2792 1.
307 2739 734 2795 Certitudinem
759 2754 968 2809 poenae
991 2739 1336 2796 demonstrat
1371 2756 1439 2795 ex
1472 2743 1704 2797 veritate
1733 2739 2122 2812 praedictionis
2163 2743 2517 2814 propheticae
2548 2747 2683 2812 (3,1-

397 2831 476 2894 8),
506 2842 612 2897 qua
645 2827 862 2883 hostem
886 2827 1255 2884 adventurum
1297 2836 1535 2896 constat,
1579 2830 1674 2900 qui
1700 2837 1903 2885 terram
1943 2829 2204 2899 devastet,
2253 2830 2447 2886 altaria
2487 2832 2681 2887 Bethel

394 2915 646 2969 destruat
671 2918 926 2984 (3,9·15).

223 3006 272 3054 2.
305 3001 724 3058 Necessitatem
752 3019 937 3060 novae
961 3019 1185 3076 poenae
1209 3004 1455 3060 ostendit
1493 3005 1761 3078 gravitate
1789 3006 2083 3062 criminum
2114 3016 2169 3062 et
2196 3007 2491 3064 inutilitate
2515 3024 2679 3080 prae-

393 3088 712 3146 cedentium
735 3092 1026 3163 plagarum
1057 3095 1316 3164 (4,1-11),
1349 3108 1516 3165 quam
1550 3093 1766 3164 gravior
1800 3109 1948 3149 nunc
1975 3095 2047 3149 sit
2078 3103 2335 3150 secutura
2370 3099 2537 3164 (4‚12.
2576 3101 2681 3162 13).

223 3181 274 3228 3.
307 3178 678 3232 Gravitatem
703 3193 912 3250 poenae
940 3179 1251 3236 accuratius
1275 3178 1556 3236 describit.
1588 3181 1817 3236 Plenam
1841 3182 1989 3237 enim
2025 3181 2211 3252 populi
2232 3182 2449 3238 ruinam
2478 3181 2687 3240 deflens

395 3279 590 3320 causas
615 3265 735 3320 eius
763 3267 998 3337 explicat
1025 3267 1268 3338 (5,1.17).
1293 3269 1408 3322 Vae
1435 3266 1636 3323 deinde
1665 3269 1959 3324 annuntiat
1983 3269 2120 3338 iuis,
2149 3271 2245 3340 qui
2273 3269 2424 3326 diem
2462 3272 2687 3326 DomIni

395 3351 540 3428 bona
583 3353 880 3408 allaturum
930 3368 1049 3408 esse
1095 3363 1320 3423 sperant
1349 3359 1649 3422 (5‚18-27),
1679 3364 1847 3427 atque
1882 3356 2165 3412 sceleratis
2204 3357 2490 3430 utriusque
2531 3360 2685 3430 regni

394 3439 744 3511 magnatibus
769 3443 978 3508 (6‚1-7).
1008 3443 1158 3510 Quas
1187 3441 1364 3496 minas
1384 3445 1536 3497 Deus
1556 3442 1867 3498 iuramento
1890 3443 2185 3500 confirmat
2215 3447 2466 3514 (6,8-15).

223 3527 432 3582 Altera
454 3542 603 3598 pars
629 3529 916 3598 (7,1-9‚15)
951 3529 1204 3602 quinque
1231 3529 1559 3584 visionibus
1602 3528 1939 3600 symbolicis
1965 3537 2215 3588 constat.

224 3622 271 3668 1.
301 3613 562 3670 Precibus
589 3613 895 3685 prophetae
920 3625 1250 3672 avertuntur
1280 3631 1490 3686 poenae
1519 3615 1800 3686 symbolis
1828 3617 2197 3675 locustarum
2223 3625 2413 3688 (7‚1-3)
2446 3629 2499 3678 et
2528 3622 2684 3694 iynis

396 3705 598 3768 (παι-6)
629 3703 1009 3757 annuntiatae.

217 3793 272 3840 2.
303 3787 532 3843 Duabus
560 3787 682 3844 aliis
712 3789 1013 3845 visionibus
1037 3791 1292 3846 interitus
1309 3789 1509 3846 domus
1530 3791 1823 3849 Ieroboam
1850 3801 1906 3849 et
1932 3794 2090 3864 regni
2120 3794 2294 3850 Israel
2324 3794 2681 3866 praedicitur.

469 3877 638 3930 Visio
681 3875 755 3932 de
791 3877 979 3932 trulla
1028 3879 1426 3933 caementarii
1465 3879 1581 3944 (vel
1624 3879 1807 3948 potius
1846 3901 1860 3935 ε
1902 3879 1973 3936 de
2014 3883 2363 3938 stannatione
2410 3887 2685 3949 cessante)

391 3961 654 4032 ostendit,
683 3965 864 4019 Deum
894 3962 1124 4020 domum
1153 3965 1445 4020 leroboam
1467 3975 1525 4020 et
1546 3982 1781 4038 regnum
1808 3969 1976 4024 Israel
2004 3985 2119 4024 non
2141 3969 2377 4038 amplius
2414 3984 2533 4024 esse
2562 3985 2685 4040 pro·

388 4058 670 4106 tecturam
719 4053 966 4122 (7,7-9.).
1014 4051 1320 4108 sacrificuli
1370 4054 1627 4109 Amasiae
1678 4056 1842 4110 minis
1886 4071 2000 4110 non
2045 4058 2372 4127 perterritus
2414 4057 2683 4127 propheta

393 4138 537 4193 banc
566 4138 1001 4210 praedictionem
1031 4139 1326 4194 confirmat
1350 4145 1640 4208 (7,10-17).

468 4227 701 4282 Visiom'
722 4227 796 4283 de
815 4229 1028 4282 uncino
1043 4243 1357 4299 pomorum
1375 4271 1390 4296 ,
1415 4245 1529 4299 quo
1557 4228 1810 4300 symbolo
1836 4229 1959 4285 finis
1987 4233 2141 4302 regni
2169 4232 2437 4302 figuratur
2462 4235 2680 4305 (8,1-3),

392 4312 704 4370 adnectitur
739 4329 884 4370 nova
921 4315 1215 4371 criminum
1255 4315 1557 4386 increpatio
1578 4324 1633 4372 et
1663 4329 1967 4386 poenarum
1993 4316 2296 4389 praedictio
2322 4321 2575 4388 (SA-14).

224 4405 271 4453 3.
311 4401 524 4458 Ultima
545 4402 698 4458 visio
726 4403 946 4458 ruinam
978 4402 1203 4474 quidem
1227 4403 1421 4475 populi
1450 4404 1693 4458 ostendit
1718 4405 1932 4475 (9‚1-7),
1962 4404 2059 4461 sed
2098 4406 2267 4461 etiam
2303 4408 2683 4464 resuscitatio-

393 4505 524 4546 nem
550 4489 892 4546 tabernaculi
919 4489 1098 4546 David
1126 4495 1382 4559 (9,8-15).

229 4613 290 4670 3.
322 4645 398 4655 -—
425 4613 671 4674 Indoles
707 4613 908 4674 libelli
955 4615 1140 4674 nobis
1175 4613 1429 4675 exhibet
1457 4616 1832 4693 scriptorem
1866 4639 1894 4672 «
1929 4618 2019 4678 uti
2066 4636 2367 4682 sensuum
2412 4621 2681 4684 elatione
