3050 5184
536 352 611 395 na
652 354 927 398 eminus
968 354 1125 397 unm
1169 354 1519 399 ΑυτΠεΝτιΑ
1561 354 1636 397 m·
1679 354 2127 399 Aue-romum.
2482 340 2594 398 421

164 489 277 544 Una
312 489 595 547 dumtaxat
634 492 1078 549 adversariorum
1117 493 1371 558 obiecti0‚
1420 510 1560 567 quae
1597 493 1724 549 inde
1763 510 1794 549 a
1825 494 2114 568 Porphyrii
2149 503 2330 551 aetate
2363 493 2597 565 proferri

102 576 241 643 solet,
270 578 500 648 speciem
524 581 770 636 veritatis
795 580 979 637 habet.
1011 582 1433 637 Paranomasiae
1463 584 1638 651 enim,
1667 582 1866 653 quibus
1893 584 2092 638 Daniel
2115 582 2443 638 sententiam
2471 597 2598 636 con-

101 670 171 715 tra
206 664 417 736 iniquos
452 667 660 724 iudices
695 668 823 723 tulit
867 674 1070 739 (13,54.
1110 676 1202 725 55.
1242 676 1328 725 58.
1376 676 1445 725 59
1478 669 1572 723 ὑπὸ
1609 672 1828 739 σχῖνον
1853 707 1911 723 ...
1960 672 2165 739 σχίσει
2202 689 2256 722 σε
2298 671 2466 740 μέσον,
2505 668 2599 722 ὑπὸ

103 754 292 817 κρῖνον
398 756 603 824 πρίσαι
638 776 692 809 σε
726 756 922 827 μέσον),
962 772 1215 828 graecam
1250 758 1583 813 narrationis
1620 758 1892 829 originem
1921 758 2156 827 prodere
2185 757 2463 813 dicuntur.
2497 761 2599 813 At—

102 846 263 893 tamen
292 844 556 913 Origenes
588 842 679 907 (ad
716 844 887 899 Afric.
923 850 957 900 6
987 849 1133 917 sqq.)
1161 846 1273 901 iam
1302 845 1556 911 monuit,
1586 845 1657 901 ob
1696 845 2080 901 hebraicorum
2114 854 2600 902 monumentorum

102 928 363 991 penuriam
404 946 507 985 nos
544 930 829 1002 ignorare,
870 932 1069 1003 quibus
1105 934 1383 990 vocabulis
1421 932 1694 989 hebraicis
1727 934 1954 989 nomina
1992 936 2166 1004 σχῖνος
2212 944 2267 989 et
2306 935 2475 1003 πρῖνος
2509 949 2598 988 re-

99 1013 406 1085 spondeant3
432 1026 639 1075 temere
667 1019 833 1092 igitur
858 1022 1044 1088 asseri,
1075 1021 1295 1077 easdem
1317 1022 1724 1093 paranomasias
1742 1022 1796 1076 in
1818 1030 1976 1077 textu
1995 1021 2256 1077 hebraico
2276 1020 2470 1077 adesse
2488 1036 2598 1075 non

104 1103 333 1166 potuisse.
374 1106 627 1162 Alteram
654 1116 937 1177 praeterea
966 1116 1023 1163 et
1048 1108 1320 1164 veriorem
1353 1107 1694 1165 difficultatis
1721 1110 2054 1166 solutionem
2092 1110 2362 1175 insinuat,
2404 1108 2601 1164 Danie-

101 1187 193 1243 lem
216 1190 417 1247 scilicet
442 1209 547 1249 nec
570 1196 745 1265 πρῖνον
770 1211 873 1250 nec
896 1198 1073 1265 σχῖνον
1098 1195 1322 1252 arbores
1348 1197 1694 1261 nominasse,
1721 1196 1816 1251 sed
1846 1196 1979 1252 alias
2007 1196 2167 1252 nobis
2189 1196 2402 1269 ignotas
2418 1240 2432 1263 ,
2465 1212 2601 1268 qua-

102 1291 203 1331 rum
242 1280 556 1337 nominibus
599 1283 868 1339 hebraicis
913 1283 1143 1340 verbum
1193 1284 1416 1355 aliquod
1463 1284 1684 1342 secandi
1743 1284 1830 1339 vel
1883 1284 2170 1341 scindendi
2213 1284 2599 1354 responderet,

98 1379 331 1433 graecum
366 1384 497 1423 vero
534 1371 921 1441 interpretem,
960 1380 1020 1426 ut
1057 1373 1497 1442 paranomasiam
1529 1382 1802 1441 servaret,
1837 1372 2067 1428 nomina
2106 1372 2366 1444 elegisse,
2408 1372 2604 1444 quibus

102 1452 239 1509 verba
266 1456 453 1526 πρῐζειν
482 1465 537 1513 et
565 1460 754 1527 σχίζειν
779 1458 1176 1530 responderent
1190 1459 1228 1514 ⁸.

163 1624 213 1680 6.
245 1657 319 1665 —
345 1626 562 1703 Neque
609 1626 674 1685 in
716 1627 907 1687 trium
951 1589 1389 1705 pericoparum
1437 1629 1824 1706 argumentis
1871 1629 2216 1706 quidquam
2262 1629 2596 1697 invenitur,

100 1734 203 1793 quo
230 1720 363 1781 illas
387 1723 632 1782 Danieli
664 1724 901 1783 auctori
931 1724 1273 1784 attribuere
1299 1724 1764 1804 prohibeamur.

155 1834 227 1886 De
253 1834 507 1890 oratione
526 1836 761 1892 Azariae
784 1845 839 1891 et
868 1836 1075 1908 hymno
1103 1837 1275 1892 trium
1297 1837 1560 1893 iuvenum
1594 1837 1858 1907 (3,24-90)
1891 1837 1980 1893 vix
2009 1854 2148 1909 opus
2186 1845 2272 1893 est
2309 1835 2477 1893 verba
2515 1836 2601 1893 sa—

100 1934 229 1988 eere,
254 1922 379 1991 quia
404 1922 683 1979 levissima
710 1931 840 1979 sunt
867 1940 1009 1995 quae
1039 1924 1389 1981 obiiciantur.
1416 1925 1473 1980 Si
1498 1926 1727 1981 Azarias
1757 1926 2136 1997 conqueritur,
2163 1924 2314 1996 quod
2339 1945 2363 1974 α
2395 1939 2508 1979 non
2532 1926 2603 1981 sit

98 2006 142 2060 in
166 2017 405 2081 tempore
426 2010 538 2066 isto
560 2027 663 2066 nec
679 2011 938 2083 princeps
956 2022 1053 2067 aut
1076 2011 1208 2081 dux,
1241 2028 1341 2067 nec
1371 2011 1661 2083 propheta,
1683 2028 1787 2067 nec
1809 2011 2198 2069 holocaustum
2219 2034 2244 2063 υ
2274 2020 2380 2068 etc.
2413 2013 2597 2081 (3,38)‚

100 2094 371 2153 edocemur
390 2097 533 2155 haec
550 2098 717 2155 verba
736 2097 883 2155 dicta
912 2114 1033 2155 esse
1054 2098 1209 2155 brevi
1230 2108 1353 2170 post
1372 2098 1565 2170 templi
1593 2098 2022 2155 destructionem
2045 2101 2208 2169 (anno
2231 2106 2315 2155 18.
2344 2099 2596 2156 Nabuch.

100 2181 481 2241 Alexandrinus
504 2194 562 2241 et
584 2185 853 2241 Theodot.
878 2186 1021 2242 hanc
1054 2186 1344 2257 pericopen
1375 2186 1741 2257 adscribunt),
1763 2185 1982 2259 quando
2007 2187 2208 2242 similia
2237 2188 2329 2243 alii
2355 2202 2600 2258 conque-

100 2270 333 2328 rebantur
362 2274 602 2344 (Thr-en.
636 2279 755 2341 2,9;
787 2278 881 2329 Ps.
922 2280 1051 2342 ⁷3,5
1087 2278 1253 2346 sqq.).
1285 2277 1457 2330 Porro
1494 2276 1742 2343 AzariaS,
1775 2275 1822 2329 si
1850 2289 2038 2347 regem
2064 2272 2596 2340 Nabuchodonosor,

99 2374 123 2409 :l
147 2374 247 2429 quo
270 2369 463 2417 tamen
491 2360 562 2417 ad
588 2376 819 2433 magnos
848 2361 1087 2417 honores
1110 2370 1331 2417 evectus
1359 2370 1497 2430 erat,
1526 2370 1688 2417 vocat
1715 2383 1739 2413 κ
1764 2361 2025 2417 iniustum
2050 2370 2106 2419 et
2132 2362 2429 2435 pessimum
2455 2362 2598 2417 ultra

96 2462 294 2504 omnem
328 2456 545 2505 terram
574 2469 600 2500 ι
636 2453 821 2517 (332),
853 2448 1013 2505 facile
1041 2458 1358 2516 excusatur,
1388 2451 1515 2521 quia
1563 2449 1718 2505 brevi
1755 2458 1918 2505 antea
1961 2448 2473 2505 Nabuchodonosor
2500 2448 2600 2505 de-

98 2536 373 2593 structione
392 2535 589 2607 templi
608 2545 663 2591 et
682 2536 838 2609 regni
885 2552 944 2592 se
970 2536 1185 2593 hostem
1214 2537 1547 2593 acerrimum
1570 2537 1757 2608 populi
1786 2536 2110 2592 exhibuerat
2135 2544 2193 2593 et
2207 2545 2342 2592 tunc
2369 2536 2602 2593 ludaeos

98 2620 155 2675 ad
182 2622 553 2681 idololatriam
585 2639 783 2695 cogere
818 2624 1139 2681 conabatur.
1172 2624 1334 2693 Quod
1363 2625 1409 2679 si
1433 2624 1659 2680 demum
1691 2623 1968 2696 aliquibus
1996 2624 2171 2681 oratio
2199 2624 2429 2679 Azariae
2456 2632 2600 2678 tem-

100 2710 201 2778 pori
224 2728 333 2768 non
356 2713 581 2767 videtur
603 2710 887 2783 adaptata,
925 2714 1051 2784 quia
1081 2713 1325 2785 generali
1359 2711 1598 2785 quodam
1631 2712 1798 2767 modo
1833 2727 1933 2781 pro
1964 2721 2083 2767 toto
2127 2710 2330 2783 populo
2358 2711 2600 2766 divinam

100 2800 511 2856 misericordiam
557 2800 815 2870 implorat
858 2802 1116 2871 (3,26·42)
1158 2810 1214 2856 et
1256 2800 1639 2857 brevissimam
1683 2806 1902 2855 tantum
1944 2800 2318 2870 precationem
2365 2813 2463 2869 pro
2501 2814 2598 2854 sua

98 2887 249 2944 salute
275 2887 433 2944 addit
462 2890 749 2958 (asta-45),
781 2904 895 2944 non
928 2887 1247 2955 attendunt,
1276 2896 1388 2944 tres
1420 2888 1628 2943 amicos
1653 2895 1836 2943 totum
1863 2888 2130 2959 populum
2159 2893 2596 2958 repraesentare,

98 2990 309 3047 namque
343 2976 564 3032 invitati
597 2984 758 3031 erant
790 2976 1176 3047 magistratuS,
1207 2984 1270 3031 ut
1308 2992 1405 3045 per
1438 2991 1532 3031 eos
1564 2996 1589 3027 «ι
1621 2976 1804 3031 cuncti
1838 2974 2050 3047 populi,
2081 2974 2288 3044 tribuS,
2319 2974 2534 3045 linguae
2569 2994 2594 3024 n

100 3062 279 3119 idolum
308 3063 611 3121 adorarent
644 3064 802 3132 (3,7);
836 3062 1145 3118 timendum
1178 3062 1343 3134 igitur
1380 3072 1526 3132 erat,
1555 3079 1626 3118 ne
1655 3078 1830 3133 poena
1864 3064 2172 3119 amicorum
2209 3070 2354 3118 esset
2383 3060 2599 3117 initium

100 3152 473 3219 persecutionis
498 3152 702 3223 integri
725 3150 945 3221 populi,
976 3148 1211 3221 ideoque
1243 3144 1525 3221 aptissime
1554 3152 1781 3207 Azarias
1809 3151 1895 3206 sui
1923 3150 2076 3224 quasi
2101 3148 2302 3206 oblitus
2325 3157 2598 3221 precatur,

100 3246 147 3291 ut
171 3242 309 3295 Deus
335 3239 769 3313 promissionum
796 3253 1010 3293 memor
1035 3236 1257 3309 populo
1288 3246 1493 3307 parcat.

153 3327 548 3399 chronologiae
576 3328 848 3381 rationem
874 3326 931 3380 in
960 3328 1241 3381 susannae
1271 3323 1495 3381 historia
1522 3326 1767 3381 habitam
1796 3343 1907 3382 non
1937 3342 2074 3393 esse,
2104 3324 2358 3381 nonnulli
2387 3332 2599 3396 putant,

100 3416 203 3483 quia
228 3416 463 3484 loakim,
491 3414 578 3469 vir
599 3416 899 3483 susannae,
933 3412 1085 3468 dives
1112 3411 1275 3468 fuisse
1300 3411 1536 3480 dicatur,
1569 3413 1625 3468 id
1655 3413 1806 3485 quod
1828 3421 2104 3485 supponat
2132 3429 2259 3468 eum
2287 3413 2397 3469 iam
2426 3412 2520 3468 diu
2547 3414 2602 3468 in

98 3502 345 3561 Chaldaea
371 3502 621 3559 exsulem
651 3502 862 3567 vixisse,
893 3502 1067 3556 altera
1096 3510 1283 3556 tamen
1307 3517 1374 3556 ex
1397 3509 1556 3572 parte
1585 3502 1778 3557 Daniel
1809 3509 2036 3556 vocetur
2059 3502 2310 3573 παιδάριον
2340 3504 2600 3571 νεώτερον,

100 3592 159 3644 ita
187 3601 243 3647 ut
276 3608 306 3646 a
340 3591 523 3663 prima
549 3589 879 3646 Iudaeorum
907 3589 1369 3661 transportatione
1397 3590 1710 3661 paucissimi
1737 3590 1864 3644 anni
1893 3586 2172 3645 effluxisse
2196 3587 2505 3644 videantur.
2533 3592 2604 3644 At

102 3688 325 3759 παιδάριον
351 3679 509 3765 (Ἶξξ)
538 3701 651 3741 non
688 3693 775 3741 est
791 3702 949 3759 puer
958 3706 978 3753 ;
1013 3686 1245 3755 παιδάρια
1284 3693 1550 3741 vocantur
1586 3686 1819 3741 Davidis
1845 3685 2008 3755 socii,
2036 3686 2132 3758 qui
2160 3701 2288 3741 eum
2311 3701 2378 3741 eo
2416 3684 2487 3741 ad
2513 3701 2603 3740 re-

104 3808 209 3852 gem
242 3796 409 3850 Achis
438 3792 697 3865 fugerunt
722 3792 769 3863 (1
802 3797 935 3863 Rey.
969 3797 1124 3859 21,4;
1152 3791 1235 3846 cfr
1262 3796 1295 3845 2
1325 3796 1457 3863 Περ.
1490 3797 1644 3861 18,5;
1677 3798 1708 3847 3
1741 3797 1868 3862 Req.
1902 3797 1991 3860 3,7
2023 3793 2183 3857 etc.);
2208 3790 2344 3846 haec
2368 3789 2604 3861 appella·

104 3880 165 3933 tio
184 3882 342 3953 igitur
370 3880 591 3936 Danieli
619 3888 735 3935 erat
762 3878 1019 3949 adaptata
1045 3879 1213 3933 etiam
1237 3878 1285 3932 si
1310 3878 1423 3933 iam
1450 3886 1574 3933 octo
1597 3881 1678 3933 vel
1702 3878 1893 3934 decem
1922 3880 2052 3934 anni
2076 3878 2146 3935 ab
2176 3879 2292 3933 eius
2319 3886 2602 3948 transpor-

104 3969 281 4025 tatione
308 3968 663 4025 effluxerunt.
696 3966 783 4023 Ad
818 3966 1051 4023 Ioakimi
1078 3973 1265 4021 autem
1295 3965 1510 4021 divitias
1551 3966 1699 4037 quod
1729 3968 1950 4033 attinet,
1983 3964 2204 4022 attende
2241 3966 2458 4020 exsules
2487 3965 2602 4035 pri-

102 4056 221 4111 stina
254 4073 351 4113 sua
387 4057 537 4113 bona
570 4056 861 4111 retinuisse
904 4068 1201 4125 secumque
1241 4054 1299 4107 in
1336 4054 1590 4109 exsilium
1635 4054 1922 4111 abstulisse
1963 4053 2074 4121 (cfr
2106 4058 2220 4108 ler.
2263 4058 2390 4115 29,4
2430 4058 2597 4123 sqq.).

104 4144 274 4199 —Alii
299 4143 686 4200 difficultatem
711 4142 769 4197 in
797 4157 862 4197 eo
894 4140 1203 4209 inveniunt,
1235 4140 1383 4212 quod
1414 4142 1628 4197 exsules
1659 4142 1763 4198 sibi
1789 4142 2002 4198 iudices
2035 4139 2384 4195 constituisse
2419 4155 2486 4194 ae
2517 4141 2604 4194 ius

107 4228 247 4296 gladii
272 4231 528 4288 habuisse
557 4230 812 4287 dicantur
849 4239 904 4286 et
940 4228 1202 4285 iudicium
1230 4236 1423 4284 contra
1459 4230 1769 4286 Susannam
1806 4238 1862 4285 et
1893 4227 2034 4284 duos
2060 4242 2218 4284 senes
2245 4226 2603 4284 tumultuario

160 4413 215 4473 ζῆ
238 4412 323 4462 Gir
342 4428 423 4465 ex.
452 4428 529 4477 gr.
554 4418 606 4465 S.
631 4416 782 4463 Hier.
806 4416 932 4465 Gen.
957 4418 1067 4473 223
1096 4414 1287 4473 virayo
1323 4405 1505 4490 (Πζέιξτ)
1536 4416 1594 4461 ιιι
1619 4412 1920 4462 allusionem
1943 4412 2009 4461 ad
2037 4399 2186 4485 ἳῇἳις,
2223 4412 2308 4459 vir
2335 4409 2602 4470 retiner-eh

112 4521 198 4574 Ier.
232 4531 349 4587 1‚11.
378 4535 434 4579 12
463 4548 488 4572 κ
521 4528 711 4591 virgam
738 4529 1056 4591 viyilantem
1085 4542 1109 4573 υ
1148 4516 1328 4604 (Ίρῐῤ,
1370 4526 1698 4589 amyqdala).
1724 4530 1780 4575 ut
1800 4526 2198 4589 paranomasiam
2219 4524 2423 4575 Domini
2441 4525 2604 4587 expri-

114 4638 248 4683 meret
276 4652 289 4684 :
319 4652 344 4683 ι
374 4648 463 4699 ego
492 4634 731 4697 viyilabo
759 4650 784 4680 a>
829 4626 940 4703 (πρ-κζ
969 4620 1123 4711 Ἰῇῗὲ)
1163 4640 1260 4683 etc.
