3050 5184
368 308 482 366 522
526 322 602 366 DE
645 323 790 366 N0v1
836 322 997 368 TEST.
1044 323 1234 368 unlus
1277 322 1627 368 mstomcss.
1660 341 1739 351 —
1769 323 1899 368 CAP.
1942 324 2025 368 1v.
2059 325 2136 368 DE
2181 325 2427 368 Annuus
2456 322 2883 366 AposToLoRtu.

439 456 513 522 e.)
544 455 750 511 Saltem
789 456 1069 510 orationes
1116 453 1174 510 in
1201 453 1431 510 Actibus
1459 456 1665 512 relatas
1693 456 1762 511 ab
1800 465 2027 512 auctore
2055 456 2127 511 ad
2170 455 2457 511 arbitrium
2502 470 2622 509 esse
2648 455 2890 508 confictas

367 543 529 598 multi
557 541 918 610 contendunt,
949 545 1078 615 quia
1101 542 1254 598 idem
1281 542 1354 599 sit
1381 544 1632 598 omnium
1656 544 1833 615 stylus
1858 552 2027 616 atque
2052 543 2205 599 idem
2233 550 2639 616 argumentum.
2674 545 2749 596 At
2774 540 2891 596 nihil

371 629 552 684 obstat
571 669 588 695 ,
620 630 914 701 quominus
941 632 1114 702 stylus
1143 631 1247 702 ipsi
1275 632 1459 688 Lucae
1487 631 1823 688 attribuatur
1840 675 1855 698 ,
1882 630 2190 688 dummodo
2220 647 2349 688 eum
2374 643 2599 686 sensum
2628 637 2893 684 oratorum

370 716 608 773 fideliter
632 718 880 774 retulisse
907 717 1274 788 concedatur3
1301 720 1509 774 multae
1532 721 1679 774 enim
1709 719 1988 776 orationes
2016 720 2291 774 aramaice
2321 727 2450 774 sunt
2475 715 2720 783 habitae,
2751 715 2835 770 ita
2858 723 2895 768 ut

371 805 439 860 ab
480 809 719 860 Actuum
763 815 990 862 auctore
1029 822 1223 878 graece
1264 807 1405 861 verti
1445 805 1765 874 debuerint3
1807 807 2055 862 omnium
2098 815 2286 862 autem
2334 822 2446 860 non
2496 804 2769 860 habemus
2822 801 2897 856 nisi

373 893 651 963 epitomen
687 893 1016 965 quamdam,
1048 895 1108 949 in
1138 911 1248 966 qua
1288 893 1611 950 adornanda
1640 895 1873 966 scriptor
1900 894 2123 966 proprio
2152 911 2255 950 suo
2281 892 2546 964 loquendi
2586 889 2756 946 modo
2792 903 2900 944 usus

372 989 473 1035 est.
505 979 662 1037 Idem
687 997 819 1036 vero
851 991 1241 1054 argumentum
1269 982 1327 1037 in
1357 982 1613 1038 omnibus
1636 983 1881 1049 tractari,
1910 981 2109 1037 falsum
2139 989 2249 1048 est3
2281 981 2617 1052 quicumque
2642 978 2900 1050 longiores

375 1069 652 1124 orationes
692 1068 839 1124 Petri
884 1075 1124 1138 (2,14-36
1166 1079 1221 1124 et
1251 1067 1491 1139 3‚'12-26)
1522 1079 1620 1126 aut
1655 1071 1810 1126 Pauli
1838 1069 1930 1138 (ad
1970 1069 2205 1125 ludaeos
2239 1074 2524 1136 13,16·41;
2560 1066 2630 1122 ad
2670 1065 2901 1121 ethnicos

380 1160 660 1224 17,22-31,
687 1155 759 1211 ad
783 1156 1123 1213 Christianos
1142 1163 1429 1225 20,18-35,
1463 1157 1745 1230 apologias
1762 1173 1953 1213 coram
1975 1155 2189 1212 ludaeis
2217 1162 2470 1223 22,1-21,
2492 1169 2681 1210 coram
2702 1152 2900 1208 ethnico
2985 1207 2986 1216 ¹

379 1251 737 1315 procuratore
777 1250 1032 1314 24,1ο-21
1057 1288 1070 1313 ,
1102 1261 1292 1301 coram
1329 1261 1460 1318 rege
1489 1246 1736 1318 Agrippa
1764 1243 2006 1315 26,2·23)
2034 1245 2181 1300 inter
2221 1259 2279 1298 se
2304 1241 2726 1314 comparaverit,
2756 1255 2853 1294 eas
2869 1247 2901 1290 et

379 1341 703 1404 argumento
754 1341 811 1388 et
859 1331 1133 1389 tractandi
1178 1332 1347 1389 modo
1404 1333 1783 1388 occasionibus
1834 1341 1890 1388 et
1937 1331 2283 1388 auditoribus
2334 1331 2553 1402 optime
2590 1326 2903 1400 respondere

381 1415 658 1475 fatebitur.

845 1573 878 1656 ἓ
921 1577 1025 1637 13.
1054 1609 1144 1620 -
1171 1573 1266 1636 De
1313 1573 1609 1637 Actuum
1643 1569 1875 1636 ordine
1908 1581 1971 1636 et
2008 1569 2461 1657 chronoloqz'a.

464 1741 526 1798 1.
556 1771 635 1781 —
663 1739 834 1797 Licet
865 1738 927 1796 in
953 1739 1217 1798 Actibus
1253 1737 1734 1816 chronologicus
1777 1737 1933 1798 ordo
1967 1741 2276 1807 teneatur,
2312 1753 2427 1813 pro
2462 1733 2810 1812 praecipuo
2836 1737 2905 1788 ta-

385 1849 534 1894 men
565 1835 688 1892 fine
706 1878 721 1905 ‚
748 1851 939 1910 quem
973 1839 1192 1894 auctor
1211 1835 1333 1894 sibi
1364 1835 1720 1913 proposuit,
1745 1835 1908 1894 liber
1933 1837 2075 1910 apte
2099 1834 2164 1893 in
2193 1833 2351 1893 duas
2379 1835 2588 1908 partes
2615 1831 2701 1888 ita
2722 1827 2906 1886 distri-

385 1930 627 2002 buitur,
647 1930 801 1991 utin
829 1931 1036 2008 priore
1059 1930 1343 1991 fundatio
1360 1936 1424 1991 et
1450 1931 1815 2009 propagatio
1839 1929 2145 1990 Ecclesiae
2169 1930 2235 1989 in
2264 1928 2491 1988 Iudaea
2532 1931 2595 1986 et
2626 1923 2906 1984 Samaria.

389 2028 450 2084 in
477 2025 672 2086 altera
699 2043 849 2086 vero
881 2027 1247 2106 propagatio
1279 2028 1414 2086 eius
1444 2029 1612 2088 inter
1640 2027 1923 2087 ethnicos
1952 2029 2258 2086 narretur.

461 2123 614 2178 PARS
641 2137 824 2178 Pmon
857 2126 1172 2190 (1,1-9,43).
1207 2125 1391 2193 Oriyo
1415 2124 1711 2178 Ecclesiae
1738 2123 1973 2196 eiusque
1992 2120 2362 2194 propaqatt‘o
2392 2120 2552 2174 inter
2578 2115 2853 2172 Iudaeos.

465 2217 515 2263 1.
549 2208 825 2264 Fundatio
853 2209 1132 2264 Ecclesiae
1157 2211 1383 2281 eiusque
1409 2210 1566 2266 initia
1594 2210 1738 2264 inter
1766 2209 2002 2264 Iudaeos
2033 2207 2384 2279 [erosolymis
2410 2210 2729 2273 (1,1-2,47).

708 2296 1080 2353 Promissione
1104 2296 1342 2368 Spiritus
1366 2297 1421 2354 S.
1451 2315 1518 2352 ex
1539 2307 1697 2368 parte
1715 2297 1945 2352 Domini
1964 2301 2010 2362 (1
2025 2297 2197 2366 ,1-11)
2218 2303 2275 2350 et
2294 2309 2439 2350 novo
2464 2293 2641 2348 electo
2666 2288 2913 2360 Apostoln

637 2400 710 2440 ex
739 2392 895 2454 parte
924 2383 1324 2456 disprulorum
1356 2392 1722 2456 praeparatur
1753 2384 2004 2440 fundatio
2034 2383 2312 2439 Ecclesiae
2342 2385 2645 2448 (1‚12-26);
2670 2375 2913 2432 fundatur

637 2480 823 2527 autem
865 2471 1074 2543 Spiritu
1101 2474 1158 2528 S.
1190 2473 1359 2528 misso
1405 2474 1675 2542 (2,1-11),
1721 2479 1887 2544 atque
1934 2471 2079 2526 laeta
2109 2470 2281 2525 habet
2319 2468 2478 2523 initia
2528 2474 2653 2538 post
2696 2464 2912 2535 primam

636 2559 788 2615 Petri
819 2558 1290 2630 praedicationem
1317 2565 1609 2628 (2,12-47).

461 2655 512 2704 2.
545 2648 878 2719 Propagatio
909 2657 965 2702 et
993 2647 1340 2704 confirmatio
1371 2647 1649 2703 Ecclesiae
1672 2646 1815 2702 inter
1843 2646 2079 2702 ludaeos
2107 2643 2593 2716 ierosolymitanos
2622 2643 2907 2708 (3.1·7,.39.

711 2737 919 2806 Magno
958 2735 1230 2790 miraculo
1260 2742 1480 2806 patrato
1505 2750 1606 2806 per
1645 2738 1877 2791 Petrum
1920 2741 1975 2788 et
1999 2735 2267 2788 Ioannem
2294 2730 2455 2785 multi
2485 2728 2713 2800 quidem
2742 2723 2905 2780 ludaei

640 2831 1062 2892 convertuntur,
1103 2821 1199 2878 sed
1248 2823 1419 2878 etiam
1465 2823 1641 2893 prima
1693 2823 2001 2893 persecutio
2046 2819 2319 2875 excitatur
2364 2817 2691 2890 (3,1-4,31);
2734 2809 2907 2868 interni

639 2911 919 2966 Ecclesiae
940 2920 1133 2978 statuS,
1159 2912 1252 2981 qui
1273 2911 1515 2981 optimus
1536 2919 1676 2978 erat,
1702 2909 1987 2981 corruptio
2010 2907 2277 2963 miraculo
2298 2906 2569 2962 avertitur
2592 2905 2863 2970 (4,32·5,11
2891 2939 2899 2946 .

641 3001 795 3054 Nova
827 2998 1100 3053 Ecclesiae
1127 2998 1472 3054 incrementa
1497 2997 1699 3053 deinde
1722 3012 1925 3052 novam
1952 3003 2256 3067 provocant
2286 2992 2729 3064 persecutionem
2758 2991 2903 3054 (5.12·
2988 3023 2990 3050 2

643 3090 756 3154 42),
790 3101 931 3156 quae
954 3102 1068 3140 non
1096 3083 1405 3156 impedivit,
1437 3087 1733 3157 quominus
1756 3082 2112 3140 multitudine
2142 3081 2391 3136 fidelium
2418 3094 2636 3150 semper
2658 3079 2881 3132 crescent
2988 3109 2990 3120 ·

641 3173 895 3244 Apostoli
942 3172 1224 3228 adiutores
1265 3172 1369 3227 sibi
1417 3174 1621 3246 eligere
1668 3171 1846 3228 coacti
1874 3171 2013 3238 sint,
2054 3185 2121 3226 ex
2158 3169 2359 3241 quibus
2386 3165 2701 3237 Stephanus
2728 3161 2905 3234 primus
2988 3213 2990 3222 ,

643 3261 972 3332 martyrium
996 3260 1162 3316 subiit
1187 3261 1494 3330 (6,1-7‚59).

471 3355 522 3403 3.
550 3349 884 3420 Propagatio
909 3349 1186 3404 Ecclesiae
1214 3364 1314 3420 per
1335 3347 1729 3410 Palaestinam,
1760 3346 2088 3416 Samariam,
2122 3345 2335 3417 Syriam
2364 3347 2676 3409 (8,1·9,43).

715 3436 1120 3492 Persecutionis
1144 3444 1268 3507 post
1289 3437 1345 3492 S.
1375 3436 1642 3506 Stephani
1660 3443 1900 3490 mortem
1922 3442 2144 3489 exortae
2164 3432 2377 3502 primus
2404 3429 2620 3484 fructus
2643 3427 2741 3482 fuit
2768 3429 2911 3480 Evan-

649 3523 778 3594 gelii
807 3524 1130 3595 propagatio
1156 3525 1216 3579 iu
1244 3523 1450 3580 Iudaea
1475 3533 1532 3578 et
1559 3523 1805 3580 Samaria
1840 3526 1914 3589 (8,
1923 3531 1977 3578 1-
1984 3521 2107 3590 40),
2140 3520 2282 3574 alter
2309 3516 2557 3572 eiusdem
2594 3517 2799 3570 [ructus
2830 3509 2909 3564 suit

647 3610 806 3666 Pauli
830 3611 1115 3666 conversio
1145 3616 1411 3682 (9,1-30);
1444 3611 1703 3667 ecclesias
1732 3618 1917 3664 autem
1952 3609 2011 3664 in
2048 3607 2255 3664 Iudaea
2287 3603 2547 3660 fundatas
2575 3606 2773 3659 Petrus
2808 3599 2868 3652 11
2856 3597 2911 3648 i-

649 3699 790 3755 tavit
817 3703 1103 3768 (9,31·42).
2228 3723 2233 3728 -

473 3787 632 3843 PAns
657 3803 898 3844 ALTERA
926 3789 1304 3856 (10,1-28,31).
1343 3787 1601 3844 Ecclesia
1645 3789 1800 3842 inter
1827 3784 2085 3841 ethnicos
2122 3799 2155 3836 a
2191 3779 2409 3854 primis
2456 3777 2759 3852 Apostolis
2798 3773 2911 3846 sun-

406 3873 581 3937 data,
611 3892 654 3930 a
679 3876 868 3930 Paulo
891 3882 1258 3948 propaqata.

480 3971 523 4017 1.
578 3962 888 4018 Primordia
937 3963 1213 4020 Ecclesiae
1258 3963 1405 4019 inter
1451 3962 1705 4017 ethnicos
1750 3975 2037 4030 novaeque
2084 3955 2353 4012 ecclesiae
2396 3970 2527 4026 erga
2576 3951 2910 4024 antiquiorem

655 4052 854 4106 caritas
885 4055 994 4119 (10,
1003 4057 1064 4106 1-
1072 4058 1135 4107 12
1143 4055 1275 4118 ,,25)

723 4139 1013 4194 Cornelius
1059 4139 1329 4207 centurio,
1375 4139 1589 4210 primus
1638 4135 1921 4198 ethnicuS,
1972 4150 2003 4189 a
2045 4135 2213 4188 Petro
2241 4131 2301 4185 in
2338 4129 2641 4185 Ecclesiam
2684 4123 2913 4194 recipitur

656 4231 768 4296 (10,
777 4231 835 4282 1-
844 4234 903 4283 11
915 4231 1051 4298 ,18),
1085 4227 1232 4282 circa
1262 4225 1413 4280 idem
1442 4232 1660 4295 tempus
1688 4221 2021 4278 Antiochiae
2050 4219 2279 4275 ecclesia
2309 4233 2377 4273 ex
2406 4215 2643 4272 ethnicis
2669 4205 2917 4269 conversis

659 4314 886 4370 fundata
928 4324 983 4370 et
1024 4313 1094 4370 ab
1137 4313 1414 4385 Apostolis
1456 4311 1758 4384 approbata
1800 4317 1883 4364 est
1930 4309 2037 4380 (11,
2046 4314 2133 4363 19-
2137 4311 2257 4373 26),
2290 4320 2431 4377 quae
2468 4303 2751 4359 caritatem
2784 4307 2915 4352 suam

658 4403 1019 4476 eleemosynis
1071 4403 1405 4476 ierosolyma
1455 4415 1552 4472 per
1592 4400 1824 4454 Paulum
1872 4405 1927 4452 et
1966 4393 2279 4452 Bar-naham
2322 4392 2505 4448 missis
2548 4379 2915 4446 demonstravit

661 4494 768 4554 (11,
777 4496 866 4545 27-
874 4496 938 4544 12
943 4495 1072 4558 ,,25)

486 4583 539 4630 2.
582 4577 882 4630 Dissidium
919 4577 1065 4630 inter
1102 4575 1641 4631 ludaeochristianos
1684 4573 1898 4645 aliquos
1935 4579 1991 4627 et
2038 4569 2291 4626 ethnicos
2330 4581 2625 4624 couversos
2668 4565 2913 4618 exortum·

665 4662 813 4731 quod
845 4663 912 4717 ab
939 4663 1218 4733 Apostolis
1252 4663 1610 4734 componitur
1638 4663 2019 4726 (13,1-15,35).
