3050 5184
842 298 917 348 na
960 299 1395 343 vA‘rlciNIORUM
1441 300 1732 345 manuue
1777 299 2016 345 ounmss.
2577 286 2692 344 393

252 436 299 483 2.
328 432 404 485 De
430 429 1081 502 pseudoprophetarum
1114 430 1664 487 machinationibus
1697 434 1956 503 tempore
1990 431 2262 487 sedeciae
2293 430 2687 499 (πα-2932).
2737 422 2746 431 ’

486 517 839 590 ierosolymis
882 520 1203 575 Hananias
1241 533 1291 573 a.
1332 524 1388 573 4.
1422 517 1685 575 Sedeciae
1728 518 2056 575 contradicit
2095 518 2360 574 Ieremiae
2398 516 2691 577 subiectio-

416 620 545 661 nem
580 605 687 661 sub
719 622 845 676 rege
871 605 1165 678 Babylonis
1206 605 1618 663 commendanti
1649 611 1734 671 (27
1743 613 1788 675 ,1
1807 611 1954 675 -22),
1987 605 2222 678 ideoque
2250 606 2300 661 ei
2337 621 2487 663 mors
2517 606 2692 661 vicina

416 693 779 749 annuntiatur
810 700 1114 760 (28,1-17).
1144 724 1219 734 —
1250 694 1405 751 Circa
1434 694 1584 749 idem
1620 702 1840 765 tempus
1879 694 2139 749 Ieremias
2175 691 2394 750 exsules
2419 695 2476 749 in
2512 693 2691 765 Baby-

414 781 561 837 lonia
592 781 855 853 degentes
890 797 1115 839 monere
1152 781 1372 849 debuit,
1408 798 1478 837 ne
1520 782 2020 853 pseudoprophetis
2054 781 2223 838 iidem
2260 782 2555 851 haberent,
2595 782 2692 837 sed

417 869 587 941 quieti
623 869 793 925 finem
820 870 996 926 exsilii
1032 878 1415 942 exspectarent
1446 872 1763 937 (29,1-20);
1798 870 2294 941 pseudoprophetis
2329 870 2460 941 ipsis
2489 884 2694 941 poenas

420 958 709 1013 annuntiat
740 962 915 1024 (2921
932 962 1071 1029 432).
2214 954 2220 959 '

230 1049 293 1113 .3·
328 1045 645 1101 Vct-ticinio·
672 1045 743 1101 de
769 1044 983 1119 futura
1008 1045 1293 1121 felicitate
1312 1042 1523 1119 populi
1547 1047 1733 1101 Israel
1762 1050 2145 1114 (30,1-33‚36)
2171 1046 2322 1101 vanis
2350 1043 2691 1118 pseudopro-

420 1132 713 1203 phetarum
752 1134 1209 1204 promissionibus
1245 1148 1405 1189 veras
1446 1141 1731 1205 opponunt
1769 1141 1934 1205 atque
1973 1132 2080 1189 hoc
2115 1135 2267 1200 loco,
2299 1141 2594 1206 antequam
2621 1134 2692 1188 ad

415 1220 574 1292 regni
602 1219 876 1277 excidium
904 1222 1187 1293 transitur,
1216 1222 1551 1289 inseruntur,
1577 1237 1648 1279 ne
1679 1221 1914 1292 populus
1946 1236 2004 1277 se
2034 1222 2196 1293 plane
2225 1237 2254 1277 a
2285 1224 2403 1277 Deo
2426 1221 2690 1277 reiectum

417 1308 627 1365 eredat.
1132 1334 1137 1339 ·

312 1400 396 1468 a.)
433 1399 562 1452 Toti
583 1398 805 1471 populo
830 1399 1201 1469 promittitur
1233 1398 1519 1455 liberatio
1550 1402 1606 1453 et
1638 1396 1938 1454 exaltatio
1967 1402 2356 1466 (30,1-³1‚40).
2387 1429 2459 1437 —
2485 1397 2692 1469 Populo

412 1484 471 1539 in
514 1484 767 1541 exsilium
810 1487 983 1541 eiecto
1022 1488 1173 1541 Deus
1202 1486 1472 1555 promittit
1513 1484 1756 1541 reditum
1791 1485 1851 1541 in
1880 1486 2140 1557 patriam,
2172 1500 2378 1540 novum
2405 1484 2690 1541 Davidem

416 1573 741 1645 (Messiam),
782 1574 1071 1629 vulnerum
1116 1574 1488 1641 sanationem,
1529 1574 1936 1629 restitutionem
1978 1573 2036 1628 in
2077 1574 2352 1645 integrum
2393 1572 2686 1644 (30,1-24).

414 1660 599 1717 Etiam
622 1662 798 1717 tribus
821 1661 1295 1732 septemtrionales
1322 1670 1687 1731 revertentur,
1715 1670 1777 1717 ut
1802 1659 2022 1717 videant
2044 1676 2306 1733 magnum
2325 1662 2645 1733 mysterium
2675 1684 2688 1715 ι

414 1750 662 1805 Femina
706 1750 1107 1805 circumdabit
1144 1752 1337 1805 virum
1380 1752 1515 1817 (31‚1
1537 1754 1686 1815 -26).
1728 1750 1868 1806 Cum
1895 1750 2098 1821 populo
2126 1750 2328 1805 iterum
2365 1748 2514 1803 unito
2543 1751 2693 1804 Deus

414 1852 622 1893 novum
650 1836 855 1910 foedus
884 1836 1069 1907 feriet,
1101 1840 1257 1892 cuius
1286 1837 1580 1909 participes
1607 1838 1776 1893 etiam
1803 1846 1968 1893 erunt
1995 1846 2181 1909 gentes
2210 1836 2390 1909 (31,2⁷
2404 1840 2542 1904 -40).

312 1924 389 1991 b.)
421 1926 663 1981 Actione
698 1924 1027 1995 symbolica
1052 1925 1423 1997 praedicitur
1451 1925 1717 1981 liberatio
1745 1931 1801 1982 et
1839 1931 2140 1981 aeternum
2161 1924 2369 2000 foedus
2393 1928 2689 1992 (32,1-44).

484 2016 643 2069 Anno
684 2020 767 2069 10.
808 2013 1065 2069 Sedeciae
1106 2014 1251 2068 enim
1296 2012 1558 2069 Ieremias
1602 2013 1850 2084 captivus
1897 2028 2091 2085 agrum
2132 2014 2190 2067 in
2233 2012 2470 2069 Anatotb
2511 2028 2694 2069 emere

415 2100 635 2156 iubetur
664 2105 805 2169 (32,1
822 2106 974 2169 -25)‚
1006 2109 1068 2156 ut
1096 2100 1361 2173 populum
1389 2099 1696 2157 rediturum
1724 2108 1778 2155 et
1802 2108 2086 2156 aeteruum
2118 2098 2312 2155 foedus
2338 2109 2694 2171 accepturum

415 2203 533 2245 esse
561 2188 830 2261 significet
858 2188 1191 2261 (azae-44).

308 2279 383 2341 c.)
414 2284 727 2333 Aeternum
752 2294 993 2349 reanum
1022 2276 1371 2332 davidicum
1392 2277 1769 2349 promittitur
1793 2281 1934 2345 (33,1
1951 2281 2096 2343 -26>.
2131 2308 2196 2317 —-
2219 2276 2484 2331 Ieremiae
2508 2283 2691 2331 osten-

418 2362 624 2419 duntur
651 2362 1025 2421 reaedificatio
1065 2373 1119 2419 et
1152 2380 1326 2421 novus
1353 2363 1615 2435 splendor
1641 2364 1796 2421 urbis
1835 2369 2120 2433 (aaa-13)
2152 2373 2317 2436 atque
2344 2380 2572 2435 qermen
2599 2367 2693 2418 iu-

420 2452 621 2509 stitiae
643 2453 915 2507 oriturum
939 2469 1005 2507 ex
1031 2451 1269 2518 Davide‚
1299 2443 1453 2507 cuius
1480 2468 1670 2507 semen
1693 2452 1796 2508 erit
1824 2452 2224 2509 innumerabile
2254 2456 2582 2521 (33,14-26>.

248 2544 297 2593 4.
332 2542 611 2613 Tempore
646 2540 963 2597 obsidionis
993 2544 1348 2595 continuata
1386 2544 1471 2595 esc
1494 2541 1703 2613 populi
1735 2540 2132 2596 inobedientia
2171 2546 2228 2595 et
2259 2542 2599 2612 pervicacia
2629 2542 2696 2595 in

412 2630 749 2701 prophetam
780 2633 1172 2697 (tua-3838).

484 2716 726 2783 Eadem‚
754 2733 900 2789 quae
920 2722 1117 2784 antea,
1139 2716 1263 2792 suit
1286 2714 1495 2789 populi
1518 2716 1930 2772 inobedientia
1961 2720 2101 2781 (34‚1
2119 2721 2360 2783 -35,19>.
2400 2747 2461 2756 —
2489 2718 2692 2772 Votum

416 2803 592 2873 enim,
624 2820 683 2860 se
711 2820 896 2860 servos
920 2804 1203 2861 Hebraeos
1226 2820 1345 2860 esse
1369 2804 1713 2872 dimissuros,
1744 2804 2025 2876 fregerunt
2051 2801 2242 2858 ludaei
2272 2811 2522 2874 tempore
2545 2802 2692 2859 obsi-

416 2889 615 2960 dioniS,
648 2893 1055 2963 quamprimum
1086 2893 1389 2963 periculum
1430 2892 1716 2947 transiisse
1746 2891 2012 2962 putabant
2041 2894 2181 2957 (34st
2201 2896 2346 2957 -22).
2377 2922 2446 2929 —
2471 2892 2549 2946 Ut
2581 2907 2692 2946 me·

414 2978 523 3035 lius
550 2980 759 3051 peccati
780 2979 943 3035 huius
970 2981 1177 3037 malitia
1206 2988 1589 3052 cognoscatur,
1611 2979 1772 3035 affert
1789 2978 2056 3051 propbeta
2079 2978 2392 3050 exemplum
2414 2978 2691 3034 Rechabi-

416 3074 617 3135 tarum,
650 3068 745 3139 qui
763 3078 1009 3139 tempore
1029 3056 1171 3140 regis
1196 3068 1409 3123 loakim
1431 3066 1499 3122 ad
1525 3066 1852 3123 mandatum
1877 3067 2048 3139 patris
2071 3066 2156 3121 sui
2179 3064 2692 3139 transgrediendum

414 3154 597 3210 seduci
626 3171 737 3210 uon
764 3164 1063 3227 potuerunt
1094 3162 1233 3223 (35,1
1254 3185 1279 3196 -
1296 3160 1401 3222 19).

482 3244 723 3311 Eadem,
752 3260 907 3317 quae
932 3249 1127 3309 antea,
1158 3244 1338 3298 immo
1364 3240 1566 3298 maior
1587 3241 1712 3317 suit
1732 3243 1940 3315 populi
1961 3246 2300 3315 pervicacia
2324 3248 2534 3299 contra
2549 3259 2692 3315 pro-

410 3330 619 3402 phetae
646 3332 875 3386 ’nonita
906 3336 1091 3399 (36,1-
1108 3336 1307 3399 38,28).
1335 3362 1405 3371 -—
1432 3331 1593 3401 Quod
1622 3339 1684 3386 ut
1712 3330 1995 3399 ostendat,
2023 3329 2294 3402 propheta
2317 3339 2526 3399 narrat,
2554 3346 2694 3403 quae

417 3434 467 3474 a.
498 3426 553 3473 4.
585 3418 797 3474 Ioakim
828 3419 1167 3487 acciderant,
1203 3420 1421 3490 quando
1454 3419 1720 3474 vaticiniis
1753 3420 1866 3473 suis
1903 3418 2121 3490 scriptis
2147 3429 2202 3475 et
2240 3420 2396 3475 lectis
2436 3434 2694 3491 magnam

416 3506 603 3578 populi
631 3508 1059 3562 commotionem
1104 3508 1361 3563 excitavit
1404 3511 1713 3575 (36‚1-32),
1761 3506 1938 3577 iisque
1983 3508 2212 3577 opponit
2259 3507 2690 3579 persecutiones,

430 3608 565 3665 quas
592 3594 791 3650 ultimo
818 3594 1117 3651 obsidionis
1144 3603 1393 3666 tempore
1423 3610 1714 3666 perpessus
1742 3602 1824 3649 est
1855 3599 1942 3661 (37
1951 3601 1994 3663 ,Ι
2016 3600 2259 3663 -38‚28).

252 3678 547 3739 Emmaus
578 3687 859 3752 (aea-18)
888 3682 1143 3738 vaticinia
1172 3683 1464 3738 confirmat
1492 3683 1812 3738 narratione
1841 3682 2032 3738 excidii
2059 3683 2212 3739 urbis
2241 3691 2296 3739 et
2323 3682 2479 3755 regni
2507 3686 2690 3749 (39,1-

194 3770 269 3831 10)
296 3775 455 3839 atque
484 3771 887 3841 praemiorum,
920 3786 1061 3842 quae
1089 3770 1205 3841 ipse
1234 3772 1458 3841 eiusque
1488 3771 1697 3825 amicus
1724 3786 1757 3825 a
1784 3773 1906 3827 Deo
1934 3780 2266 3840 acceperunt
2295 3773 2636 3840 (39‚11-18).

252 3857 561 3915 Appnnmx
588 3862 935 3927 (4o‚1-45‚5;
970 3864 1227 3925 52‚1-34)
1258 3858 1473 3913 duabus
1501 3857 1837 3914 sectionibus
1864 3868 2098 3915 constat.

254 3945 419 3998 Prior
446 3950 585 4013 (40,1
604 3952 817 4015 ·44,30)
844 3947 1045 4002 iustam
1075 3954 1129 4001 et
1158 3946 1523 4001 necessariam
1553 3962 1671 4001 esse
1701 3946 1925 4018 longam
1953 3946 2327 4017 captivitatem
2349 3943 2692 4000 demonstrat

417 4034 733 4089 narratione
773 4035 1125 4091 continuatae
1162 4033 1573 4090 inobedientiae
1609 4034 1961 4091 ludaeorum.
1992 4064 2064 4073 ——
2093 4033 2283 4088 ludaei
2318 4033 2466 4087 enim
2503 4032 2558 4087 in
2585 4035 2690 4087 Pa-

418 4121 647 4177 laestina
689 4122 891 4189 relicti,
924 4122 1052 4178 licet
1091 4139 1149 4178 se
1185 4122 1493 4195 prophetae
1523 4120 1700 4179 verbis
1739 4122 2061 4179 obedituros
2091 4119 2467 4189 promisissent
2506 4124 2688 4186 (40,1-

416 4214 593 4279 42,6),
623 4208 849 4264 monitis
877 4208 995 4265 eius
1031 4226 1143 4265 non
1180 4208 1571 4279 obediverunt,
1605 4209 1699 4265 sed
1742 4211 1799 4265 in
1841 4213 2150 4281 Aegyptum
2187 4206 2528 4279 aufugientes
2565 4222 2692 4263 eum

416 4304 741 4369 coegerunt,
787 4304 849 4352 ut
886 4312 1073 4351 secum
1116 4296 1173 4351 in
1218 4300 1530 4369 Aegyptum
1582 4297 1755 4353 abiret
1794 4299 2190 4362 (42,7-43,133.
2231 4324 2302 4334 ——
2339 4296 2403 4350 In
2443 4298 2692 4368 Aegypto

418 4394 601 4440 autem
630 4384 809 4440 omnis
838 4385 1074 4456 populus
1101 4401 1214 4440 non
1241 4382 1586 4439 obstantibus
1611 4384 1724 4439 eius
1758 4383 1978 4438 monitis
2015 4398 2072 4437 se
2105 4380 2476 4437 idololatriam
2514 4384 2690 4439 conti-

414 4488 583 4527 nuare
608 4473 748 4528 velle
774 4472 1051 4543 professus
1081 4480 1163 4527 est
1194 4476 1509 4539 (44.1-19);
1537 4478 1868 4543 quapropter
1886 4468 2304 4524 contumacibus
2334 4470 2526 4541 plenus
2549 4470 2691 4528 inte-

416 4560 550 4615 ritus
593 4557 959 4632 praedicitur3
1002 4561 1150 4616 velut
1197 4560 1437 4631 sigillum
1483 4568 1670 4614 autem
1719 4556 1880 4612 minis
1926 4556 2222 4629 apponitur
2262 4557 2581 4614 vaticinium
2623 4557 2690 4614 de

419 4646 571 4703 clade
596 4648 901 4703 Pharaonis
926 4649 1143 4720 Ephree
1174 4652 1505 4714 (Mau-30).
