3050 5184
683 333 771 377 na·
799 333 1216 379 Pisauri-:ucat
1260 331 1621 378 ARGUMENTO
1666 334 1739 377 nr
1782 335 2165 379 Psnrrrman.
2586 320 2695 378 181

167 466 466 525 sectiones
505 466 673 525 inter
719 483 784 525 se
828 467 1201 543 colligentur
1249 472 1312 526 et
1358 483 1484 543 qua
1524 467 1770 527 ratione
1816 484 2039 527 omnes
2080 467 2159 527 ad
2190 467 2464 527 eundem
2508 468 2699 527 finem

166 562 536 638 conspirent.

219 666 552 723 Exonmmu
579 666 830 739 (1,1-2,3)
853 668 1143 741 magnifica
1177 667 1470 723 creationis
1493 667 1860 739 descriptione
1883 683 1997 724 non
2020 677 2239 723 tantum
2269 668 2373 724 Dei
2396 667 2697 740 potentiam

165 760 211 805 et
243 750 582 821 bonitatem,
629 754 728 810 sed
777 754 1160 811 omnimodam
1212 770 1430 825 quoque
1467 764 1847 811 creaturarum
1887 772 1918 811 a
1968 757 2088 811 Deo
2127 755 2553 827 dependentiam
2596 754 2695 810 de-

163 850 462 896 monstrans
497 840 693 909 docet,
725 852 842 897 tam
877 843 1094 915 potenti
1131 852 1188 899 et
1223 842 1371 898 bono
1410 841 1639 898 domino
1680 841 1983 915 perfectam
2020 842 2395 899 obedientiam
2423 842 2629 899 deberi.

221 938 414 993 Pnuu
441 952 602 994 Pus
625 938 947 1011 (zet-1136)
979 937 1179 994 deinde
1218 936 1535 1009 primordiis
1563 939 1781 1013 generis
1808 938 2041 994 humani
2067 938 2409 993 adumbratis
2433 936 2691 1006 ostendit,

163 1025 320 1079 Deum
349 1022 502 1080 hanc
532 1025 906 1081 obedientiam
943 1027 1002 1081 in
1031 1026 1352 1083 hominibus
1387 1041 1501 1081 non
1540 1026 1815 1082 invenisse
1850 1024 2089 1098 ideoque
2124 1024 2567 1081 inobedientibus
2603 1042 2693 1081 re-

163 1110 282 1165 lictis
321 1127 502 1167 unum
552 1113 734 1169 solum
777 1113 1062 1169 hominem
1104 1114 1362 1186 elegisse,
1406 1114 1464 1168 in
1509 1113 1665 1169 cuius
1712 1113 1921 1170 familia
1963 1113 2260 1186 genuinam
2302 1114 2693 1169 revelationem

163 1200 645 1272 promissionesque
674 1210 1045 1256 conservaret.

217 1301 260 1349 1.
283 1296 570 1351 Historia
593 1298 740 1352 coeli
761 1304 822 1351 et
845 1303 1048 1352 terrae
1071 1298 1355 1367 (2,4-4,26)
1382 1297 1551 1369 igitur
1574 1298 1734 1369 lapsu
1758 1297 2064 1368 primorum
2090 1306 2383 1367 parentum
2408 1296 2692 1367 (2,5-3,24)

341 1394 400 1438 et
427 1384 588 1439 Caini
625 1384 936 1442 fratricidio.
965 1388 1201 1451 (4‚1-16)
1241 1384 1512 1440 enarratis
1552 1394 1802 1455 posteros
1836 1385 1990 1441 Caini
2023 1394 2311 1441 enumerat
2350 1393 2405 1439 et
2442 1384 2695 1439 eliminat

341 1472 641 1543 (eun-26).

211 1562 258 1612 2.
289 1559 572 1613 Historia
597 1558 831 1615 Adami
869 1564 1120 1628 (5,1-6‚8)
1150 1559 1376 1615 alterius
1403 1559 1503 1615 filii
1534 1567 1809 1630 postcroS,
1836 1557 2108 1629 SethitaS,
2141 1568 2432 1615 enumerat
2464 1563 2689 1628 (5,1-32)

345 1662 562 1717 cosque
592 1662 814 1719 quoque
843 1648 988 1703 viam
1017 1662 1174 1702 suam
1201 1647 1278 1702 ita
1307 1647 1622 1719 corrupisse
1651 1646 1836 1715 docet,
1858 1655 1921 1701 ut
1946 1662 2089 1702 unus
2115 1648 2261 1703 inter
2289 1663 2384 1702 eos
2412 1648 2529 1703 Noe
2558 1662 2687 1719 gra-

339 1733 486 1791 tiam
515 1749 706 1789 coram
733 1736 854 1789 Deo
882 1734 1155 1790 invenerit
1183 1738 1404 1801 (en-8).

209 1834 254 1883 3.
282 1830 566 1887 Historia
595 1834 712 1886 Noe
735 1830 1030 1902 (6‚9-9,29)
1059 1846 1162 1886 nec
1190 1831 1386 1886 diluvii
1413 1846 1611 1902 poena,
1639 1826 1750 1902 quo
1779 1846 1951 1903 genus
1979 1840 2302 1902 corruptum
2330 1830 2577 1887 ablatum
2603 1839 2689 1886 est

341 1922 452 1983 (6,1
469 1922 692 1986 1-8,19),
725 1933 829 1973 nec
854 1935 1001 1974 novo
1025 1926 1188 1990 pacto
1213 1934 1340 1974 eum
1363 1920 1482 1974 Noe
1506 1919 1733 1990 eiusque
1755 1918 1880 1973 filiis
1911 1919 2044 1973 inito
2070 1924 2397 1986 (8,20-9,17)
2436 1917 2688 1973 homines

339 2021 465 2061 esse
493 2003 820 2062 emendatos
845 2004 1043 2075 tradit,
1075 2006 1171 2061 sed
1199 2005 1344 2061 inter
1379 2007 1526 2077 ipsos
1567 2007 1685 2061 Noe
1712 2006 1854 2062 filios
1886 2022 2061 2061 unum
2093 2006 2480 2062 maledictione
2516 2005 2688 2076 patris

343 2108 466 2149 esse
493 2092 792 2160 reiectum,
824 2093 1065 2149 alterum
1093 2102 1281 2149 autem
1319 2109 1437 2148 esse
1475 2094 1740 2163 electum,
1770 2092 1828 2148 in
1857 2109 1968 2165 quo
1996 2102 2387 2165 permanerent
2422 2092 2683 2149 benedic-

342 2182 526 2237 tiones
555 2182 846 2254 (9‚1a-29).

213 2281 259 2329 4.
288 2278 565 2332 Historia
592 2262 866 2347 filiorum
894 2280 1014 2333 Noe
1049 2278 1370 2345 (1⁰,1-11‚9>
1403 2285 1593 2349 gentes
1632 2292 1697 2331 ex
1737 2276 1816 2331 eis
1844 2278 2161 2349 progenitas
2196 2278 2453 2344 (10,l-32)
2482 2291 2683 2331 novam

346 2363 454 2419 sibi
479 2380 718 2435 poenam
745 2364 1001 2435 superbia
1025 2380 1124 2420 sua
1150 2364 1437 2419 attraxisse
1462 2363 1626 2419 docet
1654 2368 1899 2432 (11,1·9).

213 2466 260 2514 5.
303 2463 570 2517 Historia
616 2460 747 2517 Sem
789 2460 1096 2532 (11,1o-26)
1129 2459 1354 2517 demum
1391 2460 1509 2516 eius
1538 2469 1787 2529 posteros
1832 2470 2120 2516 enumerat
2162 2478 2335 2532 usque
2383 2460 2451 2516 ad
2482 2460 2679 2527 Thare,

345 2557 564 2619 patrem
590 2548 896 2617 Abraham,
930 2549 986 2601 in
1013 2548 1169 2603 cuius
1195 2548 1406 2604 semine
1435 2546 1848 2604 benedicendae
1876 2557 2035 2603 erant
2059 2564 2253 2603 omncs
2280 2557 2491 2619 gentes,

215 2647 453 2701 Aur-nnn
479 2660 638 2701 Pus
665 2648 1058 2713 (11‚27·50‚26)
1087 2644 1426 2717 singularem
1453 2643 1860 2715 providentiam
1886 2643 2168 2714 describit,
2193 2660 2301 2714 qua
2331 2646 2482 2699 Deus
2510 2642 2682 2697 Abra-

161 2727 304 2785 hamo
331 2733 562 2803 eiusque
591 2732 828 2804 posteris
865 2732 1232 2805 invigilaverit
1270 2747 1476 2802 eosque
1504 2731 1851 2799 educaverit,
1882 2746 2057 2802 usque
2099 2731 2231 2786 dum
2268 2732 2327 2785 in
2369 2734 2680 2802 Aegyptum

163 2832 240 2871 eos
267 2818 519 2888 duceret,
552 2828 615 2875 ut
643 2820 714 2876 ibi
745 2820 838 2886 <ab
879 2818 1141 2876 omnibus
1174 2820 1434 2890 separati)
1462 2819 1522 2874 in
1556 2833 1820 2890 magnum
1846 2818 2111 2891 populum
2136 2827 2537 2873 excrescerent.
2568 2818 2679 2870 Ve-

161 2917 266 2959 rum
299 2922 368 2961 ne
414 2906 702 2963 israelitae
743 2916 1029 2977 putarent,
1073 2907 1194 2963 solo
1239 2906 1506 2979 sanguine
1548 2904 1944 2961 abrahamitico
1986 2906 2224 2977 aliquem
2266 2920 2459 2959 verum
2504 2904 2679 2961 filium

161 2990 391 3050 Abrahae
411 2994 536 3051 fieri
564 2994 670 3062 (cfr
693 2999 855 3050 Rom.
883 3000 1020 3062 9,7),
1046 2994 1128 3050 illi
1162 2995 1369 3066 posteri
1395 2993 1676 3062 Abrahae,
1704 2993 1800 3065 qui
1826 2993 1925 3047 filii
1952 2992 2330 3065 promissionis
2355 3008 2469 3047 non
2497 2999 2669 3059 erant,

163 3091 548 3150 enumerantur,
575 3090 639 3136 ut
666 3082 1038 3139 eliminentur.

218 3180 262 3230 1.
285 3180 546 3235 Historia
576 3179 770 3233 Thare
797 3183 1200 3247 (11,27-25‚1l)
1225 3177 1484 3233 Abrahae
1513 3179 1888 3247 vocationem,
1920 3178 2465 3251 transmigrationem
2489 3176 2547 3232 in
2568 3184 2677 3232 ter-

341 3282 463 3321 ram
503 3266 794 3335 Chanaan,
829 3264 1022 3321 foedus
1059 3281 1190 3321 cum
1229 3268 1351 3321 Deo
1393 3266 1623 3333 initum,
1656 3266 2046 3336 promissiones
2082 3276 2337 3337 acceptas
2375 3278 2431 3321 et
2463 3264 2677 3336 reliqua

343 3354 458 3409 eius
495 3352 610 3410 fata
649 3352 768 3409 fuse
794 3362 1044 3418 enarrat,
1075 3354 1204 3425 quia
1243 3351 1531 3409 Abraham
1565 3354 1883 3424 exemplum
1924 3361 2071 3421 erat,
2104 3352 2253 3424 quod
2290 3353 2408 3410 eius
2444 3352 2678 3424 posteris

341 3440 676 3497 imitandum
703 3440 1136 3512 proponebatur.

221 3540 264 3589 2.
287 3538 556 3593 Historia
583 3538 800 3593 Ismael
823 3540 1121 3605 (25,12-18)
1144 3536 1323 3593 tribus
1346 3536 1416 3591 ab
1443 3536 1645 3591 Ismael
1670 3537 1991 3609 progenitas
2014 3536 2281 3593 eliminat.

222 3638 264 3685 3.
285 3634 554 3691 Historia
577 3635 751 3690 Isaac
779 3638 1172 3703 (25,19-35,29)
1207 3633 1500 3690 historiam
1527 3632 1770 3689 filiorum
1802 3636 1947 3703 eius,
1975 3636 2121 3689 Esau
2148 3643 2203 3689 et
2234 3633 2430 3701 Iacob,
2462 3641 2671 3690 narrat.

221 3734 260 3781 4.
283 3731 549 3785 Historia
575 3734 746 3785 Esau
775 3734 1105 3800 (36,1-37,1)
1135 3730 1386 3786 eliminat
1411 3728 1593 3784 tribus
1622 3730 1765 3783 Esau
1790 3737 2159 3785 enumeratas,

222 3829 263 3876 5.
288 3828 556 3882 Historia
584 3825 759 3881 Iacob
790 3824 1154 3897 (37,2-50‚26)
1171 3868 1186 3892 ,
1219 3826 1376 3881 cuius
1401 3839 1595 3880 omnes
1624 3824 1721 3879 filii
1748 3823 2047 3881 duodecim
2072 3834 2231 3881 erant
2259 3826 2449 3894 electi,
2482 3832 2545 3880 ut
2572 3840 2673 3895 pa—

334 3922 449 3969 tres
484 3912 687 3968 fierent
715 3912 957 3968 liliorum
985 3915 1154 3970 Israel
1171 3957 1184 3984 ,
1222 3928 1312 3969 res
1339 3927 1536 3969 eorum
1562 3927 1742 3984 usque
1771 3911 1845 3968 ad
1875 3911 2062 3969 Iacobi
2100 3921 2154 3968 et
2183 3912 2406 3984 Iosephi
2438 3920 2673 3967 mortem

341 4000 614 4071 perducit.

232 4148 278 4205 3.
299 4184 374 4194 --
395 4151 546 4211 Tres
575 4150 756 4226 libri,
791 4151 898 4228 qui
929 4152 1295 4227 sequuntur,
1330 4166 1563 4228 corpus
1594 4149 1773 4227 quasi
1804 4150 2197 4211 constituunt
2226 4149 2485 4209 mosaici
2526 4165 2672 4227 ope-

177 4240 262 4312 ris,
303 4247 466 4308 cuius
513 4246 773 4309 Genesis
827 4251 922 4307 est
977 4246 1336 4317 exordium,
1391 4246 1958 4307 Deuteronomium
1999 4246 2313 4324 epilogus;
2363 4246 2670 4323 integram

178 4338 314 4399 enim
337 4340 456 4403 fere
485 4343 946 4421 legislationem
977 4342 1334 4416 continent,
1371 4359 1562 4420 quam
1592 4342 1852 4403 Genesis
1890 4346 2255 4421 praeparat,
2289 4343 2673 4401 Deuterono-

177 4434 336 4497 mium
363 4438 651 4500 inculcat.

233 4545 382 4619 Leges
405 4561 588 4608 antem
613 4568 682 4609 eo
707 4552 902 4608 ordine
929 4551 1044 4609 fere
1069 4560 1469 4624 proponuntur,
1503 4566 1614 4622 quo
1643 4552 1933 4609 occasione
1958 4550 2086 4607 data
2115 4568 2147 4609 a
2171 4554 2291 4609 Deo
2320 4567 2417 4623 per
2442 4554 2673 4626 Moysen

183 4640 286 4685 sunt
309 4642 698 4714 promulgatae,
727 4640 1032 4713 intimeque
1059 4654 1188 4697 eum
1215 4639 1407 4711 populi
1443 4639 1726 4696 israelitici
1761 4640 1991 4696 historia
2029 4649 2160 4697 sunt
2194 4655 2499 4711 connexae,
2532 4656 2671 4713 qua-
