3050 5184
1132 361 1511 406 arremarensi.
2513 345 2634 406 629

64 491 326 546 naturali
350 493 599 549 motione
625 501 680 548 et
709 493 1019 550 assistentia
1043 493 1113 549 ab
1140 493 1365 550 homine
1391 492 1764 563 conscriptum
1787 493 2016 564 positive
2041 493 2402 564 approbaret,
2433 491 2630 564 procul

63 577 251 633 dubio
272 582 455 636 omnia
473 621 487 644 ,
517 596 659 652 quae
688 581 745 637 in
765 597 831 636 eo
856 583 1229 648 continentur,
1269 581 1381 637 fide
1406 581 1596 637 divina
1625 580 1776 636 credi
1800 590 2026 651 possent
2054 597 2183 638 vera
2210 597 2358 648 esse,
2381 580 2508 652 quia
2534 595 2632 634 sua

60 667 483 738 approbatione
508 671 661 724 Deus
690 670 857 726 simul
886 685 950 726 ea
988 685 1117 725 vera
1148 684 1268 726 esse
1295 670 1599 738 revelaret3
1633 668 1868 725 eandem
1899 668 2065 740 igitur
2088 669 2476 726 auctoritatem
2505 667 2630 740 qui-

61 755 223 820 dem,
265 771 432 827 quam
460 759 775 828 Scriptura,
810 757 947 814 liber
974 757 1237 826 haberet,
1269 757 1367 814 sed
1394 773 1507 813 non
1544 757 1881 828 singularem
1911 757 2062 812 illam
2099 756 2458 828 dignitatem,
2492 769 2634 826 quae

66 843 231 897 libris
260 845 557 914 competit,
584 861 821 916 quorum
847 847 999 902 Deus
1023 854 1106 901 est
1128 854 1340 902 auctor.
1373 847 1553 901 Multo
1582 845 1768 901 minus
1791 852 1984 900 autem
2011 845 2310 900 Ecclesiam
2331 843 2478 900 libro
2497 885 2510 912 ‚
2537 839 2636 914 qui

62 946 269 986 merae
296 931 573 989 humanae
600 933 828 1006 originis
855 942 958 1002 est,
987 949 1085 990 sua
1113 933 1511 1005 approbatione
1539 932 1787 988 divinam
1813 932 2083 1004 originem
2113 931 2415 987 attribuere
2443 944 2626 1002 posse,

64 1018 315 1074 evidens
344 1028 429 1075 est
458 1021 523 1076 ¹⁸.

136 1108 343 1163 Altera
372 1109 643 1164 sententia
679 1109 895 1178 (lalmii)
933 1125 1062 1164 cum
1091 1108 1337 1165 secundo
1371 1108 1646 1165 Bont'rerii
1675 1107 1844 1164 modo
1875 1123 2182 1164 consonare
2221 1105 2445 1178 quidem
2472 1104 2632 1161 vide-

64 1205 177 1259 tur,
214 1194 375 1250 haud
424 1211 621 1268 parum
649 1205 839 1254 tamen
884 1196 955 1253 ab
996 1198 1093 1252 illo
1142 1197 1347 1252 differt.
1378 1199 1460 1252 Ut
1506 1199 1656 1252 enim
1689 1197 2229 1268 praetermittamuS‚
2280 1192 2630 1251 Bonfrerium

66 1282 323 1340 secundo
350 1299 453 1340 suo
481 1284 650 1340 modo
698 1286 934 1357 aliquos
972 1285 1219 1353 tantum,
1254 1283 1512 1351 Iahnium
1551 1301 1648 1341 sua
1698 1305 1722 1335 α
1752 1285 2112 1356 inspiratione
2155 1281 2566 1343 concomitante
2595 1301 2620 1330 n

84 1388 243 1443 quae
276 1373 395 1443 ipsa
426 1389 649 1444 qnoque
679 1373 957 1444 expressio
986 1373 1137 1428 haud
1167 1374 1301 1428 satis
1324 1381 1453 1444 apta
1477 1373 1770 1428 Bonfrerio
1797 1389 1914 1428 non
1941 1371 2191 1441 debetur)
2225 1387 2424 1426 omues
2453 1369 2628 1424 libros

62 1469 303 1515 nostros
328 1475 517 1516 sacros
544 1469 767 1517 exortos
785 1460 969 1517 dicere
986 1503 1000 1530 ,
1031 1459 1128 1515 ille
1154 1462 1469 1532 generalem
1500 1462 1698 1516 saltem
1723 1460 1966 1518 divinam
1995 1459 2302 1514 motionem
2324 1456 2630 1513 voluntatis

61 1547 131 1602 ad
162 1547 531 1602 scribendum
562 1549 631 1604 de
662 1556 815 1604 certo
845 1556 1175 1620 argumento
1205 1549 1483 1619 postulat,
1520 1564 1686 1620 quam
1719 1548 1810 1603 hic
1835 1555 2003 1620 negat
2027 1554 2123 1602 aut
2151 1546 2336 1618 potins
2359 1543 2622 1617 negligit:

60 1650 259 1708 reque
282 1634 355 1690 de
392 1637 705 1692 assistentia
745 1652 963 1692 errores
990 1644 1207 1691 tantum
1239 1640 1604 1707 praecavente
1646 1635 1742 1691 ille
1785 1636 2053 1708 loquitur,
2103 1633 2201 1689 sed
2231 1648 2356 1689 eam
2387 1633 2628 1704 postulat

59 1723 483 1792 assistentiam,
513 1741 619 1796 qua
646 1724 932 1796 scriptori,
966 1725 1009 1778 si
1038 1741 1102 1779 ea
1120 1765 1134 1793 ‚
1162 1740 1305 1796 quae
1329 1724 1566 1796 Spiritus
1594 1723 1756 1780 scribi
1803 1724 1948 1793 vult,
1981 1722 2245 1780 oblivioni
2275 1719 2490 1777 dederit
2532 1729 2628 1775 aut

60 1822 181 1866 non
224 1811 563 1867 intellexerit
598 1821 729 1880 etc„
776 1811 1066 1868 scribenda
1105 1819 1473 1884 suggerantur
1514 1821 1570 1868 et
1607 1810 1943 1880 doceantur,
1989 1799 2139 1866 iuxta
2187 1809 2449 1866 Iahnium
2494 1823 2626 1862 vero

58 1899 365 1970 irspiratio
400 1920 423 1949 α
468 1900 649 1956 nullas
682 1915 857 1955 novas
885 1899 1254 1972 cogitationes
1292 1899 1610 1971 suppeditat
1636 1899 1926 1968 scriptori,
1968 1898 2106 1953 nihil
2139 1913 2263 1952 eum
2301 1895 2490 1964 docet,
2529 1893 2625 1949 sed

60 1987 467 2043 tantummodo
499 1987 732 2058 impedit
758 1988 1165 2043 immixtionem
1195 2003 1451 2042 errorum
1479 1987 1538 2041 in
1572 1988 1634 2042 iis
1665 2001 1807 2058 quae
1832 1987 1943 2041 iam
1973 1986 2125 2040 novit
2169 2005 2218 2052 »ς
2253 1999 2425 2056 quare
2459 1984 2625 2038 etiam

58 2073 421 2130 manendum
466 2083 682 2141 censet,
724 2091 931 2131 nomen
976 2075 1399 2147 inspirationis
1442 2090 1546 2129 usu
1592 2083 1976 2129 consecratum
2023 2087 2138 2126 non
2181 2071 2351 2127 videri
2395 2078 2621 2141 aptum,

60 2179 247 2233 quum
270 2163 481 2236 aliquid
513 2162 729 2234 positivi
750 2163 941 2218 adesse
961 2163 1227 2231 insinuet,
1256 2162 1509 2234 quamvis
1537 2162 1688 2217 notio
1713 2162 1764 2216 ei
1789 2161 2035 2216 subiecta
2062 2160 2133 2215 sit
2163 2175 2318 2214 mere
2344 2157 2619 2231 negativa.

60 2251 241 2307 Unde
280 2259 463 2322 patet,
494 2249 799 2306 secundnm
841 2251 1017 2306 Iahnii
1060 2252 1391 2306 sententiam
1434 2252 1620 2306 Deum
1665 2257 1950 2304 auctorem
1987 2247 2263 2304 librorum
2299 2255 2622 2302 nostrorum

58 2355 365 2396 sacrorum
408 2355 572 2394 sensu
612 2339 837 2410 proprio
867 2338 977 2394 dici
1005 2354 1117 2395 non
1158 2355 1341 2410 posse,
1378 2339 1505 2410 quia
1553 2337 1624 2392 ad
1671 2353 1866 2392 eorum
1907 2337 2180 2407 originem
2219 2333 2360 2392 nibil
2406 2332 2626 2405 positivi

59 2428 341 2494 contulit,
366 2427 511 2483 sicut
536 2428 800 2499 magister
824 2426 1091 2497 epistolae
1118 2426 1189 2483 ab
1216 2428 1335 2482 eius
1360 2426 1634 2498 discipulo
1659 2433 1814 2481 motu
1847 2425 2067 2496 proprio
2094 2433 2154 2479 et
2187 2431 2368 2480 marte
2399 2421 2623 2493 proprio

59 2516 425 2586 conscriptae
448 2523 641 2571 auctor
669 2514 773 2570 dici
798 2515 1020 2586 nequit,
1044 2515 1295 2586 quamvis
1322 2514 1583 2570 scribenti
1613 2515 1838 2568 adstans
1869 2512 2236 2584 invigilaverit
2266 2509 2524 2582 quidem,
2553 2525 2623 2564 ne

60 2617 330 2660 errorem
350 2603 411 2657 in
438 2601 729 2659 scribendo
760 2602 1109 2672 admitteret,
1136 2602 1234 2658 sed
1266 2603 1398 2674 quid
1427 2610 1483 2657 et
1508 2601 1791 2673 quomodo
1821 2599 2174 2656 scribendum
2205 2605 2352 2656 esset
2375 2612 2490 2652 non
2519 2595 2622 2652 do-

60 2692 269 2747 cuerit.
306 2689 477 2745 Liber
494 2705 627 2762 ergo
655 2705 783 2745 cum
812 2692 913 2746 ista
940 2694 1227 2762 neqatiua
1252 2689 1562 2746 assistentia
1583 2689 1652 2744 de
1679 2688 1846 2744 rebus
1873 2687 2128 2743 revelatis
2152 2693 2412 2742 exaratus
2428 2684 2624 2754 procul

59 2779 243 2834 dubio
274 2797 299 2829 ι
330 2779 727 2834 revelationem
752 2779 871 2833 sine
894 2794 1083 2834 errore
1112 2779 1425 2834 contineret
1452 2799 1503 2846 n,
1538 2776 1636 2832 sed
1664 2792 1778 2832 non
1801 2777 2007 2849 magiS‚
2041 2774 2213 2830 immo
2237 2773 2416 2830 multo
2439 2773 2624 2828 minus

61 2868 375 2939 inspiratus
400 2866 761 2937 appellandus
780 2875 951 2934 esset,
976 2883 1145 2937 quam
1164 2866 1295 2922 fidei
1315 2866 1665 2922 definitiones
1685 2865 2060 2921 conciliorum
2089 2870 2145 2918 et
2162 2863 2254 2920 SS.
2289 2859 2622 2916 Pontificum

60 2955 303 3028 proprio
345 2969 508 3009 sensu
554 2955 851 3025 inspiratae
890 2954 1167 3022 dicuntur,
1216 2955 1345 3010 licet
1380 2953 1485 3010 hae
1529 2969 1628 3025 per
1667 2953 1913 3024 aliquam
1957 2950 2205 3007 nominIs
2244 2948 2623 3005 extensionem

58 3040 359 3099 interdum
398 3042 697 3113 improprie
724 3042 801 3096 ita
842 3051 1107 3098 vocentur
1134 3041 1205 3097 ad
1231 3044 1289 3097 S.
1325 3042 1592 3113 Spiritus,
1625 3043 1774 3113 quod
1803 3038 2192 3096 definientibus
2229 3033 2435 3103 adsuit,
2465 3034 2622 3090 auxi-

58 3135 209 3190 lium
236 3130 563 3202 positivum
590 3129 957 3184 innuendum.

130 3223 325 3275 Porro
352 3217 424 3273 ad
451 3216 755 3274 secundum
786 3216 1055 3272 Bonl'rerii
1082 3216 1313 3272 modum
1342 3215 1493 3287 qnod
1520 3216 1746 3282 attinet,
1778 3219 1928 3270 Deus
1946 3257 1960 3282 ‚
1993 3227 2164 3285 quum
2195 3211 2523 3282 scriptorem
2551 3209 2624 3265 ad

56 3305 433 3364 scribendum
460 3303 531 3361 de
557 3313 709 3360 certo
736 3313 1063 3376 argumento
1093 3305 1291 3358 saltem
1330 3305 1574 3375 generali
1607 3301 1850 3375 quadam
1888 3301 2188 3356 voluntatis
2225 3299 2480 3354 motione
2515 3297 2620 3353 ad-

58 3396 301 3452 duxisse
326 3401 494 3464 atque
521 3392 781 3448 scribenti
810 3393 983 3448 etiam
1004 3393 1081 3446 ita
1112 3391 1388 3447 adstitisse
1411 3390 1651 3458 dicatur,
1679 3398 1740 3445 ut
1765 3390 1856 3445 hic
1883 3388 2022 3444 nihil
2047 3403 2270 3456 eorum,
2299 3401 2444 3459 quae
2471 3385 2622 3440 iuxta

56 3484 323 3540 divinam
350 3480 688 3536 voluntatem
732 3479 1025 3535 scribenda
1054 3487 1242 3547 erant,
1269 3479 1553 3534 omitteret
1581 3487 1677 3533 aut
1706 3492 1938 3532 erronee
1975 3475 2237 3543 referret,
2269 3489 2398 3530 cum
2436 3473 2626 3540 aliquo

58 3569 309 3644 quidem
332 3570 453 3625 iure
476 3577 671 3625 auctor
694 3568 843 3624 illius
872 3567 996 3623 libri
1024 3567 1133 3622 dici
1168 3575 1374 3637 potest;
1408 3581 1590 3637 neque
1623 3574 1813 3622 tamen
1844 3585 1870 3615 α
1901 3562 2102 3635 integri
2131 3563 2260 3618 libri
2287 3577 2416 3618 cum
2449 3560 2626 3616 omni·

58 3661 171 3715 bus
204 3656 323 3713 suis
352 3657 597 3727 partibus
622 3677 649 3707 ι)
682 3664 829 3711 esset
852 3664 1065 3711 auctor.
1092 3657 1349 3728 Namque
1376 3655 1652 3727 generalis
1681 3653 1981 3708 voluntatis
2011 3651 2182 3726 motio
2217 3669 2242 3699 α
2275 3649 2344 3706 ad
2375 3648 2626 3704 scriben-

57 3865 201 3912 sunt
230 3857 439 3908 verbum
470 3855 587 3916 Dei,
618 3871 681 3906 ex
709 3871 812 3921 quo
844 3856 1063 3921 Spiritus
1096 3858 1147 3906 S.
1181 3869 1265 3906 eas
1294 3869 1385 3918 per
1418 3853 1741 3904 Salomonem
1769 3853 2002 3903 elocutus
2030 3853 2124 3900 est.
2157 3853 2323 3912 Atque
2353 3849 2448 3897 boc
2477 3847 2631 3896 modo

58 3941 183 3991 lieri
220 3937 415 4001 potuit,
444 3941 507 3986 ut
538 3937 735 3998 Moyses
766 3935 955 3998 aliique
989 3934 1219 3984 historici
1258 3947 1319 3984 ex
1348 3933 1491 3984 libris
1530 3932 1638 3984 sola
1675 3934 1898 3982 humana
1933 3929 2183 3981 industria
2223 3927 2428 3991 scriptis
2459 3927 2631 3988 aliqua

58 4017 429 4074 assumserim,
462 4014 513 4065 id
540 4014 679 4079 quod
702 4015 765 4064 ab
791 4017 1000 4064 auctore
1022 4019 1069 4064 2.
1098 4013 1277 4065 Mach.
1310 4012 1423 4062 libri
1449 4013 1642 4062 sactum
1671 4025 1780 4062 esse
1803 4009 2039 4061 nonnulli
2065 4009 2198 4070 [iure
2221 4006 2426 4070 merito]
2459 4005 2634 4056 existi-

60 4099 249 4154 mant,
275 4099 542 4159 propterea
576 4092 716 4158 quod
748 4095 795 4144 is
832 4092 1029 4144 lasonis
1058 4093 1303 4155 Cyrenaei
1337 4091 1499 4142 libros
1529 4106 1558 4141 a
1599 4105 1652 4141 se
1687 4091 1740 4140 in
1780 4087 2130 4152 compendium
2164 4085 2398 4136 redactos
2435 4083 2566 4135 dicit
2605 4101 2630 4130 a

62 4181 115 4240 (2
148 4175 341 4229 Macte.
372 4177 523 4234 224).

128 4255 241 4320 (14)
276 4253 569 4304 Rectisstme
595 4256 708 4300 Em.
730 4253 1021 4302 Franzelin
1042 4250 1125 4313 (de
1148 4250 1313 4314 primo
1340 4251 1527 4300 schem.
1553 4249 1769 4299 constit.
1797 4245 2113 4308 dogmaticae
2139 4243 2432 4307 disquisitio
2463 4255 2635 4292 coram

62 4339 179 4387 PP.
198 4332 457 4395 deputetis
480 4333 597 4380 vat.
630 4330 821 4380 habita.
850 4331 979 4380 σου.
1012 4333 1129 4379 Lac.
1154 4331 1307 4378 conc.
1334 4341 1435 4379 rec.
1464 4331 1572 4378 vu.
1603 4327 1740 4389 16²1)
1773 4344 1786 4376 :
1813 4345 1836 4368 σι
1859 4325 2000 4375 Sicut
2025 4323 2270 4381 Ecclesia,
2300 4321 2422 4386 quia
2441 4320 2634 4370 infalli-

66 4415 201 4464 bilis
232 4415 340 4469 est,
374 4410 501 4460 nihil
525 4413 693 4472 potest
720 4408 931 4458 definire
956 4412 1215 4472 tamquam
1238 4407 1505 4457 veritatem
1531 4405 1807 4456 revelatam
1824 4442 1836 4460 ,
1861 4402 2002 4467 quod
2027 4416 2056 4451 a
2085 4405 2190 4452 Deo
2221 4401 2502 4451 revalatum
2533 4413 2636 4450 non

68 4497 157 4544 est
194 4509 207 4540 τ
246 4489 323 4539 ita
360 4502 569 4551 prorsus
606 4502 667 4537 ex
704 4487 881 4537 eodem
912 4489 1221 4538 charismate
1258 4485 1642 4536 infallibilitatis
1688 4483 1892 4534 nullum
1931 4480 2119 4531 librum
2156 4483 2326 4543 potest
2359 4492 2548 4544 ponere
2581 4479 2638 4528 ln

70 4581 274 4622 canone
301 4570 739 4632 scripturarum,
772 4567 863 4630 qui
886 4565 1133 4615 divinitus
1161 4565 1439 4628 inspiratus
1472 4578 1574 4614 non
1599 4566 1678 4613 est
1706 4582 1753 4613 x.
1785 4558 2090 4624 Receptione
2110 4558 2164 4609 in
2193 4571 2436 4609 canonem
2467 4557 2634 4608 Eccle-

73 4654 157 4701 sia
188 4651 415 4700 testatur
446 4659 507 4696 ac
546 4659 642 4696 nos
670 4649 839 4694 certos
872 4643 1067 4700 reldit,
1105 4643 1297 4694 librum
1327 4656 1437 4694 esse
1464 4643 1798 4706 inspiratum,
1831 4639 1920 4692 sed
1959 4653 2060 4690 non
2100 4637 2280 4696 efficit,
2307 4641 2366 4686 ut
2394 4637 2462 4688 sit
2490 4635 2642 4699 inspi-

76 4734 250 4788 ratuS,
280 4727 317 4778 i.
346 4739 393 4776 e.
424 4729 481 4775 ut
504 4726 639 4774 Deus
662 4724 731 4774 s‘t
752 4725 863 4774 e‘us
890 4726 1085 4772 auctor.
