3050 5184
820 361 896 404 DE
935 360 1096 404 unm
1141 361 1338 404 lsAIAlt·
1379 359 1745 406 Anemfflnro
1788 361 1863 404 ET
1906 361 2144 406 ORDINE.
2632 341 2748 403 379

208 491 378 546 tionis
421 507 489 546 ex
535 490 665 564 iugo
711 492 951 562 peccati,
980 492 1213 547 lectores
1255 500 1382 564 apte
1423 491 1763 560 transducit,
1794 493 2063 565 propheta
2094 493 2475 548 characterem
2502 491 2748 546 consola-

208 578 422 634 torium
444 587 500 635 et
530 576 852 635 divisionem
875 579 1038 635 huius
1067 580 1239 652 partis
1265 578 1472 636 indicat
1505 581 1674 650 (4o‚1.
1706 583 1789 652 2),
1815 597 1957 652 quae
1978 581 2191 653 integra
2214 587 2299 636 est
2326 579 2395 634 de
2423 578 2749 634 liberatione

209 683 278 721 ex
309 666 502 722 exsilio
529 675 586 724 et
613 682 680 722 ex
707 676 954 739 peccato.

287 762 336 810 1.
375 758 716 812 Terminata
742 760 828 811 est
851 754 1082 812 militia
1107 757 1154 812 i.
1182 772 1229 812 e.
1263 757 1539 813 molestia
1565 759 1621 812 et
1653 771 1949 812 aerumna
1973 755 2359 830 (⁴o‚s-48‚22).

279 843 500 898 Prima
527 845 727 898 concio
749 847 1009 912 (40,3·31)
1041 844 1345 900 Dominum
1383 843 1454 900 ob
1493 844 1801 914 potentiam
1835 853 1891 900 et
1923 843 2253 914 sapientiam
2291 857 2451 898 suam
2487 843 2752 913 populum

460 930 697 988 liberare
721 946 881 1002 posse
906 929 1090 986 docet.

285 1023 430 1073 Tres
457 1024 756 1092 sequentes
789 1022 1085 1074 conciones
1119 1023 1486 1088 (ΜΛ-4433)
1516 1017 1585 1075 de
1624 1025 1860 1092 utraque
1898 1018 2225 1075 liberatione
2268 1018 2521 1074 universe
2556 1025 2745 1089 agunt.

461 1137 532 1148 —
552 1105 824 1164 Secunda
851 1123 976 1162 eam
1009 1105 1282 1188 praedicit
1305 1107 1456 1163 velut
1483 1115 1872 1179 argumentum
1912 1107 2189 1178 potentiae
2208 1115 2267 1162 et
2292 1106 2591 1178 sapientiae
2620 1105 2753 1161 divi-

463 1211 566 1251 nae
589 1200 670 1261 (41
683 1201 870 1264 ,1-29),
896 1193 1068 1266 quulh
1087 1197 1236 1250 Deus
1257 1195 1325 1252 ab
1345 1195 1571 1252 Oriente
1592 1194 1961 1251 advocatur-us
1984 1194 2052 1249 sit
2073 1195 2277 1250 iustum
2298 1209 2460 1249 suum
2482 1195 2749 1265 (Cyrum),

465 1283 560 1354 qui
583 1297 775 1338 omnes
797 1291 1019 1354 praeter
1046 1283 1324 1339 Israelitas
1352 1282 1424 1339 sit
1451 1282 1773 1352 territurus;
1798 1313 1870 1324 —-
1896 1285 2075 1338 tertia
2114 1281 2183 1337 de
2222 1283 2397 1338 altera
2430 1281 2753 1337 liberatione

460 1372 698 1427 maxime
726 1385 894 1443 agens
923 1369 1228 1440 liberatori,
1260 1371 1352 1442 qui
1381 1379 1585 1439 terret,
1612 1369 1840 1442 opponit
1866 1372 2132 1439 alterum,
2165 1390 2192 1421 α
2221 1385 2441 1425 servum
2466 1370 2569 1425 Dei
2595 1389 2620 1421 n
2653 1371 2751 1424 mi·
2838 1362 2846 1371 '

460 1468 575 1516 tem
599 1461 857 1530 (42,1-i2)
873 1482 888 1529 3
907 1490 982 1500 -
999 1463 1225 1533 quarta
1247 1459 1316 1515 de
1344 1459 1633 1530 utriusque
1660 1459 2001 1516 liberationis
2026 1467 2249 1516 auctore
2268 1458 2555 1530 primario,
2585 1455 2752 1513 modo

461 1555 520 1603 et
547 1545 819 1604 fructibus
846 1547 924 1604 ita
951 1548 1090 1618 agit,
1124 1555 1188 1602 ut
1215 1563 1246 1603 a
1271 1554 1401 1620 typo
1431 1545 1504 1602 ad
1532 1544 1841 1620 antitypum
1870 1561 2031 1617 saepe
2066 1555 2312 1603 transeat
2335 1550 2746 1614 (flas-⁴438).

281 1635 499 1692 Tribus
529 1636 677 1691 aliis
706 1637 1081 1692 concionibus
1109 1639 1384 1704 (44,24-47
1393 1640 1502 1702 ,15)
1529 1633 1599 1690 de
1626 1635 1816 1706 priore
1842 1633 2171 1691 liberatione
2200 1633 2400 1706 agitur.
2426 1663 2499 1674 --
2521 1635 2751 1705 Quinta

467 1732 552 1778 est
579 1721 648 1778 de
677 1723 816 1796 Cyro
841 1722 1138 1778 liberatore
1168 1727 1591 1791 (44,24-45‚25);
1618 1751 1689 1764 --
1718 1725 1890 1779 sexta
1919 1721 1989 1778 de
2026 1723 2185 1780 ruina
2214 1721 2491 1778 idolorum
2519 1720 2753 1794 Babylo-

466 1811 552 1866 nis
579 1812 868 1880 (46,1-13);
900 1841 972 1852 --
998 1813 1236 1884 septima
1263 1811 1332 1866 de
1362 1809 1744 1870 humiliatione
1772 1809 2067 1884 Babylonis
2096 1813 2377 1880 <na-15).

275 1903 508 1956 Octava
547 1899 748 1954 concio
775 1899 1054 1970 (48,1-22)‚
1101 1907 1292 1969 utpote
1333 1899 1589 1955 sectionis
1630 1899 1906 1971 epilogus,
1972 1899 2029 1954 in
2069 1897 2453 1954 exhortatione
2500 1906 2755 1954 versatur

464 1985 751 2042 caritatem
779 1986 1024 2043 divinam
1047 1985 1355 2043 celebrans.

275 2081 332 2130 2.
367 2075 640 2131 Dimissa
667 2079 756 2131 est
781 2074 1081 2148 iniquitas
1111 2075 1496 2146 (49,1-57,20).

274 2163 498 2220 Prima
537 2163 737 2218 concio
779 2164 850 2218 de
892 2161 1134 2218 secundo
1182 2162 1478 2220 liberatore
1519 2165 1574 2228 (c
1620 2177 1779 2219 servo
1807 2162 1911 2218 Dei
1944 2167 1992 2230 ι)
2020 2163 2247 2234 eiusque
2283 2177 2451 2234 opere
2500 2160 2753 2218 universe

464 2257 668 2306 tractat
697 2255 982 2320 (49,1-26).

277 2339 536 2396 Duabus
563 2337 930 2412 sequentibus
955 2339 1312 2410 (50‚1-52,12)
1341 2337 1545 2394 modus
1575 2335 1895 2409 fructusque
1922 2336 2264 2394 liberationis
2292 2338 2659 2408 explicantur.
2684 2367 2752 2378 —

460 2426 736 2483 Secunda
754 2427 902 2482 enim
924 2425 1353 2484 inobedientiam
1375 2426 1554 2484 Sionis
1566 2426 1816 2483 ablatum
1834 2425 1905 2480 iri
1924 2424 2235 2482 obedientia
2261 2425 2527 2498 passionis
2556 2447 2581 2478 α
2611 2426 2753 2482 servi

464 2515 568 2570 Dei
617 2533 642 2566 ι
693 2512 876 2582 docet,
921 2519 1240 2585 (50‚1-11);
1284 2545 1356 2556 --
1393 2514 1583 2572 tertia
1617 2513 1785 2570 modo
1832 2511 2105 2586 dialogico
2142 2515 2293 2570 velut
2330 2513 2572 2570 fructum
2619 2513 2753 2570 libe-

464 2601 694 2658 rationis
738 2601 942 2674 populo
983 2603 1220 2659 salutem
1267 2603 1540 2674 promittit
1572 2611 1629 2657 et
1655 2602 1877 2658 Sionem
1924 2600 1994 2657 ad
2042 2601 2307 2674 gaudium
2349 2603 2553 2658 excitat
2582 2605 2751 2669 (51,1-

462 2693 668 2760 52,12).
2158 2711 2167 2720 ·

281 2781 423 2834 Tres
461 2777 627 2834 aliae
671 2778 968 2835 conciones
1011 2783 1364 2848 (52‚13-56‚8)
1401 2777 1632 2833 modum
1688 2777 2028 2833 liberationis
2056 2785 2111 2832 et
2150 2776 2361 2833 fructus
2400 2776 2753 2834 redemtionis

467 2867 776 2922 accuratius
823 2865 1163 2922 describunt.
1214 2895 1286 2908 —
1337 2869 1576 2938 Quarta
1627 2865 2067 2922 humiliationem
2110 2865 2499 2938 passionesque
2544 2885 2569 2916 α
2608 2866 2751 2920 servi

458 2953 563 3010 Dei
594 2975 619 3005 s
647 2953 918 3009 fructibus
949 2954 1127 3010 obiter
1161 2953 1421 3009 indicatis
1450 2951 1711 3009 describit
1752 2957 2178 3022 (52‚1a-53‚12);
2217 2981 2289 2994 —
2315 2953 2517 3025 quinta
2543 2951 2751 3008 fructus

459 3042 664 3097 exaltat
681 3041 938 3114 antiquae
958 3042 1109 3099 Sioni
1137 3041 1311 3097 sterili
1333 3050 1389 3098 et
1407 3043 1636 3113 pauperi
1662 3057 1866 3098 novam
1888 3042 2112 3098 Sionem
2136 3055 2421 3112 opponens
2452 3045 2745 3109 (54,1-17);

455 3159 529 3172 --
553 3133 718 3186 sexta
734 3138 923 3185 autem
949 3145 1154 3186 novum
1176 3128 1370 3186 foedus
1390 3129 1691 3201 promittit,
1716 3131 1873 3186 cuius
1910 3129 2139 3186 Messias
2170 3126 2387 3184 futurus
2414 3129 2487 3185 sit
2512 3129 2669 3184 testis
2695 3137 2751 3184 et

455 3217 610 3273 cuius
647 3217 938 3289 participes
980 3217 1197 3275 futurae
1243 3217 1354 3274 sint
1398 3232 1593 3274 omnes
1634 3225 1823 3290 gentes
1841 3259 1856 3286 ‚
1890 3233 2032 3288 quae
2074 3232 2203 3273 cum
2242 3217 2415 3273 Israel
2450 3233 2747 3289 congrega-

455 3303 663 3360 buntur
691 3309 1036 3374 (55,1-56,8).

267 3393 556 3464 Septima
581 3393 931 3464 (56‚9-57‚21)
955 3409 986 3449 a
1019 3392 1201 3450 sutura
1229 3393 1326 3450 illa
1353 3394 1529 3467 gloria
1550 3393 1787 3449 lectores
1812 3392 2033 3449 reducit
2057 3392 2128 3449 ad
2158 3393 2377 3449 tristem
2398 3393 2586 3465 populi
2614 3407 2747 3450 con-

457 3479 750 3549 ditionem,
793 3497 934 3552 quae
967 3479 1071 3538 fuit
1104 3488 1286 3537 aetate
1318 3480 1643 3552 prophetae.
1672 3481 1880 3538 Gentes
1910 3479 2136 3548 (bestiae
2168 3481 2365 3548 terrae)
2398 3482 2547 3538 enim
2575 3497 2746 3554 popu-

457 3569 574 3624 lum
611 3567 880 3626 devorare
912 3568 1188 3636 iubentur,
1225 3567 1322 3640 qui
1351 3569 1492 3626 vitiis
1520 3577 1579 3624 et
1614 3568 1960 3625 idololatriae
1994 3577 2079 3624 est
2117 3567 2335 3626 deditus
2372 3571 2743 3640 (56,9-57‚12)‚

457 3655 556 3712 sed
583 3672 698 3712 non
724 3656 1004 3729 integrum
1032 3656 1234 3713 reiiciet
1257 3659 1411 3713 Deus
1441 3657 1758 3728 (57,1s·21).

277 3749 332 3800 3.
359 3745 650 3817 Duplicia
687 3745 932 3817 recipiet
967 3746 1294 3801 Ierusalem
1323 3745 1358 3799 i.
1395 3761 1444 3800 e.
1487 3759 1723 3816 magnae
1750 3753 1915 3801 erunt
1950 3744 2361 3802 benedictiones
2394 3745 2747 3802 messianicae

463 3835 846 3904 (sai-sem).

277 3920 530 3976 Duabus
554 3921 779 3992 primis
823 3921 1190 3978 concionibus
1227 3923 1593 3991 (58,1-59,2ι)
1646 3919 1853 3976 iustitia
1884 3921 2101 3977 interna
2146 3919 2566 3976 commendatur
2606 3927 2745 3976 tam-
2840 3973 2847 3982 ,

459 4024 626 4080 quam
663 4009 820 4064 radix
859 4009 1082 4065 illarum
1117 4007 1588 4065 benedictionum.
1628 4039 1699 4049 —-
1736 4009 1951 4064 Prima
1989 4008 2231 4064 externis
2262 4008 2451 4080 populi
2486 4007 2744 4079 operibus

459 4111 586 4152 cum
620 4105 844 4168 peccato
873 4097 1180 4154 coniunctis
1216 4112 1402 4153 veram
1443 4096 1709 4152 iustitiam
1738 4095 1993 4168 opponit,
2027 4112 2135 4168 qua
2172 4095 2243 4152 ad
2271 4094 2587 4154 felicitatem
2616 4111 2743 4168 per-

461 4183 712 4240 veniatur
745 4185 1034 4256 (58,1-14);
1067 4215 1141 4226 —
1178 4185 1381 4241 altera
1409 4192 1634 4256 peccata
1663 4199 1782 4242 esse
1810 4185 2005 4240 salutis
2040 4183 2433 4255 impedimenta
2474 4183 2737 4253 ostendit,

455 4287 600 4344 quae
631 4271 826 4329 humili
853 4273 1194 4330 consessione
1221 4282 1594 4346 agnoscantur
1614 4280 1867 4344 oporteat
1896 4272 2174 4343 (δὲῃ-21).

289 4357 553 4432 Quinque
580 4365 874 4434 sequentes
898 4364 1200 4418 conciones
1233 4361 1584 4430 (60‚1-65‚25)
1618 4359 1686 4416 de
1717 4360 1871 4432 regni
1911 4359 2219 4416 messianici
2244 4359 2406 4416 bonis
2442 4375 2747 4432 eorumque

458 4457 684 4504 auctore
706 4457 892 4520 agunt.
923 4479 994 4489 —
1027 4450 1232 4506 Tertia
1263 4457 1348 4504 est
1378 4447 1450 4505 de
1476 4463 1652 4505 novae
1680 4447 1859 4504 Sionis
1886 4447 2089 4520 gloria,
2120 4463 2260 4520 quae
2290 4465 2357 4503 ex
2396 4448 2515 4504 eius
2542 4451 2745 4505 sancti-

457 4543 572 4592 tate
614 4537 858 4592 exoritur
890 4536 1182 4608 (60,1—22);
1212 4568 1284 4577 —
1313 4543 1537 4610 quarta
1578 4543 1861 4591 auctorem
1899 4534 2061 4591 buius
2105 4536 2310 4608 gloriae
2351 4537 2591 4594 celebrat
2632 4544 2741 4606 (61,

461 4623 639 4694 1·11)·‚
668 4653 740 4664 --
763 4625 971 4698 quinta
996 4623 1328 4681 desiderium
1360 4640 1537 4680 novae
1564 4624 1742 4680 Sionis
1765 4621 1965 4679 excitat
1994 4628 2291 4696 (62,1-12);
2320 4655 2391 4665 -
2417 4632 2591 4683 sexta
2620 4642 2744 4697 pas·

459 4711 704 4782 sionem,
731 4728 840 4780 qua
867 4713 1093 4769 Messias
1117 4713 1260 4769 hanc
1291 4712 1524 4784 gloriam
1546 4712 1779 4782 meruit,
1808 4721 2142 4785 peccataque
2172 4712 2358 4784 populi
2386 4715 2506 4770 Deo
2526 4729 2743 4784 semper
