3050 5184
875 332 950 375 na
992 331 1288 375 manontm
1331 330 1565 375 sanum
1604 328 1870 373 erumna.
2522 311 2641 367 245

143 462 270 517 sione
298 470 480 533 postea
503 478 616 519 non
638 463 876 533 amplius
899 462 1018 517 lieri
1041 477 1376 529 sermonem,
1399 470 1567 533 atque
1597 460 1869 515 Davidem
1888 460 2010 515 aliis
2034 458 2255 528 proeliis
2275 456 2445 513 tiliam
2462 456 2645 513 Saulis

141 548 221 603 sibi
247 552 506 607 meruisse
535 551 730 619 (18,7);
762 549 964 605 etenim
993 566 1060 605 ex
1088 550 1402 621 Scripturae
1431 549 1647 605 silentio
1672 564 1786 603 non
1816 546 2226 603 demonstratur
2250 544 2641 615 contradictio,

143 645 186 690 et
205 638 326 691 satis
355 637 508 695 facile
535 638 875 711 intelligitur,
907 652 1007 692 cur
1045 637 1176 694 Saul
1198 635 1269 693 de
1297 636 1599 709 magnificis
1624 638 1737 690 suis
1768 633 2223 705 promissionibus
2256 649 2371 688 non
2408 635 2645 703 amplius

142 724 196 777 sit
212 726 432 781 locutus.
456 756 527 766 -—
545 726 840 793 e.)1terum
867 726 913 781 1.
941 730 1066 794 ¹92²
1085 740 1208 797 sqq.
1232 733 1288 779 et
1313 730 1442 791 2o,2
1461 740 1591 795 sqq.
1608 724 1753 778 inter
1780 737 1840 777 se
1864 736 2111 793 pugnare
2130 720 2417 786 dicuntum
2440 722 2645 777 rectius

143 820 296 866 autem
319 818 444 879 203
473 828 596 885 sqq.
629 811 992 883 praecedente
1020 812 1276 883 pericopa
1297 828 1408 867 non
1441 810 1725 882 supposita
1751 808 1981 881 intelligi
2002 816 2251 879 negatur.
2273 809 2467 877 Neque
2496 809 2641 864 enim

144 900 538 963 2⁰,210nathan
561 909 776 971 patrem
793 916 958 955 suum
977 898 1198 955 insidias
1216 898 1414 955 Davidi
1431 907 1645 954 struere
1669 905 1851 969 negat,
1874 895 1972 952 sed
1994 904 2179 967 sperat
2198 893 2317 951 fore
2332 934 2349 960 ,
2376 902 2440 947 ut
2465 896 2641 951 David

143 983 314 1041 abeius
341 986 592 1043 hostibus
615 1003 728 1043 non
755 985 1065 1057 occidatur3
1097 986 1260 1043 simul
1287 990 1418 1041 vero
1448 984 1520 1041 ad
1546 984 1719 1056 patris
1749 986 2121 1039 iuramentum
2152 981 2318 1051 (19,⁷)
2347 983 2642 1052 respiciens

144 1088 311 1143 eaque,
337 1090 480 1146 quae
505 1083 698 1146 postea
736 1073 1052 1130 acciderant
1095 1078 1244 1142 (19,9
1277 1079 1445 1145 sqq.)‚
1477 1081 1576 1129 aut
1610 1073 1875 1145 ignorans
1901 1079 1998 1127 aut
2036 1070 2217 1125 subito
2257 1069 2431 1141 patris
2468 1069 2641 1126 furori

141 1158 426 1229 attribuens,
451 1162 572 1219 iure
591 1161 808 1229 asserit,
823 1160 1024 1217 Davidi
1043 1160 1150 1217 isto
1167 1169 1420 1233 tempore
1442 1176 1475 1215 a
1501 1169 1656 1232 patre
1673 1176 1787 1215 non
1810 1158 2099 1215 imminere
2120 1156 2427 1228 periculum
2450 1163 2637 1225 (20‚2).

195 1246 260 1316 b.)
281 1249 554 1319 Quoniam
577 1249 840 1305 eiusdem
879 1250 968 1305 rei
1016 1248 1298 1305 diversae
1338 1249 1664 1304 relationes
1690 1247 1749 1303 in
1787 1262 1953 1318 opere
1988 1246 2353 1314 inveniantur,
2392 1246 2639 1316 ineptum

141 1335 524 1405 compilatorem
566 1345 854 1393 auctorem
899 1336 1093 1393 dicunt
1122 1336 1444 1393 adversarii.
1474 1337 1593 1391 Iam
1636 1350 1767 1391 vero
1806 1342 2089 1390 auctorem
2135 1347 2236 1403 pro
2273 1333 2639 1389 Orientalium
2709 1333 2715 1341 “

141 1436 268 1478 more
291 1423 372 1479 bis
401 1434 556 1479 terve
583 1424 734 1479 idem
756 1423 964 1481 factum
993 1424 1202 1480 rcl'erre
1219 1424 1284 1479 iis
1299 1424 1358 1479 in
1373 1422 1765 1488 occasionibus,
1788 1422 1847 1477 in
1868 1420 2067 1493 quibus
2084 1428 2359 1476 nostrates
2384 1436 2415 1474 a
2443 1422 2637 1490 repeti·

141 1508 261 1565 tione
284 1510 694 1581 abstinuissent,
723 1528 838 1567 non
863 1528 1132 1583 negamus
1148 1512 1199 1579 ⁸3
1231 1520 1288 1569 at
1316 1510 1485 1579 hisce,
1517 1510 1716 1582 quibus
1734 1525 1837 1564 nec
1864 1508 2163 1565 auctoritas
2183 1523 2287 1563 nec
2313 1507 2495 1562 unitas
2512 1507 2637 1564 libri

141 1594 356 1665 laeditur,
393 1615 512 1655 non
550 1600 799 1657 contenti
828 1598 1026 1656 similia
1067 1599 1212 1655 sacta
1245 1600 1438 1655 dicunt
1473 1598 1674 1654 eadem
1708 1612 1857 1663 esse,
1893 1605 1957 1652 ut
1984 1596 2201 1667 ineptae
2238 1594 2637 1665 compilationis

141 1687 516 1742 accusationem
543 1686 792 1744 fulciant.
823 1687 916 1743 Bis
942 1688 1166 1744 Saulem
1187 1687 1246 1743 in
1274 1685 1542 1741 Davidem
1581 1686 1832 1741 lanceam
1859 1683 2071 1739 misisse
2100 1684 2165 1753 (Ι.
2198 1688 2359 1750 18,10
2380 1696 2460 1752 sq.
2515 1687 2639 1748 19,9

140 1777 242 1841 sq),
269 1772 346 1829 bis
372 1773 648 1831 Davidem
671 1774 744 1831 ad
769 1790 957 1847 regem
985 1773 1156 1831 Achis
1182 1773 1384 1847 fugisse
1409 1776 1476 1841 (1.
1497 1778 1664 1842 21,10
1682 1788 1836 1843 sqq.;
1866 1777 1989 1839 27,1
2018 1775 2185 1842 sqq.)‚
2211 1770 2294 1827 bis
2312 1784 2439 1826 eum
2456 1770 2634 1826 Saulis

141 1859 254 1915 vitae
282 1861 594 1933 pepercisse
618 1865 686 1929 (Ι.
705 1868 874 1929 28‚29
896 1878 1016 1935 sqq.
1046 1872 1102 1918 et
1125 1868 1249 1928 26,1
1281 1862 1637 1933 sqq.)negant
1670 1858 1988 1927 adversarii,
2019 1874 2201 1931 neque
2239 1858 2427 1914 vident
2464 1859 2507 1912 Ι.
2544 1863 2627 1923 13,

143 1950 190 1999 13
207 1947 268 2003 de
291 1951 590 2005 reiectione
615 1950 826 2005 domus
853 1950 1061 2018 SauliS,
1087 1954 1247 2018 15,10
1270 1964 1351 2020 sq.
1376 1947 1446 2004 de
1482 1951 1670 2020 ipsius
1695 1948 1871 2003 Saulis
1898 1946 2280 2017 reprobatione
2296 1989 2309 2015 ,
2341 1953 2436 2013 aut
2466 1948 2507 2001 1.
2544 1952 2631 2011 10,

142 2040 190 2087 10
211 2051 323 2107 sqq.
352 2036 424 2094 de
454 2037 694 2109 origine,
730 2043 889 2105 19,23
913 2053 997 2110 sq.
1027 2036 1098 2093 de
1125 2036 1543 2093 confirmatione
1574 2034 1843 2106 proverbii
1869 2049 2051 2103 agere.

190 2126 252 2185 c.)
274 2126 598 2196 imperitum
627 2126 1046 2196 compilatorem
1068 2124 1438 2180 demonstrari
1467 2131 1660 2194 putant
1684 2122 1858 2178 vario
1876 2120 2181 2177 narrandi
2208 2121 2380 2178 modo
2398 2120 2629 2176 clausu·

143 2206 298 2279 iisque
325 2214 521 2286 inepte
549 2216 926 2269 transicmus.
955 2214 1382 2284 conqueruntur
1399 2210 1625 2278 scilicet,
1654 2210 1801 2281 quod
1830 2208 2132 2265 nonnullae
2153 2209 2397 2264 minutae
2418 2224 2507 2264 res
2534 2224 2632 2263 ac·

140 2306 294 2354 curate
319 2308 372 2356 et
398 2300 551 2365 fuse,
581 2300 820 2356 maiores
845 2308 1031 2356 autem
1071 2308 1300 2355 eventus
1339 2298 1617 2355 interdum
1656 2298 1835 2365 ieiune
1872 2306 1928 2353 et
1968 2296 2145 2353 obiter
2180 2300 2489 2353 tradantur.
2516 2296 2626 2353 Sed

137 2388 344 2443 auctoris
370 2397 456 2444 est
483 2388 744 2455 delinire,
773 2404 914 2460 quae
939 2397 996 2443 et
1019 2386 1297 2459 quomodo
1325 2386 1537 2459 singula
1560 2385 1780 2441 tradere
1804 2386 1933 2441 velit
1960 2400 2061 2457 pro
2084 2384 2192 2441 fine
2238 2385 2537 2457 proposito.
2572 2385 2629 2441 Si

139 2478 284 2530 totam
306 2475 600 2535 historiam
625 2493 656 2532 a
684 2476 968 2532 nativitate
994 2474 1260 2531 Samuelis
1287 2490 1462 2547 usque
1490 2472 1561 2529 ad
1578 2481 1813 2529 mortem
1835 2472 2058 2529 Davidis
2083 2472 2242 2529 nobis
2272 2488 2500 2529 narrare
2528 2489 2625 2527 vo-

138 2557 313 2629 luisset,
343 2562 414 2621 dc
440 2564 928 2637 praetermissione
957 2564 1258 2619 multarum
1283 2578 1470 2618 rerum
1500 2570 1607 2617 etc.
1638 2562 1755 2617 iure
1790 2576 2281 2633 conquereremur3
2316 2569 2373 2616 at
2400 2560 2488 2616 bic
2518 2574 2629 2615 non

139 2646 230 2702 eius
245 2648 340 2706 suit
369 2652 514 2709 finis.
545 2653 706 2709 Brevi
727 2660 1023 2722 conspectu
1048 2650 1342 2717 bellorum,
1375 2650 1575 2721 quibus
1598 2648 1776 2704 David
1813 2648 1949 2703 lines
1977 2648 2131 2721 regni
2158 2647 2403 2704 extendit
2428 2649 2520 2714 (ΙΙ.
2568 2654 2622 2716 8,

139 2740 278 2803 1-18),
308 2739 524 2795 felicem
554 2748 758 2795 sortem
787 2740 930 2811 regis
958 2754 990 2795 a
1013 2740 1132 2793 Deo
1160 2737 1335 2797 adiuti
1353 2738 1556 2794 clarius
1582 2738 1838 2805 illustrat,
1864 2751 2029 2807 quam
2055 2737 2103 2791 si
2127 2736 2285 2809 longa
2310 2736 2626 2791 narratione

138 2824 288 2879 omnia
317 2826 456 2884 bella
496 2826 904 2898 descripsisset3
937 2834 1104 2897 atque
1136 2826 1331 2881 similia
1369 2823 1438 2880 de
1475 2824 1595 2879 aliis
1632 2824 1749 2879 cius
1783 2822 1935 2879 modi
1960 2823 2199 2879 textibus
2237 2823 2342 2878 dici
2373 2833 2621 2893 possunt.

137 2936 190 2948 —-
212 2912 482 2970 clausulae
514 2913 741 2969 demum
767 2914 1066 2969 nonnullae
1103 2928 1293 2968 revera
1320 2912 1693 2979 inveniuntur,
1726 2910 1823 2968 sed
1861 2928 1975 2967 non
2008 2928 2073 2967 ex
2104 2911 2223 2967 aliis
2246 2910 2400 2967 libris
2427 2911 2482 2965 in
2520 2911 2625 2967 hoc

34 3016 36 3021 ·
137 3008 246 3065 opus
289 3010 662 3071 transumtae,
695 3000 789 3056 sed
829 3001 899 3057 ab
935 3010 1160 3057 auctore
1202 3001 1321 3072 ipso
1354 3000 1721 3072 compositae,
1757 3000 1953 3072 quibus
1990 3008 2173 3069 partes
2207 2999 2296 3054 vel
2331 2999 2627 3085 particulas

137 3082 228 3139 eius
256 3086 614 3161 distingueret
639 3092 705 3156 (1.
746 3095 1003 3159 7‚15-17;
1035 3094 1325 3158 14,47-52;
1355 3090 1428 3144 11.
1461 3092 1757 3157 20,23-26).

195 3238 246 3293 4.
269 3268 344 3281 -
365 3238 537 3297 Nihil
570 3254 716 3315 ergo
747 3239 808 3297 in
846 3238 1026 3298 libris
1059 3237 1307 3297 Samuel
1344 3238 1675 3315 reperitur,
1708 3224 1876 3316 quod
1906 3237 2328 3314 negligentem
2364 3236 2465 3296 vel
2502 3236 2622 3295 im-

143 3331 375 3403 peritum
405 3335 891 3413 compilatorem
914 3334 1166 3412 prodat;
1192 3334 1506 3393 sollertem
1529 3334 1740 3411 potius
1758 3333 1951 3393 fuisse
1980 3338 2301 3392 auctorem
2318 3378 2331 3404 ‚
2355 3333 2627 3410 perfecta

34 3426 36 3489 ξ
139 3430 311 3502 operis
339 3433 548 3491 unitas
580 3432 781 3491 docet.
815 3430 1112 3501 Quisnam
1141 3435 1350 3493 autem
1384 3430 1601 3499 suerit,
1631 3430 1980 3507 ignoratum
2013 3429 2144 3489 sola
2162 3430 2297 3489 eius
2325 3433 2495 3489 aetas
2520 3430 2627 3489 ali-

34 3522 36 3601 3
138 3536 232 3595 qua
253 3542 388 3586 cum
421 3527 983 3588 verisimilitudine
1012 3526 1264 3611 definiri
1293 3529 1520 3604 potest.
1548 3526 1784 3586 Paucae
1819 3527 1987 3586 enim
2019 3526 2271 3587 notulae
2310 3526 2486 3605 operi
2527 3527 2623 3585 in-

137 3626 300 3682 seriae
324 3640 464 3685 eum
497 3628 646 3704 post
669 3624 846 3702 regni
873 3624 1242 3683 scissionem
1273 3624 1598 3700 scripsisse
1624 3622 1876 3695 docent;
1904 3626 2342 3700 argumentum
2375 3638 2521 3681 vero
2562 3628 2625 3681 et

34 3710 36 3715 ’
141 3711 249 3773 [inis
280 3721 459 3781 aelati
507 3721 816 3783 Roboami
859 3725 1238 3793 consonant3
1277 3736 1464 3797 quare
1503 3708 1848 3797 prophetae
1888 3718 2137 3779 cuidam
2177 3720 2358 3779 istius
2401 3718 2622 3778 aetatis

139 3824 262 3885 opus
275 3817 738 3878 attribuendum
758 3817 1028 3885 videtur,
1057 3816 1164 3894 qui
1182 3815 1510 3892 descriptis
1533 3814 1737 3893 regiae
1761 3814 2081 3891 dignitatis
2102 3814 2298 3873 initiis
2319 3815 2625 3892 populum

141 3911 186 3963 el
203 3924 390 3987 regem
417 3913 686 3973 edocere
711 3913 939 3982 voluit,
974 3918 1354 3989 quantopere
1381 3928 1418 3969 a
1446 3915 1617 3971 recto
1641 3911 1891 3970 tramite
1922 3911 2337 3970 aberrassent.

191 4019 296 4076 Post
321 4024 608 4093 Davidem,
635 4023 765 4079 licet
783 4024 902 4079 eius
927 4032 1164 4079 mortem
1201 4040 1315 4079 non
1352 4023 1575 4091 referat,
1608 4032 1891 4078 auctorem
1929 4023 2143 4090 vixisse,
2185 4022 2345 4091 longe
2376 4020 2620 4091 plerique

140 4102 416 4178 interpretes
441 4112 810 4174 consentiunt,
839 4110 1012 4181 idque
1036 4120 1202 4166 recte.
1231 4112 1372 4167 Nam
1408 4109 1671 4182 loquendi
1695 4110 1925 4166 modum
1949 4119 2127 4165 aetate
2155 4108 2423 4164 Samuelis
2450 4107 2621 4163 usita-

139 4197 228 4247 tum
253 4198 506 4268 explicare
524 4198 716 4255 debuit
739 4200 806 4265 (1.
838 4200 973 4269 9‚9),
999 4198 1144 4253 tiliae
1164 4198 1304 4269 regis
1333 4214 1553 4269 quoque
1569 4207 1821 4269 tempore
1850 4197 2075 4253 Davidis
2096 4206 2147 4253 et
2170 4205 2417 4266 tempore
2436 4202 2621 4249 aucto-

185 4382 342 4447 {³)Ex.
367 4404 439 4451 gr.
472 4393 512 4442 1.
547 4396 655 4449 25.1
692 4397 744 4441 et
778 4397 888 4449 2853
921 4391 1078 4453 (mors
1113 4390 1396 4454 Samuelis),
1436 4391 1476 4440 1.
1515 4395 1619 4450 16,1
1658 4404 1767 4455 sqq.
1815 4393 1867 4439 et
1907 4394 2043 4448 1212
2072 4404 2183 4452 sqq.
2222 4388 2427 4449 (familia
2458 4388 2617 4436 Davi-

139 4457 218 4523 dis)
248 4468 332 4517 etc.
372 4470 480 4520 Huc
517 4485 620 4519 non
659 4474 884 4534 spectant
923 4472 988 4519 11.
1019 4474 1214 4528 &le-18
1256 4472 1307 4519 et
1339 4474 1575 4529 20‚23·26
1617 4469 1859 4533 (ministri
1896 4468 2129 4523 Davidis,
2166 4481 2281 4516 nam
2320 4465 2383 4518 de
2418 4465 2620 4517 diverso

145 4540 328 4605 wilpere
352 4550 550 4611 agitur),
581 4550 742 4600 multo
769 4549 936 4599 minus
968 4549 1006 4598 1.
1031 4552 1178 4607 .17,3ι
1215 4561 1326 4613 sqq.
1353 4551 1404 4597 et
1431 4551 1496 4599 11.
1527 4552 1687 4607 21,19‚
1718 4547 1841 4611 quia
1874 4546 2003 4596 alter
2041 4549 2211 4596 textus
2242 4552 2325 4595 est
2349 4548 2623 4611 corruptus

145 4620 184 4664 el
203 4620 403 4675 adhibito
429 4631 572 4677 textu
606 4635 623 4678 1
655 4632 782 4678 Par.
809 4634 920 4681 203
947 4627 1222 4677 sanandus.
