3050 5184
382 350 509 414 650
813 329 819 338 ’
1308 327 1310 330 ⁴
1547 361 1748 406 mnsx.

802 499 833 564 §
861 501 949 552 20.
978 498 1061 551 De
1092 494 1363 556 librorum
1392 495 1616 552 Samuel
1643 493 1858 566 origine
1870 528 2732 549 .............
2812 491 2884 540 242

803 588 835 652 5
863 589 953 640 21.
981 586 1063 639 De
1092 583 1359 639 librorum
1389 581 1608 638 Samuel
1633 581 1962 637 auctoritate
1973 615 2738 640 ............
2814 577 2884 626 216

657 725 847 795 Caput
876 728 946 778 V.
976 725 1061 778 De
1090 729 1140 778 3.
1173 732 1228 779 et
1254 730 1308 778 4.
1336 721 1490 779 libris
1516 726 1733 794 Regum
1747 757 2739 779 ...............
2814 721 2894 768 247

802 813 832 878 5
859 816 948 865 22.
976 812 1061 865 De
1091 810 1359 866 librorum
1393 817 1445 866 3.
1476 816 1509 865 4
1547 812 1763 882 Regum
1793 817 2147 890 argumento,
2173 807 2469 874 divisione,
2498 805 2666 860 fine..
2725 849 2739 862 .
2815 807 2894 856 247

804 901 837 965 5
862 904 953 954 23.
980 900 1066 954 De
1094 898 1303 970 origine
1334 897 1602 953 librorum
1631 904 1683 952 3.
1715 907 1746 952 4
1778 899 1990 968 Regum
1999 934 2738 951 ............
2812 895 2899 943 250

804 989 835 1053 5
864 991 953 1040 24.
980 986 1422 1042 De'auctoritate
1450 985 1724 1042 librorum
1751 991 1804 1040 3.
1833 990 1868 1040 4
1898 986 2134 1056 Regum.
2149 995 2189 1041 .·
2219 1021 2740 1040 ........
2815 982 2900 1032 253

803 1077 835 1142 5
861 1078 946 1129 25.
976 1075 1060 1129 De
1080 1073 1391 1144 praecipuis
1410 1072 1819 1128 commentariis
1841 1071 1989 1128 cath.
2010 1070 2066 1154 in
2092 1070 2152 1126 ll.
2179 1070 2401 1127 Samuel
2423 1078 2478 1125 et
2500 1071 2749 1140 Regum.
2815 1071 2900 1119 255

628 1215 821 1286 Caput
853 1217 946 1270 VI.
976 1215 1061 1268 De
1087 1212 1305 1269 duobus
1335 1213 1483 1269 libris
1515 1212 1976 1284 Paralipomenon
1981 1249 2742 1271 ............
2817 1211 2900 1260 257

804 1307 836 1371 5
864 1306 951 1356 26.
978 1303 1063 1355 De
1090 1300 1553 1371 Paralipomenon
1588 1307 1944 1372 argumento,
1977 1299 2273 1366 divisione,
2313 1297 2422 1354 fine
2435 1337 2742 1353 .....
2817 1299 2898 1348 257

806 1392 836 1456 5
862 1394 950 1443 27.
982 1387 1299 1460 Deorigine
1325 1389 1790 1459 Paralipomenon
1799 1425 2742 1447 ..............
2817 1387 2902 1436 260

806 1479 837 1543 5
864 1481 951 1531 28.
980 1478 1065 1532 De
1092 1475 1552 1546 Paralipomenon
1581 1475 1906 1531 auctoritate
1913 1511 2742 1532 .............
2819 1475 2898 1524 261

806 1567 837 1631 5
864 1569 950 1618 29.
986 1567 1063 1618 De
1092 1563 1401 1634 praecipuis
1428 1561 1838 1619 commentariis
1863 1561 2012 1618 cath.
2041 1563 2100 1618 in
2125 1560 2591 1632 paralipomena..
2649 1597 2665 1610 .
2728 1599 2742 1613 .
2819 1563 2904 1612 265

588 1706 787 1775 Caput
820 1707 953 1758 VII.
981 1705 1065 1758 De
1094 1701 1310 1758 duobus
1336 1703 1491 1758 libris
1520 1701 1726 1758 Esdrae
1739 1740 2743 1761 ...............
2819 1703 2908 1752 266

808 1793 837 1857 5
868 1795 954 1845 30.
984 1792 1069 1845 De
1096 1789 1365 1846 librorum
1392 1788 1600 1846 Esdrae
1629 1798 1986 1860 argumento,
2014 1788 2310 1854 divisione,
2338 1789 2470 1846 line.
2503 1834 2515 1846 .
2576 1829 2594 1842 .
2649 1835 2662 1845 .
2725 1829 2741 1843 .
2821 1791 2908 1840 266

804 1881 835 1943 5
856 1874 950 1933 31.
980 1881 1063 1932 De
1087 1878 1299 1949 origine
1328 1876 1600 1933 librorum
1627 1876 1836 1933 Esdrae
1843 1915 2742 1936 ..............
2820 1879 2909 1929 268

806 1969 836 2032 5
865 1970 952 2020 32.
980 1965 1417 2021 De-auctoritate
1442 1964 1714 2020 librorum
1737 1963 1943 2020 Esdrae
1957 2003 2742 2022 ............
2821 1968 2910 2017 270

804 2055 835 2119 5
863 2057 950 2107 33.
978 2054 1063 2107 De
1092 2052 1403 2123 praecipuis
1424 2052 1837 2108 commentariis
1865 2052 2013 2108 cath.
2048 2052 2104 2106 in
2135 2051 2304 2108 libros
2337 2049 2560 2107 Esdrae.
2578 2096 2591 2109 .
2650 2099 2664 2110 .
2725 2097 2742 2108 .
2821 2055 2904 2106 271

582 2177 765 2245 Caput
795 2176 951 2228 VIII.
981 2176 1064 2229 De
1094 2173 1233 2230 libro
1260 2174 1467 2230 Tobiae
1478 2213 2664 2232 ..................
2726 2218 2742 2231 .
2821 2179 2904 2226 271

804 2264 835 2329 S
864 2267 952 2318 34.
978 2265 1062 2318 De
1090 2261 1218 2318 libri
1240 2261 1446 2318 Tobiae
1479 2263 1750 2332 textibuS,
1776 2269 2136 2334 argumento,
2173 2261 2280 2316 fine
2293 2302 2740 2320 .......
2819 2267 2906 2316 271

804 2353 835 2416 5
866 2354 952 2404 35.
981 2352 1065 2405 De
1087 2350 1415 2404 auctoritate
1438 2356 1494 2405 et
1516 2348 1732 2416 origine
1756 2349 1881 2405 libri
1907 2347 2116 2405 Tobiae
2121 2389 2740 2408 ..........
2819 2353 2908 2404 273

619 2481 815 2548 Caput
842 2483 948 2536 IX.
974 2481 1060 2537 De
1084 2479 1229 2537 libi-o
1256 2480 1441 2536 Iudith
1456 2525 1741 2540 .....
1785 2505 1792 2518 ’
1801 2519 2744 2538 ..............
2819 2484 2910 2534 276

802 2571 833 2635 5
862 2573 948 2622 36.
976 2570 1061 2623 De
1084 2568 1350 2635 textibus,
1382 2577 1708 2642 argumento
1725 2611 1738 2637 ‚
1765 2569 1876 2624 fine
1903 2567 2030 2625 libri
2057 2567 2242 2624 Iudith
2259 2609 2740 2628 ........
2819 2574 2910 2622 276

802 2658 833 2722 5
863 2661 948 2710 37.
979 2658 1062 2710 De
1086 2655 1213 2711 libri
1237 2653 1423 2711 Iudith
1448 2656 1780 2711 auctoritate
1809 2664 1865 2712 et
1889 2655 2102 2732 origine
2115 2695 2738 2716 ..........
2819 2661 2908 2710 278

645 2780 843 2848 Caput
871 2780 946 2831 X.
976 2780 1059 2833 De
1084 2777 1223 2832 libro
1254 2775 1453 2833 Esther
1464 2818 2664 2838 ..................
2722 2821 2742 2834 .
2819 2783 2908 2834 282

800 2868 832 2932 5
863 2871 947 2920 38.
977 2868 1062 2920 De
1087 2865 1215 2921 libri
1245 2865 1447 2921 Esther
1474 2865 1744 2935 textibuS‚
1782 2874 2137 2938 argumento,
2168 2863 2278 2920 finc
2291 2904 2737 2926 .......
2819 2871 2906 2920 284

710 2959 714 2964 “
800 2956 832 3020 5
861 2958 948 3008 39.
976 2955 1059 3008 De
1083 2953 1415 3009 auctoritate
1438 2961 1495 3008 et
1518 2953 1730 3025 origine
1753 2953 1879 3008 libri
1903 2953 2104 3009 Esther
2111 2993 2660 3013 .........
2722 2999 2740 3012 .
2821 2959 2908 3010 284

626 3076 815 3144 Caput
840 3077 945 3130 XI.
976 3078 1058 3130 De
1087 3074 1303 3146 duobus
1341 3075 1808 3132 Machabaeorum
1838 3076 1992 3131 libris
2005 3115 2736 3134 ...........
2819 3083 2910 3132 288

800 3165 831 3228 5
858 3168 949 3217 40.
975 3163 1061 3218 De
1090 3165 1375 3236 utriusque
1403 3162 1532 3218 libri
1557 3163 1742 3221 Mach.
1771 3172 2095 3236 argumento
2123 3172 2179 3219 et
2202 3164 2308 3219 fine
2321 3206 2736 3226 .......
2817 3172 2912 3221 288

798 3253 829 3317 5
856 3255 948 3305 41.
974 3251 1058 3306 De
1087 3256 1375 3321 utriusque
1412 3250 1540 3305 libri
1574 3251 1784 3324 origine
1802 3295 1815 3318 ‚
1845 3250 2061 3321 indole,
2095 3251 2418 3308 auctoritate
2429 3293 2735 3308 .....
2819 3257 2906 3308 291

802 3341 947 3406 542.
978 3341 1059 3393 De
1100 3338 1407 3409 praecipuis
1450 3339 1864 3395 commentariis
1905 3339 2053 3395 cath.
2105 3340 2164 3394 in
2206 3340 2264 3408 ll.
2309 3339 2472 3408 Tob.,
2515 3339 2741 3412 Iudith,

1040 3424 1219 3493 Esus„
1261 3424 1520 3484 Machab.
1579 3468 1593 3481 .
1621 3449 1624 3454 ·
1651 3465 2655 3485 ...............
2715 3475 2732 3488 .
2817 3435 2912 3485 295

464 3576 876 3630 Dtssnnnno
908 3591 960 3630 v.
986 3578 1073 3629 De
1106 3561 1333 3630 Veter'ts
1362 3578 1513 3629 Tesc.
1547 3559 1716 3636 cebris
1739 3575 2055 3632 didactiois
2069 3618 2728 3636 ..........
2815 3583 2910 3634 297

674 3701 867 3769 Caput
894 3699 943 3752 I.
970 3697 1055 3753 De
1082 3713 1237 3752 sacra
1267 3699 1417 3769 poesi
1440 3697 1874 3754 Hebraeorum..
1931 3699 1944 3754 ’.
2003 3741 2728 3760 ...........
2815 3709 2910 3758 297

830 3788 860 3852 5
893 3790 940 3840 1.
967 3785 1053 3840 De
1078 3784 1391 3858 rhythmica
1421 3785 1806 3842 hebraicorum
1837 3787 2148 3843 carminum
2177 3797 2507 3844 structura..
2564 3832 2578 3844 .
2639 3836 2651 3847 .
2710 3836 2725 3849 .
2811 3797 2908 3846 297

828 3877 860 3941 5
886 3879 939 3928 2.
968 3875 1052 3928 De
1080 3873 1393 3928 carminum
1423 3872 1578 3929 hebr.
1610 3874 1897 3945 speciebus
1924 3884 1981 3931 et
2007 3873 2078 3931 de
2109 3874 2345 3932 dictione
2372 3877 2615 3949 poetica.
2638 3921 2655 3934 .
2712 3925 2726 3937 .
2815 3887 2912 3936 300

647 4000 842 4070 Caput
869 3999 942 4051 II.
972 3999 1055 4051 De
1078 3995 1219 4052 libro
1248 3996 1375 4054 lob.
1403 4018 1412 4024 ·
1436 4038 2726 4062 ...................
2813 4010 2908 4060 303

833 4088 867 4152 5
895 4091 945 4140 3.
973 4086 1059 4139 De
1086 4093 1445 4156 argumente,
1477 4083 1777 4154 divisione,
1810 4087 1918 4142 line
1951 4085 2078 4142 libri
2101 4087 2200 4144 Iob
2215 4129 2725 4147 ........
2811 4099 2908 4147 303

833 4175 865 4239 5
890 4177 944 4228 4.
974 4174 1057 4228 De
1085 4171 1209 4228 libri
1242 4171 1341 4228 Iob
1369 4172 1584 4244 origine
1609 4181 1668 4229 et
1691 4173 2008 4245 integritate
2021 4215 2722 4238 ...........
2811 4185 2906 4236 307

836 4263 868 4328 5
894 4266 948 4315 5.
975 4262 1060 4315 De
1085 4259 1216 4316 libri
1252 4260 1353 4317 Iob
1383 4261 1709 4317 auctoritate
1722 4303 2722 4326 ...............
2809 4273 2908 4324 310

834 4351 866 4416 5
891 4353 943 4404 6.
972 4351 1057 4402 De
1082 4347 1390 4419 praecipuis
1416 4349 1826 4404 commentariis
1853 4350 2001 4407 cath.
2033 4351 2090 4407 in
2113 4351 2320 4408 librum
2347 4351 2472 4411 Iob.
2493 4398 2506 4409 .
2565 4395 2580 4408 .
2636 4399 2649 4411 .
2703 4397 2719 4410 .
2809 4363 2906 4412 312

628 4476 810 4544 Capul
836 4475 941 4527 III.
974 4474 1058 4527 De
1084 4471 1351 4527 Psalterio
1380 4471 1634 4528 davidico
1647 4515 2721 4534 ................
2807 4485 2906 4534 313

832 4563 867 4626 5
896 4563 949 4614 7.
978 4561 1060 4613 De
1087 4558 1342 4614 Psalterii
1370 4561 1715 4630 nominibuS,
1747 4561 2040 4632 divisione,
2074 4562 2270 4620 ordine
2283 4603 2718 4624 .......
2805 4573 2906 4622 313

836 4649 867 4714 5
896 4652 949 4702 8.
977 4649 1062 4702 De
1086 4646 1435 4704 Psalmorum
1472 4648 1917 4721 inscriptionibus
1928 4691 2717 4713 ............
2803 4661 2906 4711 316
