3050 5184
356 318 472 378 158
592 334 873 380 msromx
921 334 1269 380 exuensnos.
1314 302 1572 377 —⁸cxr.
1629 332 1712 377 ιν.
1771 332 2097 377 οΑτΗοιῐοΑ
2152 330 2655 375 ιΝΤΕΒΡΒΕΊ-Ατιο.

356 464 679 536 plerumque
704 465 1156 536 explicationibus
1182 480 1388 521 nomen
1410 464 1618 531 PatriS,
1645 464 1734 519 cui
1763 462 2053 530 debentur,
2087 462 2439 531 adscribitur,
2466 461 2561 517 sed
2593 478 2623 517 a
2659 460 2910 517 librariis

356 552 630 621 permulta
666 553 889 609 nomina
920 552 1175 612 videntur
1201 568 1321 609 esse
1349 559 1690 623 permutata,
1730 559 1793 606 ut
1819 550 2142 607 omnimoda
2181 549 2320 606 fides
2347 551 2426 605 eis
2469 566 2584 605 non
2627 548 2699 604 sit
2729 547 2904 604 adhi-

355 638 554 695 benda.
593 642 802 697 Multae
840 650 1069 697 catenae
1114 656 1343 711 graecae
1378 641 1522 712 typis
1563 648 1693 695 sunt
1728 638 2065 710 descriptae,
2107 639 2249 694 aliae
2286 638 2346 693 in
2386 637 2669 693 codicibus
2712 636 2911 692 adhue

356 725 555 795 latent;
582 727 728 785 inter
754 730 1050 801 impressas
1076 728 1299 784 maioris
1326 728 1669 784 auctoritatis
1697 734 1828 783 sunt
1850 727 1998 794 illae,
2031 741 2168 798 quas
2190 727 2249 782 in
2273 724 2699 781 octateuchum
2724 723 2914 780 edidit

354 814 697 885 Nicephorus
713 816 951 887 (Lipsiae
980 820 1180 884 1⁷72.),
1208 816 1267 871 in
1296 815 1568 871 Psalmos
1587 817 1649 871 B.
1676 813 1969 871 Corderius
1995 816 2052 871 S.
2083 815 2128 869 1.
2161 814 2538 885 (Antwerpiae
2571 818 2908 877 1643.-46.3·‚

354 902 410 956 in
458 904 789 958 Proverbia
831 907 903 959 A.
951 903 1232 961 Schottius
1278 906 1332 960 S.
1386 904 1428 960 1.
1482 901 1759 973 (Lugduni
1809 906 2020 970 1633.),
2069 901 2127 957 in
2173 900 2480 957 Danielem
2521 904 2666 972 Aug.
2715 899 2916 956 Maius

355 992 589 1055 (Romae
620 996 829 1058 1831.),
860 991 919 1046 in
954 1007 1149 1046 omnes
1178 993 1329 1047 Novi
1361 996 1509 1047 Test.
1546 990 1730 1046 libros
1761 991 1804 1045 1.
1838 994 1906 1046 A.
1934 992 2164 1046 Cramer
2192 989 2414 1056 (Oxonii
2444 992 2767 1054 1838.·4o.).

408 1211 441 1291 ᾗ
479 1216 583 1275 13.
622 1248 712 1259 -
740 1210 973 1276 Latini
1000 1210 1393 1300 interpretes
1420 1232 1464 1277 a
1494 1216 1560 1277 7.
1595 1232 1810 1299 usque
1843 1208 1938 1275 ad
1961 1216 2066 1275 12.
2107 1207 2455 1275 saeculum
2485 1208 2848 1297 (Glossae).

438 1430 491 1487 1.
539 1463 617 1471 —
656 1430 824 1489 Inter
860 1428 1089 1490 latinos
1128 1429 1465 1508 scriptores
1510 1428 1964 1490 ecclesiasticos
2003 1428 2064 1489 S.
2109 1427 2405 1506 Gregorio
2449 1428 2528 1487 M.
2573 1426 2908 1501 iunioreS,

364 1524 646 1600 quamvis
675 1526 859 1586 multi
891 1526 970 1586 ad
1003 1525 1415 1604 divulgandas
1444 1526 1850 1603 antiquorum
1881 1526 2136 1585 Patrum
2167 1523 2589 1602 expositiones
2621 1523 2910 1600 scriptu-

356 1622 604 1681 risticas
637 1622 1049 1696 contulerint,
1084 1622 1264 1701 pauci
1294 1626 1505 1681 tamen
1537 1621 1794 1699 speciali
1825 1622 2418 1682 commemoratione
2450 1624 2596 1679 sunt
2625 1619 2832 1698 digni.
2857 1622 2912 1681 A

357 1734 518 1776 saec.
554 1722 623 1781 7..
647 1735 847 1795 usque
887 1718 965 1778 ad
1004 1736 1166 1779 saec.
1211 1720 1249 1777 9
1288 1719 1735 1796 praeclariores
1775 1724 1920 1778 sunt
1953 1719 2017 1778 S.
2062 1716 2334 1777 Isidorus
2373 1718 2547 1797 Hisp.
2585 1714 2654 1796 (†
2693 1716 2906 1795 636.),

370 1812 505 1872 Ven.
552 1814 725 1874 Beda
766 1813 833 1891 (†
863 1812 1055 1894 Ἷ35.),
1092 1814 1381 1875 Alcumus
1409 1813 1477 1891 (†
1506 1815 1644 1875 804.
1655 1811 1676 1893 )
1707 1814 1971 1891 eiusque
2016 1814 2312 1891 discipuli
2359 1814 2596 1893 Haymo
2637 1812 2909 1873 Baiber-

354 1910 668 1969 stacliensis
700 1908 768 1988 (†
794 1912 935 1970 855.
944 1912 961 1988 )
993 1916 1055 1971 et
1086 1910 1403 1971 Rhabanus
1434 1912 1677 1971 Maurus
1707 1910 1776 1989 (†
1806 1912 1944 1973 856.
1956 1909 1998 1989 ).

424 2032 481 2085 S.
513 2029 786 2086 Isidorus
812 2033 980 2103 Hisp.
1020 2052 1045 2082 α
1070 2033 1129 2086 in
1156 2032 1329 2087 libros
1356 2033 1424 2088 V.
1457 2040 1513 2086 et
1547 2033 1615 2087 N.
1649 2034 1712 2087 T.
1747 2032 2030 2103 prooemia
2060 2052 2084 2083 n
2125 2030 2478 2103 conscripsit,
2510 2046 2652 2102 quae
2681 2029 2908 2085 brevis-

363 2117 563 2173 simam
596 2118 841 2189 aliquam
872 2117 1337 2175 introductionem
1367 2120 1737 2187 constituunt3
1773 2119 1831 2173 in
1859 2135 1959 2174 suo
1988 2118 2133 2175 libro
2177 2140 2201 2170 α
2235 2118 2307 2174 de
2344 2126 2472 2174 ortu
2508 2125 2566 2173 et
2599 2116 2758 2173 obitu
2791 2120 2908 2174 Pa-

353 2214 503 2260 trum
536 2226 561 2257 »
592 2205 741 2261 haud
768 2222 973 2277 paucas
1004 2205 1218 2263 fabulas
1247 2209 1338 2262 Ps.
1368 2206 1739 2277 Epiphanium
1771 2216 1994 2261 secutus
2021 2205 2220 2275 refert3
2247 2208 2308 2261 in
2337 2206 2450 2261 suis
2485 2225 2510 2255 α
2539 2206 2908 2273 Quaestioni-

356 2292 457 2347 bus
484 2294 542 2347 in
578 2295 646 2349 V.
681 2296 745 2348 T.
788 2314 813 2344 a
834 2336 848 2359 ‚
880 2295 959 2349 uti
989 2295 1047 2349 in
1084 2310 1185 2349 suo
1214 2294 1354 2350 libro
1398 2314 1423 2344 «
1454 2294 1523 2350 de
1558 2293 1835 2365 allegoriis
1871 2296 1928 2350 S.
1965 2294 2284 2366 Scripturae
2315 2314 2363 2363 n,
2395 2310 2461 2349 ex
2491 2293 2909 2365 antiquioribus

358 2380 617 2449 operibus
651 2398 713 2437 ea
754 2402 779 2433 (ι
812 2396 953 2453 quae
986 2382 1266 2455 figuratim
1305 2390 1433 2437 sunt
1468 2382 1616 2437 dicta
1645 2382 1732 2437 vel
1762 2381 1906 2437 saeta
1944 2402 1968 2433 υ
2003 2382 2259 2453 explicat.
2295 2384 2486 2454 Longe
2514 2397 2642 2436 eum
2667 2392 2906 2452 superat

361 2472 503 2522 Ven.
536 2469 705 2523 Beda
723 2509 740 2537 ,
772 2469 867 2540 qui
895 2470 1041 2525 inter
1079 2470 1329 2524 omnium
1357 2477 1606 2525 aetatum
1633 2469 1892 2525 meliores
1921 2470 2252 2542 interpretes
2281 2486 2395 2525 non
2431 2470 2630 2525 ultimo
2659 2470 2786 2525 loco
2819 2480 2907 2526 est

356 2556 747 2612 nominandus.
781 2557 1130 2629 Quamquam
1161 2557 1311 2612 enim
1339 2560 1570 2612 Patrum
1604 2558 1909 2613 sententias
1935 2556 2232 2629 diligenter
2268 2558 2520 2630 collegit,
2552 2558 2666 2613 suis
2707 2565 2904 2613 tamen

352 2643 543 2699 multis
573 2653 628 2699 et
654 2644 889 2716 egregiis
917 2644 1367 2700 adnotationibus
1392 2645 1516 2701 illas
1551 2645 1703 2700 auxit
1732 2653 1788 2700 et
1813 2644 2138 2711 illustravit,
2175 2644 2268 2700 sed
2303 2645 2582 2717 allegoriis
2609 2644 2904 2701 interdum

356 2732 589 2787 nimium
618 2732 833 2788 tribuit.
864 2734 1016 2789 Inter
1047 2733 1327 2806 exegetica
1351 2732 1470 2789 eius
1502 2733 1707 2803 scripta
1736 2732 1846 2789 alia
1874 2730 1946 2788 ad
1972 2734 2531 2801 commentariorum,
2559 2733 2666 2789 alia
2697 2733 2771 2789 ad
2801 2734 2904 2789 ho·

354 2820 634 2876 miliarum
659 2836 833 2892 genus
861 2820 1167 2890 pertinent,
1199 2821 1308 2876 alia
1336 2819 1789 2876 dissertationum
1824 2820 1882 2875 in
1908 2819 2138 2875 modum
2165 2819 2504 2877 difficiliores
2530 2829 2718 2877 textus
2743 2829 2904 2877 trac-

354 2916 497 2963 tant.
540 2909 604 2963 ln
640 2908 749 2963 fine
786 2908 1069 2965 Historiae
1111 2908 1514 2964 ecclesiasticae
1553 2907 1732 2980 gentis
1773 2908 2079 2981 Anglorum
2115 2909 2232 2979 ipse
2274 2908 2468 2981 viginti
2511 2907 2756 2981 quinque
2797 2926 2902 2965 sua

354 3011 519 3066 opera
563 2996 843 3068 exegetica
881 3005 1201 3063 enumerat,
1247 3012 1313 3050 ex
1356 2996 1554 3067 quibus
1597 2996 1862 3051 nonnulla
1903 3004 2034 3052 sunt
2072 2995 2376 3067 deperdita.
2421 2996 2674 3052 Similem
2719 2997 2904 3054 inter-

356 3082 613 3152 pretandi
659 3084 934 3139 rationem
970 3082 1259 3139 Alcuz‘nus
1306 3082 1536 3154 eiusque
1581 3080 1839 3155 discipuli
1886 3091 2213 3153 tenuerunt3
2263 3081 2415 3139 haud
2459 3098 2586 3140 raro
2631 3099 2689 3140 se
2737 3100 2901 3141 com-

358 3170 653 3238 pilatorum
689 3172 873 3240 potius
902 3187 1069 3243 quam
1107 3172 1470 3241 interpretum
1506 3179 1694 3241 partes
1721 3186 1886 3243 agere
1909 3171 2192 3228 declarant
2220 3180 2388 3243 atque
2415 3172 2549 3228 satis
2575 3172 2904 3244 frequenter

355 3257 603 3312 eiusdem
639 3262 820 3313 textus
850 3259 1025 3314 varias
1064 3258 1433 3328 expositiones
1476 3258 1716 3314 afferunt
1755 3257 1961 3315 iudicio
1997 3259 2298 3315 lectoribus
2339 3260 2554 3329 relicto,
2593 3259 2694 3316 sed
2730 3262 2902 3317 simul

353 3352 539 3399 tamen
568 3360 666 3399 sua
694 3361 808 3400 non
834 3362 1005 3416 pauca
1032 3344 1262 3401 addunt.
1292 3348 1447 3415 Quae
1470 3345 1680 3401 fuerint
1703 3347 1926 3402 Alcuini
1947 3348 2007 3402 in
2031 3346 2380 3403 emendanda
2406 3348 2645 3420 Vulgata
2669 3350 2898 3414 merita,

356 3432 467 3488 iam
496 3431 763 3502 diximus3
802 3444 1085 3504 praeterea
1124 3449 1388 3506 magnum
1425 3450 1723 3489 numerum
1761 3436 2149 3505 opusculorum
2189 3435 2443 3507 reliquit,
2475 3435 2532 3490 in
2571 3436 2776 3507 quibus
2813 3437 2899 3493 vel

354 3520 595 3591 integros
632 3520 805 3577 libros
834 3521 915 3576 vel
955 3520 1296 3578 difficiliores
1324 3538 1516 3577 eorum
1555 3523 1705 3578 locos
1739 3524 2013 3595 explanat.
2054 3526 2286 3595 Haymo
2323 3523 2622 3580 Halberst.
2663 3527 2900 3581 Patrum

353 3606 470 3663 fere
490 3608 919 3664 commentarios
935 3609 993 3664 in
1014 3609 1327 3665 breviorem
1342 3608 1578 3665 sormam
1596 3610 1828 3681 redegit,
1846 3611 2022 3667 multo
2043 3612 2201 3681 plura
2217 3628 2282 3667 ex
2297 3611 2411 3667 suis
2427 3609 2648 3667 addidit
2662 3612 2902 3670 Rhaba-

356 3711 466 3750 nus
494 3698 769 3761 Maurus,
802 3696 929 3752 licet
965 3697 1083 3767 ipse
1110 3713 1331 3770 quoque
1359 3700 1592 3753 Patrum
1628 3699 1932 3755 sententias
1963 3699 2280 3755 nominibus
2315 3714 2510 3755 eorum
2537 3708 2902 3769 praenotatas

358 3781 783 3854 diligentissime
811 3783 1024 3839 afferat.
1062 3787 1125 3839 In
1154 3800 1319 3855 opere
1350 3801 1449 3841 suo
1478 3786 1549 3841 de
1578 3785 1907 3841 clericorum
1944 3787 2289 3843 institutione
2324 3786 2769 3845 hermeneuticas
2805 3805 2900 3845 re-

357 3871 514 3943 gulas
539 3869 712 3927 tradit
740 3888 803 3927 ex
834 3874 888 3928 S.
917 3873 1214 3944 Augustini
1240 3873 1395 3929 libris
1419 3872 1487 3929 de
1516 3876 1708 3929 Doctr.
1740 3874 1932 3930 christ.
1966 3874 2247 3931 collectas.

434 4052 493 4108 2.
526 4080 605 4094 —
633 4050 852 4121 Fama,
886 4048 997 4108 sed
1041 4065 1166 4109 non
1210 4050 1465 4121 meritc,
1502 4050 1875 4127 magistrum
1919 4068 2108 4111 suum
2159 4052 2528 4112 Rhabanum
2573 4053 2899 4130 superavit

376 4144 749 4221 Walasridus
794 4144 1013 4206 Strabo
1062 4144 1128 4225 (†
1171 4146 1358 4224 849.),
1404 4146 1653 4206 Glossae
1697 4147 2043 4207 ordinariae
2100 4148 2496 4227 compilator,
2542 4149 2642 4209 cui
2689 4166 2769 4209 ex
2809 4168 2902 4209 se-

360 4243 702 4320 quentibus
746 4243 915 4303 solus
958 4242 1283 4303 addendus
1324 4245 1422 4303 est
1460 4242 1772 4303 Anselmus
1825 4244 2235 4304 Laudunensis
2278 4242 2346 4325 (†
2390 4242 2628 4322 1117.),
2677 4250 2902 4307 auctor

360 4338 608 4399 Glossae
638 4339 1093 4413 interlinearis;
1126 4339 1357 4415 reliqui
1388 4338 1588 4411 enim,
1615 4340 1721 4416 qui
1753 4341 1954 4400 secuti
1986 4344 2160 4412 sunt,
2185 4358 2404 4401 omnes
2435 4341 2702 4403 eandem
2731 4344 2898 4403 viam

360 4438 701 4496 tenuerunt
730 4453 936 4513 neque
967 4436 1167 4497 multa
1194 4452 1357 4495 nova
1386 4438 1644 4496 Patrum
1675 4436 2198 4513 explicationibus
2227 4436 2624 4498 addiderunt.

432 4556 646 4613 Glossa
675 4556 1001 4612 ordinaria
1028 4564 1110 4612 est
1136 4564 1333 4612 catena
1363 4554 1638 4628 quaedam
1676 4572 1742 4611 ex
1773 4560 2000 4612 Patrum
2031 4558 2356 4629 latinorum,
2390 4559 2745 4632 Hieronymi,
2781 4562 2897 4615 Au-

360 4644 594 4717 gustini,
618 4644 929 4713 Ambrosii,
957 4645 1216 4717 Gregorii
1244 4646 1346 4713 M.,
1372 4644 1556 4701 Bedae
1579 4652 1746 4716 atque
1777 4647 1944 4701 etiam
1973 4648 2289 4703 Cassiodori
2316 4656 2371 4704 et
2397 4646 2686 4718 Rhabani,
2717 4648 2898 4705 rarius
