3050 5184
430 281 547 341 612
626 299 702 344 nn
729 301 870 345 nov1
895 301 1063 346 rssr.
1095 303 1267 350 mano
1291 303 1674 350 morus-rico.
1701 321 1780 334 —
1807 307 1884 350 m:
1914 305 2272 351 ArocAtvrsx
2299 307 2354 350 n.
2386 307 2630 351 romnis
2661 307 2936 352 areston.

806 568 839 650 ἓ
882 573 944 632 2.
982 604 1070 616 ——
1107 571 1203 634 De
1232 571 1728 659 Apocalypseos
1765 571 2146 636 charactere
2167 571 2594 660 prophetem,

1333 687 1728 764 arqumento
1743 725 1768 756 ,
1797 675 2054 742 ordine.

512 871 568 930 1.
603 903 681 920 -—
704 873 909 933 Libris
930 875 1313 954 propheticis
1334 877 1743 956 Apocalypsis
1766 895 1960 955 quum
1986 879 2256 939 auctoris
2278 865 2480 956 ipsius
2501 883 2635 939 tum
2655 878 2946 938 Ecclesias-

434 967 802 1029 testimonio
819 971 1291 1045 adnumeratur;
1319 979 1702 1052 quapropter
1717 991 1936 1034 omnes
1957 979 2301 1052 arqumenti
2322 976 2456 1035 eius
2478 975 2946 1052 descriptiones.

434 1079 594 1139 quae
622 1065 1063 1143 propheticum
1093 1069 1241 1129 libri
1272 1069 1695 1131 characterem
1722 1075 1979 1148 negant,
2005 1088 2041 1130 a
2060 1071 2279 1130 limine
2307 1071 2671 1130 reiiciantur
2693 1075 2946 1148 oportet.

432 1163 510 1218 At
544 1159 667 1220 illis
696 1163 950 1224 reiectis
976 1183 1201 1243 magna
1222 1184 1471 1245 semper
1497 1172 1781 1228 remanet
1810 1167 1886 1227 de
1918 1167 2192 1249 genuino
2218 1167 2354 1227 eius
2383 1171 2752 1244 argumento
2775 1166 2950 1225 varie·

432 1260 525 1316 tas
556 1261 1007 1320 sententiarum
1025 1308 1039 1333 ‚
1064 1279 1261 1339 quum
1284 1263 1529 1323 diverso
1549 1263 1738 1324 modo
1759 1264 2047 1342 symbola
2065 1310 2079 1332 ‚
2105 1259 2333 1341 quibus
2358 1263 2754 1342 proponitur,
2775 1263 2948 1322 etiam

434 1369 470 1412 a
502 1352 831 1416 catholicis
854 1357 1305 1436 interpretibus
1332 1361 1748 1438 explicentur.

500 1475 671 1532 Liber
696 1487 885 1534 noster
912 1494 942 1534 a
972 1480 1027 1534 S.
1062 1481 1270 1537 Ioanne
1296 1481 1612 1553 ἀποκάλυψις,
1645 1483 1682 1537 i.
1714 1499 1764 1538 e.
1795 1483 2090 1550 revelatio,
2124 1491 2372 1552 vocatur,
2406 1497 2575 1554 quam
2604 1483 2761 1537 lesus
2797 1481 2952 1536 Chri·

434 1569 553 1618 stus
583 1580 613 1619 a
638 1566 803 1622 Patre
832 1575 1122 1638 acceptam
1150 1583 1249 1639 per
1276 1569 1537 1642 angelum
1565 1570 1834 1640 Apostolo
1863 1569 2254 1633 manifestavit,
2283 1577 2346 1625 ut
2373 1585 2499 1625 eam
2525 1569 2698 1624 servis
2721 1569 2841 1624 suis
2863 1583 2954 1638 pa·

434 1650 549 1706 lam
587 1652 793 1708 l'aceret
824 1653 987 1725 (1‚1);
1020 1653 1090 1710 de
1124 1655 1329 1711 futuris
1356 1666 1543 1713 autem
1571 1657 1712 1729 agit,
1759 1678 1786 1708 α
1825 1674 1966 1730 quae
1995 1666 2218 1729 oportet
2253 1657 2376 1714 fieri
2413 1658 2522 1712 cito
2558 1676 2581 1708 »
2614 1660 2758 1724 (1,1;
2789 1661 2916 1722 226
2939 1693 2954 1715 2

434 1737 673 1810 ideoque
742 1740 911 1795 etiam
964 1743 1285 1815 prophetia
1336 1744 1646 1815 appellatur
1695 1745 1834 1816 (1‚3;
1903 1751 2050 1812 2227.
2121 1750 2230 1812 19).
2289 1745 2452 1800 Claro
2508 1744 2749 1800 auctoris
2805 1744 2954 1798 testi-

432 1827 621 1880 monio
664 1827 792 1882 nixa
824 1829 1066 1886 Ecclesia
1105 1847 1323 1902 semper
1351 1832 1720 1904 Apocalypsin
1759 1832 2093 1904 propheticis
2131 1832 2282 1890 libris
2309 1831 2694 1888 adnumeravit
2727 1846 2956 1902 eamque

432 1913 665 1970 unicum
712 1915 907 1972 habuit
956 1918 1094 1974 Novi
1132 1921 1281 1975 Test.
1322 1919 1523 1975 librum
1570 1918 1984 1991 propheticum,
2018 1919 2149 1975 licet
2182 1921 2239 1975 in
2281 1918 2594 1991 Evangeliis
2625 1927 2682 1974 et
2717 1917 2960 1989 epistolis

432 2001 705 2058 nonnulla
748 2005 1005 2060 vaticinia
1042 2005 1236 2062 referri
1273 2015 1487 2063 certum
1525 2007 1624 2075 sit3
1653 2015 1710 2062 at
1744 2007 2056 2064 futurorum
2091 2007 2354 2063 revelatio
2389 2007 2449 2061 in
2481 2005 2599 2061 sola
2628 2005 2958 2078 Apocalypsi

428 2088 709 2162 integrum
740 2100 1129 2166 argumentum
1157 2095 1457 2150 constituit.
2405 2083 2408 2086 ’

504 2181 555 2232 Α
582 2193 717 2233 vero
742 2193 875 2250 ergo
910 2180 1238 2237 aberrarunt
1260 2181 1664 2252 rationalistae‚
1693 2183 1786 2254 qui
1819 2183 1948 2238 licet
1977 2183 2360 2254 propheticum
2393 2182 2804 2254 Apocalypseos
2829 2182 2958 2238 cha·

438 2272 713 2321 racterem
752 2277 1024 2334 negarent
1058 2269 1205 2325 illius
1248 2281 1636 2343 argumentum
1675 2270 1904 2326 definire
1933 2271 2242 2326 voluerunt.
2279 2271 2336 2326 Si
2363 2271 2442 2326 eis
2469 2269 2638 2324 fidem
2667 2269 2956 2326 hahemus.

432 2361 635 2408 auctor
658 2363 881 2425 poetam
915 2359 1053 2430 egit,
1084 2359 1176 2428 qui
1204 2373 1292 2414 res
1318 2359 1521 2429 partim
1553 2365 1868 2428 praesentes
1896 2359 2094 2428 partim
2123 2359 2370 2429 proxime
2395 2356 2626 2423 futuram,
2655 2372 2804 2428 quae
2833 2374 2958 2413 con-

438 2440 668 2499 iecturis
696 2444 896 2516 attingi
924 2454 1253 2515 potuerunt,
1287 2453 1384 2501 aut
1420 2446 1586 2505 etiam
1623 2461 1780 2517 spem
1817 2446 2057 2516 aliquam
2091 2461 2292 2501 vanam
2327 2446 2474 2501 inter
2513 2444 2866 2501 Christianos
2899 2463 2958 2498 eo

428 2537 681 2600 tempore
718 2541 1082 2604 propagatam
1122 2535 1351 2604 poeticis
1385 2533 1698 2590 fictionibus
1735 2533 2042 2589 exornavit.
2083 2535 2261 2603 Quam
2305 2533 2540 2604 plurima
2577 2534 2716 2588 varii
2757 2549 2960 2605 propo-

428 2626 665 2674 suerunt
692 2619 1081 2690 explicationis
1110 2628 1408 2693 systemata
1425 2665 1439 2690 ‚
1472 2637 1614 2692 quae
1637 2621 1822 2677 omnia
1849 2620 2154 2676 arbitrariis
2183 2619 2580 2692 hypothesibus
2608 2629 2668 2675 et
2691 2621 2962 2692 interpre-

426 2705 661 2762 tationib
672 2721 737 2761 us
766 2708 1043 2764 nituntur.
1070 2708 1382 2765 Secundum
1412 2709 1550 2766 alios
1577 2709 1824 2777 victoria,
1853 2723 2022 2780 quam
2043 2706 2114 2764 de
2141 2707 2412 2764 iudaismo
2439 2715 2498 2764 et
2523 2707 2904 2780 polytheismo
2931 2731 2958 2762 a

430 2809 570 2849 nova
601 2795 871 2866 religione
906 2805 1251 2866 reportatum
1280 2797 1348 2852 iri
1376 2797 1672 2854 Christiani
1695 2797 2063 2867 speraverint,
2093 2797 2236 2850 iusto
2269 2795 2522 2851 dramate
2559 2795 2616 2850 in
2651 2805 2773 2851 tres
2810 2807 2962 2852 acus

426 2881 601 2937 diviso
635 2883 980 2953 proponitur.
1012 2883 1326 2940 Secundum
1360 2886 1568 2940 multos
1594 2883 1776 2956 agitur
1804 2883 1874 2938 de
1901 2885 2141 2952 Nerone,
2172 2899 2338 2955 quem
2362 2883 2586 2938 vulnere
2613 2883 2720 2938 sibi
2746 2883 2962 2939 inflicto

422 2987 534 3026 non
558 2969 833 3026 interiisse
861 2970 956 3027 sed
977 2979 1233 3027 sanatum
1254 2971 1324 3027 ad
1352 2972 1588 3028 Parthos
1610 2971 1814 3043 fugisse
1835 2979 2001 3042 atque
2019 2985 2149 3026 cum
2167 2969 2234 3025 iis
2251 2979 2536 3042 tamquam
2556 2969 2960 3026 Antichristum

423 3074 777 3114 reversurum
820 3073 940 3115 esse
989 3059 1285 3115 Christiani
1330 3060 1666 3130 putaverint.
1703 3060 1864 3114 quta
1910 3058 2046 3114 alios
2088 3057 2160 3112 de
2205 3074 2438 3114 romano
2475 3058 2712 3129 imperio
2753 3061 2959 3130 agitur.

424 3145 573 3218 quod
599 3162 727 3202 mox
757 3145 1111 3203 interiturum
1140 3149 1375 3203 loannes
1404 3163 1638 3204 erronee
1657 3145 1964 3217 speraverit
1992 3154 2099 3202 etc.
2123 3145 2336 3215 Quibus
2366 3145 2642 3218 figmentis
2669 3146 2960 3201 immorari

424 3248 563 3304 opus
584 3250 699 3289 non
728 3243 830 3290 est.

499 3326 571 3376 At
594 3321 857 3378 catholici
890 3339 1113 3395 quoque
1141 3323 1471 3394 interpretes
1500 3322 1694 3394 illique
1711 3307 2044 3390 acatholici,
2071 3321 2168 3392 qui
2191 3321 2444 3378 vaticinia
2471 3337 2602 3378 vera
2623 3319 2960 3378 admittunt.

422 3409 479 3464 in
512 3409 829 3466 definiendo
861 3413 1271 3484 Apocalypseos
1297 3418 1629 3484 argumento
1659 3425 1828 3481 quam
1863 3409 2104 3465 maxime
2129 3406 2488 3477 dissentiunt3
2515 3409 2689 3464 immo
2711 3425 2792 3464 ne
2825 3410 2960 3464 illud

424 3496 649 3568 quidem
674 3507 825 3552 extra
856 3499 1290 3556 controversiam
1318 3507 1430 3564 est,
1452 3514 1590 3554 num
1609 3498 1714 3554 tria
1737 3513 1960 3569 quoque
1989 3496 2174 3568 priora
2197 3498 2372 3567 capita
2389 3537 2404 3564 ‚
2427 3495 2628 3567 quibus
2651 3495 2800 3552 liber
2819 3499 2962 3552 asia·

420 3585 541 3642 ticis
568 3587 815 3642 ecclesiis
844 3587 1182 3656 inscribitur,
1212 3586 1532 3659 prophetica
1564 3585 1674 3641 sint
1699 3600 1892 3640 necne.
1933 3586 2018 3640 De
2046 3599 2157 3655 quo
2195 3584 2450 3640 dissensu
2485 3600 2598 3640 non
2631 3585 2962 3640 mirabitur.

422 3675 517 3745 qui
541 3674 857 3743 attenderit,
894 3675 1111 3744 Ioanni,
1139 3675 1221 3731 uti
1246 3674 1437 3730 multis
1466 3674 1679 3728 Veteris
1707 3675 1856 3728 Test.
1890 3671 2201 3744 prophetis,
2229 3687 2320 3726 res
2351 3671 2568 3727 futuras
2590 3671 2694 3726 sub
2725 3671 2962 3744 symbo-

419 3763 604 3818 lorum
633 3762 921 3818 involucro
946 3779 1064 3818 esse
1092 3763 1423 3834 propositas,
1455 3771 1622 3833 atque
1650 3761 1928 3833 integrum
1957 3759 2071 3816 sere
2091 3758 2296 3816 librum
2323 3757 2758 3830 symbolicarum
2794 3761 2964 3814 visio-

422 3867 555 3905 num
584 3850 1043 3920 descriptionibus
1069 3859 1343 3906 constare.
1379 3849 1662 3905 Nonnulla
1693 3847 1921 3920 quidem
1953 3845 2206 3919 symbola
2245 3847 2302 3901 in
2340 3845 2461 3917 ipsa
2497 3847 2840 3919 Apocalypsi
2869 3859 2964 3902 aut

419 3938 541 3994 aliis
557 3938 615 3993 in
634 3937 789 3994 libris
816 3938 987 3995 sacris
1016 3939 1199 4010 aliquo
1223 3937 1391 3993 modo
1410 3935 1676 4007 explicari
1702 3935 1956 3992 videntur
1971 3935 2012 4004 ¹,
2034 3942 2091 3990 at
2109 3934 2480 4005 plurimorum
2505 3933 2844 4006 significatio
2863 3949 2968 3988 nos

422 4026 573 4082 latet.
594 4029 900 4098 Praecipua
918 4027 1087 4099 igitur
1110 4033 1407 4098 systemata
1428 4023 1810 4096 explicationis
1830 4039 1860 4078 a
1881 4022 2169 4078 catholicis
2187 4021 2470 4094 proposita
2495 4018 2968 4078 adumbrabimm

418 4122 473 4171 et
503 4113 637 4186 quid
663 4113 732 4169 de
759 4115 870 4170 illis
894 4113 1229 4186 probabilius
1258 4114 1329 4168 sit
1356 4111 1708 4169 sentiendum
1735 4112 2050 4166 innuemuS.

481 4299 550 4362 (1)
584 4299 717 4356 Quid
749 4297 843 4348 sibi
878 4297 1000 4349 velit
1037 4315 1050 4348 ε
1086 4314 1111 4345 α
1148 4301 1253 4362 Ego
1285 4311 1398 4348 sum
1428 4299 1616 4359 omega
1653 4315 1678 4340 n
1707 4295 1844 4360 (ns),
1879 4293 2160 4358 explicat-ur
2192 4299 2324 4352 215.
2355 4299 2496 4354 22‚13
2523 4291 2708 4344 additis
2733 4293 2962 4344 verbis:

425 4397 446 4426 α
482 4379 681 4429 initium
719 4379 1061 4444 (principium)
1087 4383 1137 4430 et
1166 4380 1292 4437 linis,
1322 4379 1517 4442 primus
1539 4381 1592 4428 et
1623 4375 1936 4426 novissimus
1965 4391 2009 4425 n.
2045 4391 2068 4422 «ι
2099 4376 2300 4438 Septem
2337 4373 2640 4425 candelabra
2661 4393 2687 4417 ι
2721 4375 2894 4436 (μυ.)
2919 4381 2968 4422 et

422 4479 445 4500 a
476 4463 663 4522 septem
688 4459 863 4510 stellae
894 4477 919 4506 υ
943 4461 1091 4523 (ωδ)
1115 4458 1435 4522 explicantur
1451 4461 1642 4522 septem
1665 4455 1904 4506 ecclesiae
1927 4467 2198 4517 earumque
2219 4454 2588 4518 Angeli(1,20);
2612 4472 2636 4496 ι
2658 4451 2880 4515 gladius
2909 4467 2970 4501 ex

422 4540 637 4600 utraque
668 4543 813 4601 parte
840 4543 1022 4589 acutus
1046 4558 1070 4582 υ
1096 4539 1245 4601 (ωδ)
1274 4553 1334 4588 ex
1357 4539 1423 4586 Is.
1445 4541 1560 4596 49‚2
1576 4534 1820 4598 explicari
1839 4537 2031 4598 potest3
2061 4549 2086 4580 α
2107 4533 2267 4583 clavis
2287 4533 2468 4583 mortis
2487 4535 2539 4582 et
2559 4531 2742 4582 inferni
2773 4549 2806 4578 υ
2835 4531 2974 4595 {ms

421 4613 499 4662 cl'r
519 4619 629 4677 9‚1;
651 4618 863 4680 20,1)e1
885 4619 965 4677 3‚7
987 4631 1273 4681 supremam
1300 4615 1661 4667 auctoritatem
1695 4614 1748 4664 in
1780 4619 1998 4665 mortem
2017 4613 2137 4663 etin
2160 4612 2422 4663 infernum
2445 4611 2666 4674 designat
2693 4614 2802 4662 etc.
