3050 5184
396 324 514 383 264
593 340 668 382 na
711 340 849 383 ver.
897 336 1149 382 ‘ri-:sum
1196 334 1394 379 manis
1435 331 1797 377 nisron101S.
1844 350 1923 359 —
1963 332 2091 378 car.
2138 334 2224 379 v1.
2272 335 2348 379 nn
2390 322 2529 380 La.
2573 330 2837 377 masur.

395 470 606 526 sionem
639 490 664 520 «ι
691 470 871 525 omnis
896 467 1096 525 domus
1121 466 1302 523 Saulis
1334 484 1358 515 ι»
1389 480 1507 520 non
1552 462 1622 519 de
1648 463 1905 519 omnibus
1946 464 2070 519 filiis
2108 473 2165 520 et
2203 462 2627 537 consanguineis
2654 460 2827 518 Saulis
2852 458 2913 514 ab
3015 458 3016 465 ’

397 565 621 612 auctore
645 572 766 612 esse
791 555 1158 623 intellectam,
1189 552 1370 609 elucet
1403 566 1472 607 ex
1496 554 1545 607 1.
1572 556 1701 620 9,39
1730 566 1853 622 sqq.
1881 580 1953 591 —-
1986 572 2013 602 α
2038 553 2379 622 Ineptiarum
2408 572 2434 602 n
2476 557 2767 607 aoeusamr
2798 562 2913 601 auc·
3015 564 3016 609 ς

397 653 506 710 tor,
536 652 828 715 propterea
857 641 1006 715 quod
1035 642 1392 697 Salomonem
1413 637 1563 693 dicat
1604 653 1635 693 a
1676 653 1807 710 rege
1846 638 2041 694 Hiram
2068 638 2316 709 petiisse,
2348 647 2413 694 ut
2438 638 2541 694 sibi
2586 658 2613 688 α
2652 636 2801 708 ligna
2834 649 2914 688 ce·
3015 646 3016 713 }

401 729 558 787 drina
582 740 637 787 et
659 730 958 789 santalica
981 729 1056 787 de
1079 728 1312 783 Libano
1344 727 1589 782 mitteret
1614 746 1641 777 n
1676 727 1768 791 (11.
1802 730 1947 795 2,7);
1978 724 2121 798 ligna
2164 726 2315 783 enim
2348 726 2613 783 santalica
2637 725 2697 780 in
2722 720 2917 778 Libano
3015 714 3016 785 ἰ

398 834 515 873 non
559 818 816 887 inveniri,
849 815 948 873 sed
993 832 1058 871 ex
1089 813 1245 871 India
1287 813 1476 870 afferri
1503 812 1779 885 debuisse.
1826 816 1901 867 At
1940 821 2135 869 auctor
2174 829 2289 869 non
2322 813 2615 885 ignoravit,
2646 810 2815 883 ligna,
2860 809 2919 863 tle

401 904 600 975 quibus
627 904 875 975 quaestio
903 912 1178 972 movetur,
1209 901 1377 957 etiam
1405 916 1470 957 ex
1499 900 1678 971 Ophir
1720 914 1838 955 esse
1880 900 2049 955 allata
2089 901 2185 966 (11.
2227 900 2406 972 9‚10);
2436 900 2727 955 nobiscum
2751 906 2920 953 autem

399 991 656 1063 ignorant
683 990 998 1059 adversarii,
1029 1005 1163 1045 num
1194 988 1557 1057 Alqummz’m
1584 988 1673 1043 vel
1700 988 2031 1055 Almuqqim
2065 986 2175 1043 sint
2215 987 2362 1059 ligna
2386 987 2687 1056 santalina3
2725 984 2923 1055 antiqui
3015 1006 3016 1047 }

403 1078 736 1148 interpretes
767 1078 977 1143 (Alex.,
1007 1078 1096 1132 Fl.
1127 1080 1266 1143 Ios„
1297 1077 1355 1130 S.
1388 1078 1581 1140 Hier.)
1612 1082 1667 1129 et
1707 1073 1922 1129 mediae
1952 1075 2144 1130 aetatis
2171 1073 2389 1130 rabbini
2418 1074 2528 1129 vim
2561 1072 2807 1129 hebraici
2834 1086 2921 1125 vo·

401 1164 584 1219 cabuli
611 1165 930 1237 ignorantes
957 1164 1109 1220 vario
1131 1162 1300 1219 modo
1329 1161 1466 1218 illud
1495 1160 1857 1217 reddiderunt
1884 1160 2085 1233 (pinea,
2113 1160 2330 1233 thyina,
2362 1160 2523 1233 pinea
2550 1158 2816 1226 candida,
2844 1174 2922 1215 co-

401 1250 574 1321 rallia,
607 1251 756 1325 ligna
785 1250 952 1308 rubra
993 1250 1290 1308 brasiliana
1329 1254 1482 1318 etc.),
1513 1257 1680 1320 atque
1722 1264 1875 1304 mera
1904 1256 1988 1305 est
2009 1248 2345 1317 coniectura,
2377 1264 2521 1320 quac
2550 1246 2822 1320 probabili
2842 1261 2923 1301 ar-

403 1348 670 1408 gumento
691 1355 806 1395 non
832 1338 1043 1408 nititur,
1071 1338 1222 1411 ligna
1251 1336 1522 1393 santalina
1553 1334 1845 1408 designari.

482 1494 568 1573 c.)
605 1496 988 1557 Gravissima
1023 1501 1120 1557 est
1149 1496 1335 1556 tertia
1367 1494 1710 1567 accusatio,
1754 1496 2024 1572 partium
2068 1495 2281 1557 studio
2319 1496 2580 1555 ductum
2612 1498 2923 1556 auctorem

405 1590 730 1651 historiam
747 1594 1137 1653 adulterasse
1154 1610 1168 1665 ;
1187 1590 1434 1651 levitico
1455 1591 1699 1651 scilicet
1716 1591 1941 1667 spiritu
1962 1591 2274 1651 imbutum
2295 1591 2509 1652 omnia
2522 1592 2612 1651 ita
2631 1605 2919 1653 narrasse,

406 1693 477 1747 ut
522 1686 805 1747 leviticus
860 1688 1065 1747 cultus
1107 1682 1555 1758 celebraretur,
1602 1686 1941 1763 omniaque
1983 1691 2092 1748 aut
2142 1686 2435 1747 omisisse
2478 1690 2589 1749 aut
2629 1691 2919 1747 mutasse.
3015 1754 3016 1777 ἦ

410 1800 568 1859 quae
599 1783 735 1843 eius
765 1784 1113 1843 sententiae
1137 1800 1264 1843 non
1290 1782 1601 1842 favebant.
1635 1784 1761 1841 Iam
1790 1799 1939 1841 vero
1962 1799 2109 1842 eum
2133 1800 2247 1860 pro
2279 1799 2393 1844 suo
2423 1784 2547 1842 fine
2578 1798 2769 1859 quam
2797 1781 2920 1859 plu·
3015 1804 3016 1841 1

401 1878 566 1938 rima
595 1878 672 1938 de
701 1880 872 1939 cultu
897 1878 1193 1957 religioso
1222 1878 1500 1949 tradere,
1537 1882 1781 1937 certum
1810 1884 1934 1951 est;
1962 1877 2304 1961 adversarii
2336 1895 2485 1939 vero
2516 1878 2791 1939 necdum
2826 1876 2921 1935 de·
3015 1904 3016 1939 }

407 1977 836 2058 monstrarunt
863 1991 981 2033 nec
1011 1973 1439 2035 demonstrare
1466 1978 1791 2051 poterunt,
1822 1973 1977 2034 haec
2005 1974 2217 2035 omnia
2243 1976 2321 2034 ab
2355 1991 2430 2036 eo
2466 1990 2605 2035 esse
2646 1974 2916 2035 conficta.

405 2072 556 2129 Nam
587 2086 748 2147 quae
775 2069 854 2130 ad
879 2070 1154 2147 partium
1180 2069 1464 2132 studium
1490 2068 2053 2130 demonstrandum
2070 2071 2442 2143 attulerunt,
2474 2087 2551 2129 ea
2572 2070 2741 2130 levia
2768 2070 2917 2127 sunt.

473 2187 558 2247 a.)
593 2183 912 2253 opiniones
939 2181 1745 2253 dogmatico-mytholoyicas
1782 2179 1997 2237 duabus
2036 2182 2443 2237 narrationibus
2474 2182 2772 2237 inseruisse
2798 2178 2918 2234 diei·

403 2277 511 2323 tur.
545 2269 800 2341 Namque
833 2275 869 2323 2
901 2274 1037 2341 Περ.
1070 2274 1220 2335 24,1.
1251 2275 1334 2325 16.
1370 2276 1456 2326 17.
1493 2289 1519 2319 α
1549 2266 1725 2337 furor
1756 2268 2003 2325 Domini
2032 2288 2057 2319 υ
2092 2266 2362 2324 Davidem
2392 2267 2465 2325 ad
2493 2269 2686 2340 populi
2712 2280 2920 2324 censum

407 2356 682 2423 excitavit,
707 2364 764 2412 et
787 2357 1016 2429 angelus
1038 2365 1191 2411 stans
1215 2376 1240 2407 α
1260 2358 1440 2413 iuxta
1461 2371 1668 2411 aream
1692 2359 1939 2410 Areum
1960 2376 1987 2407 a>
2014 2356 2283 2427 percussit
2301 2356 2598 2428 populum;
2620 2356 2721 2412 sed
2743 2363 2766 2410 1
2790 2359 2916 2410 Par.

408 2444 455 2497 I.
487 2447 634 2511 21,1.
672 2450 753 2498 15.
790 2450 872 2500 16.
901 2448 972 2499 26
995 2449 1178 2499 satan
1205 2444 1499 2500 concitavit
1521 2442 1793 2499 Davidem
1824 2450 1882 2499 et
1908 2443 2138 2515 angelus
2166 2443 2318 2498 stetit
2345 2463 2370 2494 α
2402 2444 2575 2499 iuxta
2606 2460 2817 2500 aream
2838 2442 2919 2495 in·
3015 2514 3016 2523 ἵ

404 2536 498 2585 ter
519 2532 739 2585 coelum
768 2536 824 2585 et
845 2538 1076 2587 terram
1106 2553 1157 2599 n,
1186 2546 1251 2587 ac
1274 2539 1587 2603 praeterea,
1622 2551 1647 2581 «
1685 2531 1835 2598 ignis
1868 2530 1940 2586 de
1965 2532 2125 2585 coelo
2156 2551 2180 2582 n
2216 2530 2601 2587 holocaustum
2630 2532 2777 2604 regis
2802 2544 2920 2585 con-

405 2617 619 2673 sumsit.
636 2615 780 2673 Solis
790 2618 1138 2689 praeiudiciis
1157 2618 1301 2674 hanc
1315 2618 1683 2673 obiectionem
1700 2618 1858 2672 inniti
1874 2626 2038 2687 patet.
2059 2649 2128 2658 —
2148 2619 2399 2673 Alterum
2422 2619 2741 2690 exemplum
2762 2624 2841 2673 est
2854 2616 2919 2671 ll.
3015 2596 3016 2667 ἶ

403 2709 556 2771 3231
577 2704 766 2759 sicum
779 2710 814 2760 4
830 2708 966 2777 Περ.
981 2710 1145 2773 20,12
1159 2706 1460 2773 confertur,
1477 2704 1575 2759 sed.
1586 2704 1941 2760 conterantur
1954 2706 2119 2760 etiam
2135 2712 2169 2760 4
2184 2709 2311 2774 Rea.
2330 2710 2451 2771 20,1
2461 2712 2509 2760 -1
2524 2715 2549 2760 1
2566 2713 2625 2761 et
2638 2710 2717 2761 15.
2732 2708 2915 2772 38,1·8.
3015 2734 3016 2737 =

401 2820 472 2831 ·-
496 2792 573 2859 b.)
597 2796 810 2848 Auctor
829 2802 1141 2861 accusatur,
1165 2792 1317 2864 quod
1337 2792 1448 2861 illa,
1473 2808 1615 2863 qnae
1634 2793 1691 2847 in
1708 2792 1768 2847 ll.
1794 2794 2009 2863 Regum
2038 2790 2107 2847 de
2135 2793 2293 2863 regni
2312 2791 2450 2848 Iuda
2468 2791 2788 2849 idololatria
2804 2806 2917 2846 nar-

401 2886 612 2947 rantur,
647 2879 981 2951 mitigaverit
1005 2889 1101 2937 aut
1124 2880 1398 2948 omiserit,
1431 2879 1631 2949 quibus
1657 2878 1985 2950 opponimus
2006 2880 2143 2934 alios
2170 2880 2351 2947 locoS,
2378 2879 2435 2934 in
2464 2879 2665 2950 quibus
2692 2881 2837 2936 solus
2860 2875 2917 2931 de

401 2964 508 3020 hac
534 2965 852 3023 idololatria
871 2967 1118 3037 loquitur
1143 2975 1242 3022 aut
1267 2982 1389 3022 eam
1420 2966 1603 3037 potins
1632 2963 1815 3035 auget,
1842 2980 2009 3036 quam
2028 2966 2229 3020 minuit
2252 2967 2347 3033 (II.
2368 2972 2532 3033 24,17
2562 2981 2686 3038 sqq.
2708 2992 2723 3036 3
2744 2970 2913 3033 25,¹4;

405 3056 552 3121 26‚4.
591 3059 658 3107 16
685 3069 840 3124 sqq.;
872 3060 1000 3123 29,3
1025 3070 1181 3126 sqq.3
1215 3059 1406 3122 30,14;
1439 3058 1562 3121 31,1
1612 3057 1762 3119 etc.).
1802 3084 1871 3092 —
1912 3054 1979 3123 c.)
2021 3052 2375 3107 praeiudiciis
2414 3053 2643 3109 leviticis
2681 3053 2919 3110 seductus

407 3138 527 3193 aliis
549 3138 709 3195 libris
732 3141 903 3197 sacris
927 3140 1138 3212 sibique
1167 3140 1267 3212 ipsi
1295 3139 1690 3196 contradixisse
1712 3139 1978 3195 asseritur
2002 3138 2249 3195 referens
2270 3156 2429 3213 reges
2452 3144 2563 3197 Asa
2591 3149 2648 3196 et
2680 3140 2917 3211 iosaphat

409 3225 625 3281 excelsa
653 3226 946 3283 abstulisse
979 3231 1075 3293 (ll.
1121 3234 1316 3299 1⁴,123
1351 3233 1517 3297 1⁷,6)‚
1562 3227 1695 3283 licet
1728 3226 1855 3283 illos
1900 3228 2115 3283 excelsa
2156 3243 2271 3282 non
2310 3226 2603 3284 abstulisse
2632 3236 2841 3285 constet
2862 3239 2915 3279 ex
3015 3238 3016 3277 ῑ

405 3318 437 3366 3
469 3316 596 3381 Ιίρρ.
634 3318 793 3383 15,14
823 3323 877 3370 et
906 3320 1068 3382 22,13
1093 3331 1177 3387 sq.
1209 3324 1378 3386 atque
1405 3316 1573 3370 etiam
1598 3331 1662 3370 ex
1688 3316 1765 3370 11.
1801 3320 1959 3381 15,17
1988 3323 2044 3369 et
2071 3320 2255 3381 20:20.
2285 3315 2395 3371 Sed
2422 3330 2697 3387 apparens
2724 3322 2915 3371 contra·
3015 3352 3016 3375 2

404 3396 574 3453 dictio
603 3401 897 3469 evanescit,
927 3402 977 3458 si
999 3402 1256 3471 attendis,
1285 3402 1450 3457 etiam
1475 3402 1715 3473 optimos
1740 3416 1897 3473 reges
1921 3401 2253 3473 quibusdam
2275 3402 2495 3475 flagitiis
2516 3416 2637 3457 esse
2664 3403 2911 3473 impar&

400 3490 511 3540 Asa
541 3494 595 3541 et
620 3488 900 3559 Iosaphat,
930 3490 1032 3545 etsi
1060 3490 1246 3545 omnia
1275 3490 1489 3544 excelsa
1512 3486 1730 3545 auferre
1754 3487 2066 3544 studuerint
2093 3498 2148 3544 et
2179 3490 2449 3546 nonnulla
2480 3487 2821 3556 abstulerint,
2848 3486 2915 3540 in·

400 3580 612 3644 tegi-am
638 3588 754 3629 rem
785 3576 1048 3645 perticere
1079 3593 1188 3632 non
1219 3583 1538 3647 potuerunt.
1570 3605 1641 3617 —-
1664 3575 1745 3647 d.)
1774 3575 1974 3631 Iisdem
1998 3576 2345 3647 praeiudiciis
2364 3575 2625 3632 seductus
2642 3573 2915 3633 nonnullas

399 3661 772 3729 expressiones
797 3672 1039 3719 mutasse
1065 3664 1284 3719 dicitur.
1317 3663 1486 3719 filios
1514 3662 1695 3718 David
1716 3679 1828 3718 non
1849 3663 2153 3718 nominavit
2176 3662 2509 3720 sacerdotes
2526 3667 2579 3730 (2
2604 3668 2738 3737 Req.
2761 3664 2909 3726 8,18).
3015 3710 3016 3725 ἓ

397 3746 491 3802 sed
525 3766 550 3796 α
577 3748 805 3817 primos
833 3753 920 3806 αιι
948 3768 1194 3806 manum
1223 3751 1377 3819 reqis
1409 3772 1432 3799 ι
1461 3753 1529 3815 (l.
1564 3755 1763 3817 18,17),
1796 3748 1963 3822 idque
1988 3758 2165 3817 recte,
2185 3750 2313 3822 quia
2342 3766 2446 3806 vox
2470 3751 2677 3807 Koleen
2695 3751 2766 3807 ibi
2792 3750 2913 3804 hanc
3015 3740 3016 3757 ³

405 3833 866 3906 significationem
896 3838 1060 3894 habet
1089 3838 1194 3906 (cl'r
1215 3856 1267 3905 p.
1305 3842 1443 3904 197).
1473 3866 1548 3878 --
1573 3836 1837 3893 Salomon
1863 3836 2191 3893 sacrificavit
2212 3837 2272 3892 in
2288 3838 2549 3907 Gabaon,
2574 3838 2705 3910 qnia
2728 3838 2798 3893 ibi
2815 3840 2913 3889 erat

405 3939 433 3970 α
468 3923 760 3978 excelsum
788 3925 1125 3980 maximum
1154 3947 1178 3975 n
1215 3928 1268 3991 (3
1300 3930 1426 3992 lteq.
1451 3928 1595 3993 3,4),
1629 3924 1726 3979 scd
1745 3935 1938 3980 auctor
1964 3924 2145 3979 Paral.
2168 3922 2300 3980 dicit
2324 3940 2454 3980 cum
2476 3925 2554 3981 ibi
2576 3926 2906 3981 sacrificasse,

403 4028 428 4057 ιι
462 4008 590 4079 quia
620 4008 692 4065 ibi
717 4019 836 4066 erat
864 4013 1310 4067 tabernaculum
1328 4010 1581 4082 foederis
1612 4032 1637 4061 υ
1673 4013 1771 4079 (11.
1814 4014 1951 4081 1,3)·,
1994 4011 2201 4067 scilicet
2227 4012 2499 4068 rationem
2530 4012 2807 4079 indicavit,
2828 4022 2912 4063 cur
3015 4054 3016 4077 ᾗ

406 4093 639 4151 Gabaon
674 4118 700 4147 α
730 4098 1008 4153 excelsum
1036 4098 1340 4153 maximnm
1387 4119 1413 4149 υ
1461 4108 1606 4155 esset
1633 4100 1991 4170 appellatum.
2022 4129 2093 4141 —-
2126 4098 2475 4155 Adversariis
2515 4100 2562 4156 Ι.
2599 4104 2804 4156 13.-16.
2841 4102 2911 4149 est
3015 4126 3016 4135 ι

398 4182 687 4239 arbitraria
707 4187 1025 4240 retractatio
1043 4202 1237 4241 corum
1255 4228 1268 4253 ,
1293 4200 1434 4255 quac
1453 4191 1486 4239 2
1507 4190 1636 4255 Req.
1660 4191 1713 4241 6.
1734 4187 2011 4258 leguntur,
2029 4194 2087 4240 at
2100 4202 2171 4241 ne
2184 4187 2347 4242 unico
2368 4186 2591 4258 quidem
2607 4190 2907 4261 argumento

413 4266 792 4326 demonstrare
833 4282 1124 4341 conantur,
1165 4280 1452 4327 auctorem
1480 4280 1733 4328 nostrum
1765 4289 1876 4327 non
1914 4270 2233 4329 adhibuisse
2266 4275 2435 4329 alium
2470 4274 2679 4330 fontem
2716 4278 2909 4346 praeter
3015 4258 3016 4267 ἶ

399 4361 451 4409 2.
483 4358 624 4428 Reg.
655 4357 874 4413 librum.
904 4358 1113 4415 Similia
1142 4366 1273 4414 sunt
1295 4360 1524 4431 reliqua.
1555 4388 1628 4401 —
1646 4362 1953 4431 e.)Regum
1973 4376 2195 4433 quoque
2213 4360 2569 4433 biographiae
2588 4360 2904 4417 adulteratae

399 4456 514 4499 csse
540 4452 889 4513 asseruntur3
922 4455 980 4501 at
1003 4448 1178 4503 multa
1199 4445 1424 4519 quidem
1441 4490 1456 4517 ,
1479 4464 1623 4519 quae
1644 4446 1715 4502 ad
1744 4448 1912 4503 finem
1940 4448 2181 4504 auctoris
2202 4464 2315 4504 non
2335 4449 2706 4520 pertinebant,
2728 4445 2900 4503 omissa

397 4544 514 4584 esse
543 4529 652 4585 iam
677 4530 942 4601 diximuS,
975 4533 1070 4589 sed
1095 4532 1512 4590 adulterationis
1542 4551 1653 4590 non
1682 4534 1991 4591 afferuntur
2016 4544 2361 4608 argumenta.
2391 4536 2650 4593 Profecto
2680 4552 2776 4593 nec
2798 4546 2901 4585 ver·

397 4614 593 4671 borum
617 4620 922 4675 mutatione
945 4621 1002 4675 in
1032 4622 1076 4675 1.
1113 4626 1268 4688 14,12
1299 4621 1402 4686 (cfr
1429 4628 1462 4676 2
1496 4628 1621 4692 Περ.
1657 4627 1807 4689 5,21)
1837 4639 1939 4678 nec
1964 4622 2337 4679 additionibus
2356 4623 2415 4678 in
2440 4624 2514 4679 11.
2542 4628 2813 4695 32,27-29.
2842 4624 2899 4673 ³2
