<?xml version="1.0" encoding="UTF-8"?>
<!DOCTYPE html PUBLIC "-//W3C//DTD XHTML 1.0 Transitional//EN"
    "http://www.w3.org/TR/xhtml1/DTD/xhtml1-transitional.dtd">
<html xmlns="http://www.w3.org/1999/xhtml" xml:lang="en" lang="en">
 <head>
  <title>
</title>
<meta http-equiv="Content-Type" content="text/html;charset=utf-8" />
  <meta name='ocr-system' content='tesseract 3.04.00' />
  <meta name='ocr-capabilities' content='ocr_page ocr_carea ocr_par ocr_line ocrx_word'/>
</head>
<body>
  <div class='ocr_page' id='page_1' title='image "./historicaeetcri00corngoog_0140.png"; bbox 0 0 3050 5184; ppageno 0'>
   <div class='ocr_carea' id='block_1_1' title="bbox 459 288 2955 359">
    <p class='ocr_par' dir='ltr' id='par_1_1' title="bbox 459 288 2955 359">
     <span class='ocr_line' id='line_1_1' title="bbox 459 288 2955 359; baseline 0.006 -15"><span class='ocrx_word' id='word_1_1' title='bbox 459 288 574 345; x_wconf 82' lang='lat'>130</span> <span class='ocrx_word' id='word_1_2' title='bbox 654 301 728 343; x_wconf 76' lang='lat' dir='ltr'>nr.</span> <span class='ocrx_word' id='word_1_3' title='bbox 756 302 1314 347; x_wconf 67' lang='lat' dir='ltr'>iurssnpnanrlous</span> <span class='ocrx_word' id='word_1_4' title='bbox 1341 302 1390 344; x_wconf 77' lang='lat' dir='ltr'>s,</span> <span class='ocrx_word' id='word_1_5' title='bbox 1423 300 1815 347; x_wconf 60' lang='lat' dir='ltr'>scnrrrunna.</span> <span class='ocrx_word' id='word_1_6' title='bbox 1865 322 1923 331; x_wconf 90' lang='lat'>-—</span> <span class='ocrx_word' id='word_1_7' title='bbox 1953 308 2080 351; x_wconf 62' lang='lat' dir='ltr'>car.</span> <span class='ocrx_word' id='word_1_8' title='bbox 2118 307 2160 351; x_wconf 91' lang='lat'>1.</span> <span class='ocrx_word' id='word_1_9' title='bbox 2195 308 2270 353; x_wconf 73' lang='lat' dir='ltr'>na</span> <span class='ocrx_word' id='word_1_10' title='bbox 2300 310 2658 355; x_wconf 62' lang='lat' dir='ltr'>semmurum</span> <span class='ocrx_word' id='word_1_11' title='bbox 2687 312 2955 359; x_wconf 65' lang='lat' dir='ltr'>sensiatis</span> 
     </span>
    </p>
   </div>
   <div class='ocr_carea' id='block_1_2' title="bbox 449 432 2996 1378">
    <p class='ocr_par' dir='ltr' id='par_1_2' title="bbox 451 432 2977 1124">
     <span class='ocr_line' id='line_1_2' title="bbox 454 432 2973 515; baseline 0.005 -28"><span class='ocrx_word' id='word_1_12' title='bbox 454 436 511 488; x_wconf 82' lang='lat' dir='ltr'>S.</span> <span class='ocrx_word' id='word_1_13' title='bbox 542 432 874 488; x_wconf 79' lang='lat' dir='ltr'><strong><em>Matthaeus</em></strong></span> <span class='ocrx_word' id='word_1_14' title='bbox 903 438 1070 501; x_wconf 86' lang='lat'>(8,17)</span> <span class='ocrx_word' id='word_1_15' title='bbox 1100 434 1408 506; x_wconf 87' lang='lat' dir='ltr'>legitimum</span> <span class='ocrx_word' id='word_1_16' title='bbox 1433 434 1834 489; x_wconf 81' lang='lat' dir='ltr'>consectarium</span> <span class='ocrx_word' id='word_1_17' title='bbox 1863 451 1929 490; x_wconf 86' lang='lat' dir='ltr'>ex</span> <span class='ocrx_word' id='word_1_18' title='bbox 1960 441 2034 493; x_wconf 78' lang='lat' dir='ltr'>Is.</span> <span class='ocrx_word' id='word_1_19' title='bbox 2063 444 2192 505; x_wconf 76' lang='lat'>5:3‚4</span> <span class='ocrx_word' id='word_1_20' title='bbox 2220 440 2448 511; x_wconf 78' lang='lat' dir='ltr'>colligit,</span> <span class='ocrx_word' id='word_1_21' title='bbox 2480 440 2576 498; x_wconf 86' lang='lat' dir='ltr'>sed</span> <span class='ocrx_word' id='word_1_22' title='bbox 2604 443 2773 499; x_wconf 88' lang='lat' dir='ltr'>verba</span> <span class='ocrx_word' id='word_1_23' title='bbox 2796 444 2906 515; x_wconf 86' lang='lat' dir='ltr'>ipsa</span> <span class='ocrx_word' id='word_1_24' title='bbox 2928 446 2973 499; x_wconf 87' lang='lat' dir='ltr'>in</span> 
     </span>
     <span class='ocr_line' id='line_1_3' title="bbox 455 519 2975 602; baseline 0.004 -27"><span class='ocrx_word' id='word_1_25' title='bbox 455 520 622 576; x_wconf 86' lang='lat' dir='ltr'>alium</span> <span class='ocrx_word' id='word_1_26' title='bbox 649 536 871 576; x_wconf 91' lang='lat' dir='ltr'>sensum</span> <span class='ocrx_word' id='word_1_27' title='bbox 894 537 1009 578; x_wconf 91' lang='lat' dir='ltr'>non</span> <span class='ocrx_word' id='word_1_28' title='bbox 1035 521 1293 577; x_wconf 87' lang='lat' dir='ltr'>deflectit.</span> <span class='ocrx_word' id='word_1_29' title='bbox 1328 519 1582 575; x_wconf 86' lang='lat' dir='ltr'>Vaticinii</span> <span class='ocrx_word' id='word_1_30' title='bbox 1606 530 1791 577; x_wconf 89' lang='lat' dir='ltr'>autem</span> <span class='ocrx_word' id='word_1_31' title='bbox 1817 524 2092 581; x_wconf 89' lang='lat' dir='ltr'>Danielici</span> <span class='ocrx_word' id='word_1_32' title='bbox 2120 530 2295 591; x_wconf 80' lang='lat' dir='ltr'>(Dan.</span> <span class='ocrx_word' id='word_1_33' title='bbox 2330 534 2509 598; x_wconf 82' lang='grc'><strong>9,27),</strong></span> <span class='ocrx_word' id='word_1_34' title='bbox 2543 532 2692 602; x_wconf 91' lang='lat' dir='ltr'>quod</span> <span class='ocrx_word' id='word_1_35' title='bbox 2722 534 2975 585; x_wconf 79' lang='lat' dir='ltr'>Dominus</span> 
     </span>
     <span class='ocr_line' id='line_1_4' title="bbox 453 606 2973 689; baseline 0.004 -27"><span class='ocrx_word' id='word_1_36' title='bbox 453 608 512 663; x_wconf 88' lang='lat' dir='ltr'>in</span> <span class='ocrx_word' id='word_1_37' title='bbox 527 606 712 663; x_wconf 78' lang='lat' dir='ltr'>futura</span> <span class='ocrx_word' id='word_1_38' title='bbox 736 610 888 665; x_wconf 90' lang='lat' dir='ltr'>urbis</span> <span class='ocrx_word' id='word_1_39' title='bbox 910 607 1286 664; x_wconf 81' lang='lat' dir='ltr'>destructione</span> <span class='ocrx_word' id='word_1_40' title='bbox 1305 608 1599 679; x_wconf 90' lang='lat' dir='ltr'>impletum</span> <span class='ocrx_word' id='word_1_41' title='bbox 1618 608 1686 663; x_wconf 91' lang='lat' dir='ltr'>iri</span> <span class='ocrx_word' id='word_1_42' title='bbox 1710 608 1847 665; x_wconf 86' lang='lat' dir='ltr'><strong>dixit</strong></span> <span class='ocrx_word' id='word_1_43' title='bbox 1874 613 2107 681; x_wconf 78' lang='grc' dir='ltr'>(ΜατιΙι.</span> <span class='ocrx_word' id='word_1_44' title='bbox 2130 618 2315 683; x_wconf 81' lang='grc'><strong>24,15)</strong></span> <span class='ocrx_word' id='word_1_45' title='bbox 2329 658 2345 681; x_wconf 86' lang='grc'>,</span> <span class='ocrx_word' id='word_1_46' title='bbox 2374 616 2539 672; x_wconf 87' lang='lat' dir='ltr'>verba</span> <span class='ocrx_word' id='word_1_47' title='bbox 2561 617 2838 689; x_wconf 83' lang='lat' dir='ltr'><strong>quaedam</strong></span> <span class='ocrx_word' id='word_1_48' title='bbox 2860 634 2973 673; x_wconf 87' lang='lat' dir='ltr'>auc-</span> 
     </span>
     <span class='ocr_line' id='line_1_5' title="bbox 451 694 2977 775; baseline 0.004 -25"><span class='ocrx_word' id='word_1_49' title='bbox 451 706 541 750; x_wconf 84' lang='lat' dir='ltr'>tor</span> <span class='ocrx_word' id='word_1_50' title='bbox 575 701 599 750; x_wconf 93' lang='lat'>1</span> <span class='ocrx_word' id='word_1_51' title='bbox 633 694 828 751; x_wconf 67' lang='lat' dir='ltr'>Maelo.</span> <span class='ocrx_word' id='word_1_52' title='bbox 861 698 1030 765; x_wconf 86' lang='lat'>(1,57)</span> <span class='ocrx_word' id='word_1_53' title='bbox 1071 712 1172 752; x_wconf 91' lang='lat' dir='ltr'>suo</span> <span class='ocrx_word' id='word_1_54' title='bbox 1209 703 1538 768; x_wconf 87' lang='lat' dir='ltr'>argumento</span> <span class='ocrx_word' id='word_1_55' title='bbox 1566 697 1970 753; x_wconf 88' lang='lat' dir='ltr'>accommodat.</span> <span class='ocrx_word' id='word_1_56' title='bbox 2002 701 2085 757; x_wconf 90' lang='lat' dir='ltr'>Ne</span> <span class='ocrx_word' id='word_1_57' title='bbox 2114 718 2258 758; x_wconf 89' lang='lat' dir='ltr'>unus</span> <span class='ocrx_word' id='word_1_58' title='bbox 2301 701 2527 775; x_wconf 89' lang='lat' dir='ltr'>quidem</span> <span class='ocrx_word' id='word_1_59' title='bbox 2566 713 2752 760; x_wconf 85' lang='lat' dir='ltr'>textus</span> <span class='ocrx_word' id='word_1_60' title='bbox 2789 705 2977 761; x_wconf 85' lang='lat' dir='ltr'>hucus-</span> 
     </span>
     <span class='ocr_line' id='line_1_6' title="bbox 452 782 2975 863; baseline 0.003 -26"><span class='ocrx_word' id='word_1_61' title='bbox 452 798 559 855; x_wconf 86' lang='lat' dir='ltr'>que</span> <span class='ocrx_word' id='word_1_62' title='bbox 587 783 782 838; x_wconf 89' lang='lat' dir='ltr'>allatus</span> <span class='ocrx_word' id='word_1_63' title='bbox 811 792 917 849; x_wconf 91' lang='lat' dir='ltr'>est,</span> <span class='ocrx_word' id='word_1_64' title='bbox 953 784 1039 839; x_wconf 90' lang='lat' dir='ltr'>cui</span> <span class='ocrx_word' id='word_1_65' title='bbox 1069 782 1409 839; x_wconf 71' lang='lat' dir='ltr'>authentica</span> <span class='ocrx_word' id='word_1_66' title='bbox 1439 782 1897 854; x_wconf 80' lang='lat' dir='ltr'>interpretatione</span> <span class='ocrx_word' id='word_1_67' title='bbox 1932 788 2250 859; x_wconf 85' lang='lat' dir='ltr'>scripturae</span> <span class='ocrx_word' id='word_1_68' title='bbox 2278 799 2373 847; x_wconf 90' lang='lat' dir='ltr'>aut</span> <span class='ocrx_word' id='word_1_69' title='bbox 2399 792 2676 847; x_wconf 85' lang='lat' dir='ltr'>Ecclesiae</span> <span class='ocrx_word' id='word_1_70' title='bbox 2700 792 2975 863; x_wconf 78' lang='lat' dir='ltr'>multiplex</span> 
     </span>
     <span class='ocr_line' id='line_1_7' title="bbox 451 870 2975 950; baseline 0.002 -25"><span class='ocrx_word' id='word_1_71' title='bbox 451 884 644 925; x_wconf 87' lang='lat' dir='ltr'>sensus</span> <span class='ocrx_word' id='word_1_72' title='bbox 675 871 745 925; x_wconf 88' lang='lat' dir='ltr'>sit</span> <span class='ocrx_word' id='word_1_73' title='bbox 779 870 1093 927; x_wconf 63' lang='lat' dir='ltr'>attributus</span> <span class='ocrx_word' id='word_1_74' title='bbox 1134 870 1376 942; x_wconf 83' lang='lat' dir='ltr'>Caiphae·</span> <span class='ocrx_word' id='word_1_75' title='bbox 1411 871 1560 926; x_wconf 91' lang='lat' dir='ltr'>enim</span> <span class='ocrx_word' id='word_1_76' title='bbox 1598 871 1765 930; x_wconf 88' lang='lat' dir='ltr'>verba</span> <span class='ocrx_word' id='word_1_77' title='bbox 1797 876 1990 939; x_wconf 74' lang='lat' dir='ltr'>(toan.</span> <span class='ocrx_word' id='word_1_78' title='bbox 2019 876 2201 949; x_wconf 83' lang='lat'>11,51)</span> <span class='ocrx_word' id='word_1_79' title='bbox 2226 878 2289 933; x_wconf 91' lang='lat' dir='ltr'>in</span> <span class='ocrx_word' id='word_1_80' title='bbox 2322 878 2427 933; x_wconf 89' lang='lat' dir='ltr'>hac</span> <span class='ocrx_word' id='word_1_81' title='bbox 2459 880 2785 950; x_wconf 89' lang='lat' dir='ltr'>quaestione</span> <span class='ocrx_word' id='word_1_82' title='bbox 2814 881 2975 949; x_wconf 76' lang='lat' dir='ltr'>inepte</span> 
     </span>
     <span class='ocr_line' id='line_1_8' title="bbox 451 956 2976 1038; baseline 0.002 -26"><span class='ocrx_word' id='word_1_83' title='bbox 451 956 786 1025; x_wconf 81' lang='lat' dir='ltr'>afferuntur3</span> <span class='ocrx_word' id='word_1_84' title='bbox 817 972 948 1013; x_wconf 89' lang='lat' dir='ltr'>nam</span> <span class='ocrx_word' id='word_1_85' title='bbox 976 972 1150 1013; x_wconf 89' lang='lat' dir='ltr'>unum</span> <span class='ocrx_word' id='word_1_86' title='bbox 1185 958 1366 1013; x_wconf 92' lang='lat' dir='ltr'>solum</span> <span class='ocrx_word' id='word_1_87' title='bbox 1393 973 1588 1013; x_wconf 88' lang='lat' dir='ltr'>eorum</span> <span class='ocrx_word' id='word_1_88' title='bbox 1616 974 1841 1015; x_wconf 85' lang='lat' dir='ltr'>sensum</span> <span class='ocrx_word' id='word_1_89' title='bbox 1872 960 2112 1018; x_wconf 86' lang='lat' dir='ltr'>intendit</span> <span class='ocrx_word' id='word_1_90' title='bbox 2138 964 2375 1035; x_wconf 86' lang='lat' dir='ltr'>Spiritus</span> <span class='ocrx_word' id='word_1_91' title='bbox 2406 967 2488 1034; x_wconf 89' lang='lat' dir='ltr'>S.,</span> <span class='ocrx_word' id='word_1_92' title='bbox 2519 965 2615 1037; x_wconf 90' lang='lat' dir='ltr'>qui</span> <span class='ocrx_word' id='word_1_93' title='bbox 2647 982 2715 1022; x_wconf 89' lang='lat' dir='ltr'>ea</span> <span class='ocrx_word' id='word_1_94' title='bbox 2746 966 2976 1038; x_wconf 75' lang='lat' dir='ltr'>pontifici</span> 
     </span>
     <span class='ocr_line' id='line_1_9' title="bbox 453 1044 2967 1124; baseline 0.002 -25"><span class='ocrx_word' id='word_1_95' title='bbox 453 1046 760 1116; x_wconf 80' lang='lat' dir='ltr'>inspiravit,</span> <span class='ocrx_word' id='word_1_96' title='bbox 807 1044 1057 1115; x_wconf 85' lang='lat' dir='ltr'>permisit</span> <span class='ocrx_word' id='word_1_97' title='bbox 1083 1055 1298 1115; x_wconf 90' lang='lat' dir='ltr'>autem,</span> <span class='ocrx_word' id='word_1_98' title='bbox 1344 1054 1406 1100; x_wconf 90' lang='lat' dir='ltr'>ut</span> <span class='ocrx_word' id='word_1_99' title='bbox 1429 1044 1634 1101; x_wconf 89' lang='lat' dir='ltr'>iisdem</span> <span class='ocrx_word' id='word_1_100' title='bbox 1672 1047 1909 1117; x_wconf 89' lang='lat' dir='ltr'>Caiphas</span> <span class='ocrx_word' id='word_1_101' title='bbox 1946 1064 2109 1105; x_wconf 91' lang='lat' dir='ltr'>suum</span> <span class='ocrx_word' id='word_1_102' title='bbox 2149 1067 2373 1108; x_wconf 87' lang='lat' dir='ltr'>sensum</span> <span class='ocrx_word' id='word_1_103' title='bbox 2401 1054 2767 1124; x_wconf 86' lang='lat' dir='ltr'>exprimeret;</span> <span class='ocrx_word' id='word_1_104' title='bbox 2816 1054 2967 1108; x_wconf 83' lang='lat' dir='ltr'>simili</span> 
     </span>
    </p>

    <p class='ocr_par' dir='ltr' id='par_1_3' title="bbox 449 1131 2996 1297">
     <span class='ocr_line' id='line_1_10' title="bbox 449 1131 2996 1213; baseline 0.003 -26"><span class='ocrx_word' id='word_1_105' title='bbox 449 1132 619 1187; x_wconf 89' lang='lat' dir='ltr'>modo</span> <span class='ocrx_word' id='word_1_106' title='bbox 647 1133 895 1203; x_wconf 85' lang='lat' dir='ltr'>permisit</span> <span class='ocrx_word' id='word_1_107' title='bbox 929 1134 1228 1203; x_wconf 87' lang='lat' dir='ltr'>Dominus,</span> <span class='ocrx_word' id='word_1_108' title='bbox 1254 1142 1318 1188; x_wconf 90' lang='lat' dir='ltr'>ut</span> <span class='ocrx_word' id='word_1_109' title='bbox 1346 1131 1538 1189; x_wconf 90' lang='lat' dir='ltr'>Iudaei</span> <span class='ocrx_word' id='word_1_110' title='bbox 1564 1148 1662 1189; x_wconf 91' lang='lat' dir='ltr'>sua</span> <span class='ocrx_word' id='word_1_111' title='bbox 1696 1134 1862 1189; x_wconf 88' lang='lat' dir='ltr'>verba</span> <span class='ocrx_word' id='word_1_112' title='bbox 1901 1134 2084 1207; x_wconf 77' lang='lat' dir='ltr'>(loen.</span> <span class='ocrx_word' id='word_1_113' title='bbox 2118 1144 2267 1207; x_wconf 83' lang='lat'>2,19)</span> <span class='ocrx_word' id='word_1_114' title='bbox 2298 1140 2431 1210; x_wconf 88' lang='lat' dir='ltr'>alio,</span> <span class='ocrx_word' id='word_1_115' title='bbox 2464 1157 2634 1213; x_wconf 92' lang='lat' dir='ltr'>quam</span> <span class='ocrx_word' id='word_1_116' title='bbox 2660 1141 2781 1213; x_wconf 90' lang='lat' dir='ltr'>ipse</span> <span class='ocrx_word' id='word_1_117' title='bbox 2806 1141 2961 1195; x_wconf 87' lang='lat' dir='ltr'>inten-</span> <span class='ocrx_word' id='word_1_118' title='bbox 2995 1182 2996 1185; x_wconf 15' lang='grc' dir='ltr'>η</span> 
     </span>
     <span class='ocr_line' id='line_1_11' title="bbox 451 1219 2957 1297; baseline 0.003 -23"><span class='ocrx_word' id='word_1_119' title='bbox 451 1219 636 1285; x_wconf 84' lang='lat' dir='ltr'>debat,</span> <span class='ocrx_word' id='word_1_120' title='bbox 666 1236 829 1275; x_wconf 89' lang='lat' dir='ltr'>sensu</span> <span class='ocrx_word' id='word_1_121' title='bbox 857 1220 1250 1292; x_wconf 80' lang='lat' dir='ltr'>intelligerent.</span> <span class='ocrx_word' id='word_1_122' title='bbox 1275 1220 1446 1276; x_wconf 88' lang='lat' dir='ltr'>Nullo</span> <span class='ocrx_word' id='word_1_123' title='bbox 1471 1220 1642 1293; x_wconf 85' lang='lat' dir='ltr'>igitur</span> <span class='ocrx_word' id='word_1_124' title='bbox 1670 1231 1995 1293; x_wconf 84' lang='lat' dir='ltr'>argumento</span> <span class='ocrx_word' id='word_1_125' title='bbox 2023 1226 2275 1281; x_wconf 87' lang='lat' dir='ltr'>munitur</span> <span class='ocrx_word' id='word_1_126' title='bbox 2300 1228 2570 1283; x_wconf 90' lang='lat' dir='ltr'>sententia</span> <span class='ocrx_word' id='word_1_127' title='bbox 2598 1228 2671 1285; x_wconf 89' lang='lat' dir='ltr'>de</span> <span class='ocrx_word' id='word_1_128' title='bbox 2700 1228 2957 1297; x_wconf 87' lang='lat' dir='ltr'>multiplic</span> 
     </span>
    </p>

    <p class='ocr_par' dir='ltr' id='par_1_4' title="bbox 452 1308 979 1378">
     <span class='ocr_line' id='line_1_12' title="bbox 452 1308 979 1378; baseline 0.002 -16"><span class='ocrx_word' id='word_1_129' title='bbox 452 1308 770 1378; x_wconf 88' lang='lat' dir='ltr'>Scripturae</span> <span class='ocrx_word' id='word_1_130' title='bbox 797 1323 979 1363; x_wconf 91' lang='lat' dir='ltr'>sensu.</span> 
     </span>
    </p>
   </div>
   <div class='ocr_carea' id='block_1_3' title="bbox 450 1448 2970 1822">
    <p class='ocr_par' dir='ltr' id='par_1_5' title="bbox 450 1448 2970 1822">
     <span class='ocr_line' id='line_1_13' title="bbox 529 1448 2969 1525; baseline 0.001 -18"><span class='ocrx_word' id='word_1_131' title='bbox 529 1452 588 1507; x_wconf 81' lang='lat'>4.</span> <span class='ocrx_word' id='word_1_132' title='bbox 623 1482 702 1491; x_wconf 79' lang='lat'>—-</span> <span class='ocrx_word' id='word_1_133' title='bbox 731 1448 826 1508; x_wconf 84' lang='lat' dir='ltr'>Ad</span> <span class='ocrx_word' id='word_1_134' title='bbox 853 1466 1106 1509; x_wconf 89' lang='lat' dir='ltr'>sensum</span> <span class='ocrx_word' id='word_1_135' title='bbox 1127 1450 1444 1509; x_wconf 83' lang='lat' dir='ltr'>literalem</span> <span class='ocrx_word' id='word_1_136' title='bbox 1472 1450 1609 1510; x_wconf 90' lang='lat' dir='ltr'>iure</span> <span class='ocrx_word' id='word_1_137' title='bbox 1642 1451 1974 1513; x_wconf 87' lang='lat' dir='ltr'>trahuntur</span> <span class='ocrx_word' id='word_1_138' title='bbox 1999 1456 2407 1525; x_wconf 81' lang='lat' dir='ltr'>consectaria,</span> <span class='ocrx_word' id='word_1_139' title='bbox 2438 1458 2567 1517; x_wconf 86' lang='lat' dir='ltr'>sive</span> <span class='ocrx_word' id='word_1_140' title='bbox 2594 1456 2969 1517; x_wconf 60' lang='lat' dir='ltr'>accuratiore</span> 
     </span>
     <span class='ocr_line' id='line_1_14' title="bbox 451 1545 2969 1629; baseline 0.001 -25"><span class='ocrx_word' id='word_1_141' title='bbox 451 1550 514 1605; x_wconf 88' lang='lat' dir='ltr'>et</span> <span class='ocrx_word' id='word_1_142' title='bbox 541 1545 824 1621; x_wconf 88' lang='lat' dir='ltr'>pleniore</span> <span class='ocrx_word' id='word_1_143' title='bbox 855 1545 1196 1605; x_wconf 82' lang='lat' dir='ltr'>verborum</span> <span class='ocrx_word' id='word_1_144' title='bbox 1231 1546 1648 1623; x_wconf 85' lang='lat' dir='ltr'>explicatione</span> <span class='ocrx_word' id='word_1_145' title='bbox 1676 1546 2074 1620; x_wconf 89' lang='lat' dir='ltr'>hauriuntur,</span> <span class='ocrx_word' id='word_1_146' title='bbox 2108 1550 2237 1609; x_wconf 87' lang='lat' dir='ltr'>sive</span> <span class='ocrx_word' id='word_1_147' title='bbox 2264 1569 2337 1611; x_wconf 88' lang='lat' dir='ltr'>ex</span> <span class='ocrx_word' id='word_1_148' title='bbox 2366 1553 2457 1611; x_wconf 88' lang='lat' dir='ltr'>eis</span> <span class='ocrx_word' id='word_1_149' title='bbox 2482 1552 2770 1629; x_wconf 86' lang='lat' dir='ltr'>legitima</span> <span class='ocrx_word' id='word_1_150' title='bbox 2803 1568 2969 1627; x_wconf 76' lang='lat' dir='ltr'>argu-</span> 
     </span>
     <span class='ocr_line' id='line_1_15' title="bbox 451 1641 2970 1728; baseline 0 -29"><span class='ocrx_word' id='word_1_151' title='bbox 451 1642 834 1701; x_wconf 84' lang='lat' dir='ltr'>mentatione</span> <span class='ocrx_word' id='word_1_152' title='bbox 867 1641 1259 1714; x_wconf 85' lang='lat' dir='ltr'>derivantur;</span> <span class='ocrx_word' id='word_1_153' title='bbox 1283 1646 1506 1701; x_wconf 90' lang='lat' dir='ltr'>neutra</span> <span class='ocrx_word' id='word_1_154' title='bbox 1532 1642 1790 1718; x_wconf 90' lang='lat' dir='ltr'>quidem</span> <span class='ocrx_word' id='word_1_155' title='bbox 1821 1646 2061 1722; x_wconf 89' lang='lat' dir='ltr'>species</span> <span class='ocrx_word' id='word_1_156' title='bbox 2088 1664 2286 1707; x_wconf 79' lang='lat' dir='ltr'>sensus</span> <span class='ocrx_word' id='word_1_157' title='bbox 2308 1666 2671 1728; x_wconf 80' lang='lat' dir='ltr'>consequens</span> <span class='ocrx_word' id='word_1_158' title='bbox 2694 1646 2970 1727; x_wconf 87' lang='lat' dir='ltr'>appellari</span> 
     </span>
     <span class='ocr_line' id='line_1_16' title="bbox 450 1736 2618 1822; baseline 0.003 -27"><span class='ocrx_word' id='word_1_159' title='bbox 450 1742 662 1814; x_wconf 88' lang='lat' dir='ltr'>potest</span> <span class='ocrx_word' id='word_1_160' title='bbox 679 1783 692 1807; x_wconf 88' lang='lat'><strong><em>‚</em></strong></span> <span class='ocrx_word' id='word_1_161' title='bbox 724 1742 990 1813; x_wconf 88' lang='lat' dir='ltr'>utraque</span> <span class='ocrx_word' id='word_1_162' title='bbox 1018 1741 1230 1797; x_wconf 87' lang='lat' dir='ltr'>autem</span> <span class='ocrx_word' id='word_1_163' title='bbox 1261 1737 1338 1797; x_wconf 91' lang='lat' dir='ltr'>ab</span> <span class='ocrx_word' id='word_1_164' title='bbox 1368 1736 1714 1814; x_wconf 87' lang='lat' dir='ltr'>interprete</span> <span class='ocrx_word' id='word_1_165' title='bbox 1742 1737 2081 1817; x_wconf 84' lang='lat' dir='ltr'>diligenter</span> <span class='ocrx_word' id='word_1_166' title='bbox 2105 1747 2199 1802; x_wconf 89' lang='lat' dir='ltr'>est</span> <span class='ocrx_word' id='word_1_167' title='bbox 2226 1743 2618 1822; x_wconf 83' lang='lat' dir='ltr'>explicanda.</span> 
     </span>
    </p>
   </div>
   <div class='ocr_carea' id='block_1_4' title="bbox 441 1838 2996 4705">
    <p class='ocr_par' dir='ltr' id='par_1_6' title="bbox 441 1838 2996 4705">
     <span class='ocr_line' id='line_1_17' title="bbox 521 1838 2969 1918; baseline 0 -23"><span class='ocrx_word' id='word_1_168' title='bbox 521 1838 676 1895; x_wconf 86' lang='lat' dir='ltr'>Idem</span> <span class='ocrx_word' id='word_1_169' title='bbox 701 1838 1094 1910; x_wconf 86' lang='lat' dir='ltr'>praedicatum,</span> <span class='ocrx_word' id='word_1_170' title='bbox 1123 1841 1170 1895; x_wconf 91' lang='lat' dir='ltr'>si</span> <span class='ocrx_word' id='word_1_171' title='bbox 1198 1839 1266 1895; x_wconf 91' lang='lat' dir='ltr'>de</span> <span class='ocrx_word' id='word_1_172' title='bbox 1296 1842 1456 1911; x_wconf 90' lang='lat' dir='ltr'>plane</span> <span class='ocrx_word' id='word_1_173' title='bbox 1480 1840 1708 1897; x_wconf 88' lang='lat' dir='ltr'>diversis</span> <span class='ocrx_word' id='word_1_174' title='bbox 1730 1841 1985 1899; x_wconf 87' lang='lat' dir='ltr'>subiectis</span> <span class='ocrx_word' id='word_1_175' title='bbox 2006 1846 2342 1914; x_wconf 87' lang='lat' dir='ltr'>enuntiatur,</span> <span class='ocrx_word' id='word_1_176' title='bbox 2369 1862 2474 1918; x_wconf 88' lang='lat' dir='ltr'>pro</span> <span class='ocrx_word' id='word_1_177' title='bbox 2496 1846 2867 1903; x_wconf 86' lang='lat' dir='ltr'>subiectorum</span> <span class='ocrx_word' id='word_1_178' title='bbox 2892 1860 2969 1897; x_wconf 81' lang='lat' dir='ltr'>na-</span> 
     </span>
     <span class='ocr_line' id='line_1_18' title="bbox 449 1926 2967 2005; baseline 0 -25"><span class='ocrx_word' id='word_1_179' title='bbox 449 1936 574 1981; x_wconf 81' lang='lat' dir='ltr'>tura</span> <span class='ocrx_word' id='word_1_180' title='bbox 596 1928 834 1982; x_wconf 85' lang='lat' dir='ltr'>arctiore</span> <span class='ocrx_word' id='word_1_181' title='bbox 861 1936 956 1981; x_wconf 89' lang='lat' dir='ltr'>aut</span> <span class='ocrx_word' id='word_1_182' title='bbox 983 1928 1227 1999; x_wconf 85' lang='lat' dir='ltr'>pleniore</span> <span class='ocrx_word' id='word_1_183' title='bbox 1255 1936 1312 1982; x_wconf 90' lang='lat' dir='ltr'>et</span> <span class='ocrx_word' id='word_1_184' title='bbox 1347 1926 1604 1983; x_wconf 90' lang='lat' dir='ltr'>uberiore</span> <span class='ocrx_word' id='word_1_185' title='bbox 1632 1944 1798 1983; x_wconf 91' lang='lat' dir='ltr'>sensu</span> <span class='ocrx_word' id='word_1_186' title='bbox 1818 1929 2049 2004; x_wconf 84' lang='lat' dir='ltr'>intelligi</span> <span class='ocrx_word' id='word_1_187' title='bbox 2084 1940 2267 2002; x_wconf 89' lang='lat' dir='ltr'>potest</span> <span class='ocrx_word' id='word_1_188' title='bbox 2301 1948 2366 1989; x_wconf 91' lang='lat' dir='ltr'>ac</span> <span class='ocrx_word' id='word_1_189' title='bbox 2402 1932 2597 2001; x_wconf 77' lang='lat' dir='ltr'>debet3</span> <span class='ocrx_word' id='word_1_190' title='bbox 2631 1945 2855 2005; x_wconf 90' lang='lat' dir='ltr'>prorsus</span> <span class='ocrx_word' id='word_1_191' title='bbox 2878 1930 2967 1983; x_wconf 82' lang='lat' dir='ltr'>alia</span> 
     </span>
     <span class='ocr_line' id='line_1_19' title="bbox 449 2013 2996 2092; baseline -0 -23"><span class='ocrx_word' id='word_1_192' title='bbox 449 2013 694 2084; x_wconf 80' lang='lat' dir='ltr'>profecto</span> <span class='ocrx_word' id='word_1_193' title='bbox 723 2014 1044 2085; x_wconf 86' lang='lat' dir='ltr'>intelligitur</span> <span class='ocrx_word' id='word_1_194' title='bbox 1072 2014 1342 2084; x_wconf 81' lang='lat' dir='ltr'>potentia,</span> <span class='ocrx_word' id='word_1_195' title='bbox 1375 2014 1422 2069; x_wconf 91' lang='lat' dir='ltr'>si</span> <span class='ocrx_word' id='word_1_196' title='bbox 1452 2014 1620 2070; x_wconf 85' lang='lat' dir='ltr'>homo</span> <span class='ocrx_word' id='word_1_197' title='bbox 1651 2024 1847 2085; x_wconf 90' lang='lat' dir='ltr'>potens</span> <span class='ocrx_word' id='word_1_198' title='bbox 1876 2025 2124 2087; x_wconf 89' lang='lat' dir='ltr'>vocatur,</span> <span class='ocrx_word' id='word_1_199' title='bbox 2154 2020 2289 2088; x_wconf 89' lang='lat' dir='ltr'>alia,</span> <span class='ocrx_word' id='word_1_200' title='bbox 2321 2021 2367 2075; x_wconf 92' lang='lat' dir='ltr'>si</span> <span class='ocrx_word' id='word_1_201' title='bbox 2400 2022 2520 2075; x_wconf 87' lang='lat' dir='ltr'>Deo</span> <span class='ocrx_word' id='word_1_202' title='bbox 2548 2021 2801 2092; x_wconf 88' lang='lat' dir='ltr'>potentia</span> <span class='ocrx_word' id='word_1_203' title='bbox 2837 2017 2967 2072; x_wconf 87' lang='lat' dir='ltr'>attri-</span> <span class='ocrx_word' id='word_1_204' title='bbox 2995 2024 2996 2029; x_wconf 74' lang='grc'>’</span> 
     </span>
     <span class='ocr_line' id='line_1_20' title="bbox 447 2100 2963 2179; baseline -0 -24"><span class='ocrx_word' id='word_1_205' title='bbox 447 2100 652 2157; x_wconf 91' lang='lat' dir='ltr'>buitur.</span> <span class='ocrx_word' id='word_1_206' title='bbox 691 2102 870 2169; x_wconf 85' lang='lat' dir='ltr'>Quem</span> <span class='ocrx_word' id='word_1_207' title='bbox 899 2100 1284 2172; x_wconf 77' lang='lat' dir='ltr'>perfectiorem</span> <span class='ocrx_word' id='word_1_208' title='bbox 1309 2111 1367 2157; x_wconf 91' lang='lat' dir='ltr'>et</span> <span class='ocrx_word' id='word_1_209' title='bbox 1395 2101 1700 2172; x_wconf 89' lang='lat' dir='ltr'>pleniorem</span> <span class='ocrx_word' id='word_1_210' title='bbox 1736 2118 1978 2170; x_wconf 89' lang='lat' dir='ltr'>sensum,</span> <span class='ocrx_word' id='word_1_211' title='bbox 2012 2121 2183 2177; x_wconf 91' lang='lat' dir='ltr'>quum</span> <span class='ocrx_word' id='word_1_212' title='bbox 2212 2115 2615 2179; x_wconf 88' lang='lat' dir='ltr'>consequenter</span> <span class='ocrx_word' id='word_1_213' title='bbox 2652 2106 2727 2163; x_wconf 89' lang='lat' dir='ltr'>ad</span> <span class='ocrx_word' id='word_1_214' title='bbox 2768 2102 2963 2177; x_wconf 87' lang='lat' dir='ltr'>praedi-</span> 
     </span>
     <span class='ocr_line' id='line_1_21' title="bbox 447 2187 2958 2267; baseline -0.002 -24"><span class='ocrx_word' id='word_1_215' title='bbox 447 2190 553 2244; x_wconf 88' lang='lat' dir='ltr'>cati</span> <span class='ocrx_word' id='word_1_216' title='bbox 583 2204 710 2243; x_wconf 91' lang='lat' dir='ltr'>cum</span> <span class='ocrx_word' id='word_1_217' title='bbox 757 2188 866 2243; x_wconf 81' lang='lat' dir='ltr'>hoe</span> <span class='ocrx_word' id='word_1_218' title='bbox 905 2187 1152 2244; x_wconf 89' lang='lat' dir='ltr'>subiecto</span> <span class='ocrx_word' id='word_1_219' title='bbox 1189 2187 1635 2244; x_wconf 89' lang='lat' dir='ltr'>coniunctionem</span> <span class='ocrx_word' id='word_1_220' title='bbox 1673 2190 1973 2259; x_wconf 87' lang='lat' dir='ltr'>exoriatur,</span> <span class='ocrx_word' id='word_1_221' title='bbox 2016 2192 2185 2264; x_wconf 88' lang='lat' dir='ltr'>aliqui</span> <span class='ocrx_word' id='word_1_222' title='bbox 2222 2200 2661 2267; x_wconf 78' lang='lat' dir='ltr'>consequentem</span> <span class='ocrx_word' id='word_1_223' title='bbox 2698 2191 2958 2249; x_wconf 82' lang='lat' dir='ltr'>nominant</span> 
     </span>
     <span class='ocr_line' id='line_1_22' title="bbox 444 2275 2963 2357; baseline -0.001 -27"><span class='ocrx_word' id='word_1_224' title='bbox 444 2285 734 2331; x_wconf 88' lang='lat' dir='ltr'>monentes</span> <span class='ocrx_word' id='word_1_225' title='bbox 763 2275 868 2332; x_wconf 89' lang='lat' dir='ltr'>hac</span> <span class='ocrx_word' id='word_1_226' title='bbox 894 2276 1106 2331; x_wconf 88' lang='lat' dir='ltr'>ratione</span> <span class='ocrx_word' id='word_1_227' title='bbox 1129 2275 1613 2357; x_wconf 23' lang='lat' dir='ltr'>multacexplicari,</span> <span class='ocrx_word' id='word_1_228' title='bbox 1645 2292 1786 2349; x_wconf 88' lang='lat' dir='ltr'>quae</span> <span class='ocrx_word' id='word_1_229' title='bbox 1816 2279 2180 2350; x_wconf 86' lang='lat' dir='ltr'>multiplicem</span> <span class='ocrx_word' id='word_1_230' title='bbox 2206 2296 2431 2337; x_wconf 88' lang='lat' dir='ltr'>sensum</span> <span class='ocrx_word' id='word_1_231' title='bbox 2460 2280 2669 2337; x_wconf 89' lang='lat' dir='ltr'>habere</span> <span class='ocrx_word' id='word_1_232' title='bbox 2698 2296 2731 2337; x_wconf 88' lang='lat' dir='ltr'>a</span> <span class='ocrx_word' id='word_1_233' title='bbox 2756 2276 2963 2335; x_wconf 90' lang='lat' dir='ltr'>nonnul·</span> 
     </span>
     <span class='ocr_line' id='line_1_23' title="bbox 446 2360 2957 2437; baseline 0.003 -20"><span class='ocrx_word' id='word_1_234' title='bbox 446 2362 512 2417; x_wconf 89' lang='lat' dir='ltr'>lis</span> <span class='ocrx_word' id='word_1_235' title='bbox 539 2362 824 2429; x_wconf 86' lang='lat' dir='ltr'>dicuntur;</span> <span class='ocrx_word' id='word_1_236' title='bbox 857 2362 1062 2418; x_wconf 89' lang='lat' dir='ltr'>etenim</span> <span class='ocrx_word' id='word_1_237' title='bbox 1096 2360 1173 2430; x_wconf 89' lang='lat' dir='ltr'>id,</span> <span class='ocrx_word' id='word_1_238' title='bbox 1207 2361 1358 2434; x_wconf 89' lang='lat' dir='ltr'>quod</span> <span class='ocrx_word' id='word_1_239' title='bbox 1383 2362 1454 2418; x_wconf 93' lang='lat' dir='ltr'>de</span> <span class='ocrx_word' id='word_1_240' title='bbox 1487 2364 1673 2434; x_wconf 89' lang='lat' dir='ltr'>aliquo</span> <span class='ocrx_word' id='word_1_241' title='bbox 1712 2363 1957 2420; x_wconf 91' lang='lat' dir='ltr'>subiecto</span> <span class='ocrx_word' id='word_1_242' title='bbox 1994 2366 2366 2437; x_wconf 89' lang='lat' dir='ltr'>praedicatur,</span> <span class='ocrx_word' id='word_1_243' title='bbox 2396 2367 2683 2424; x_wconf 78' lang='lat' dir='ltr'>interdum</span> <span class='ocrx_word' id='word_1_244' title='bbox 2722 2376 2834 2423; x_wconf 86' lang='lat' dir='ltr'>tam</span> <span class='ocrx_word' id='word_1_245' title='bbox 2866 2376 2957 2417; x_wconf 78' lang='lat'>³111·</span> 
     </span>
     <span class='ocr_line' id='line_1_24' title="bbox 445 2448 2957 2527; baseline -0.001 -24"><span class='ocrx_word' id='word_1_246' title='bbox 445 2451 600 2520; x_wconf 87' lang='lat' dir='ltr'>plum</span> <span class='ocrx_word' id='word_1_247' title='bbox 625 2459 681 2504; x_wconf 90' lang='lat' dir='ltr'>et</span> <span class='ocrx_word' id='word_1_248' title='bbox 710 2459 927 2505; x_wconf 90' lang='lat' dir='ltr'>vastum</span> <span class='ocrx_word' id='word_1_249' title='bbox 953 2458 1056 2517; x_wconf 62' lang='lat' dir='ltr'>est,</span> <span class='ocrx_word' id='word_1_250' title='bbox 1085 2451 1228 2505; x_wconf 92' lang='lat' dir='ltr'>utin</span> <span class='ocrx_word' id='word_1_251' title='bbox 1261 2450 1436 2506; x_wconf 90' lang='lat' dir='ltr'>varias</span> <span class='ocrx_word' id='word_1_252' title='bbox 1475 2450 1631 2521; x_wconf 89' lang='lat' dir='ltr'>quasi</span> <span class='ocrx_word' id='word_1_253' title='bbox 1662 2460 1845 2517; x_wconf 84' lang='lat' dir='ltr'>partes</span> <span class='ocrx_word' id='word_1_254' title='bbox 1884 2468 2011 2507; x_wconf 88' lang='lat' dir='ltr'>suas</span> <span class='ocrx_word' id='word_1_255' title='bbox 2052 2451 2225 2509; x_wconf 88' lang='lat' dir='ltr'>dividi</span> <span class='ocrx_word' id='word_1_256' title='bbox 2258 2452 2489 2521; x_wconf 86' lang='lat' dir='ltr'>debeat,</span> <span class='ocrx_word' id='word_1_257' title='bbox 2528 2463 2829 2527; x_wconf 87' lang='lat' dir='ltr'>antequam</span> <span class='ocrx_word' id='word_1_258' title='bbox 2852 2448 2957 2503; x_wconf 91' lang='lat' dir='ltr'>uni-</span> 
     </span>
     <span class='ocr_line' id='line_1_25' title="bbox 446 2535 2959 2615; baseline 0.001 -27"><span class='ocrx_word' id='word_1_259' title='bbox 446 2552 661 2592; x_wconf 84' lang='lat' dir='ltr'>versum</span> <span class='ocrx_word' id='word_1_260' title='bbox 684 2535 1042 2609; x_wconf 85' lang='lat' dir='ltr'>intelligatur.</span> <span class='ocrx_word' id='word_1_261' title='bbox 1069 2540 1328 2592; x_wconf 84' lang='lat' dir='ltr'>Attamen</span> <span class='ocrx_word' id='word_1_262' title='bbox 1357 2536 1625 2609; x_wconf 90' lang='lat' dir='ltr'>quidquid</span> <span class='ocrx_word' id='word_1_263' title='bbox 1656 2537 1760 2594; x_wconf 90' lang='lat' dir='ltr'>hac</span> <span class='ocrx_word' id='word_1_264' title='bbox 1780 2538 1866 2593; x_wconf 92' lang='lat' dir='ltr'>via</span> <span class='ocrx_word' id='word_1_265' title='bbox 1889 2540 2187 2609; x_wconf 85' lang='lat' dir='ltr'>invenitur,</span> <span class='ocrx_word' id='word_1_266' title='bbox 2210 2542 2512 2597; x_wconf 87' lang='lat' dir='ltr'>rectissime</span> <span class='ocrx_word' id='word_1_267' title='bbox 2530 2541 2757 2615; x_wconf 88' lang='lat' dir='ltr'>quidem</span> <span class='ocrx_word' id='word_1_268' title='bbox 2784 2550 2959 2593; x_wconf 76' lang='lat' dir='ltr'>sensu-s</span> 
     </span>
     <span class='ocr_line' id='line_1_26' title="bbox 447 2625 2960 2702; baseline -0.002 -24"><span class='ocrx_word' id='word_1_269' title='bbox 447 2632 692 2693; x_wconf 86' lang='lat' dir='ltr'>vocatur,</span> <span class='ocrx_word' id='word_1_270' title='bbox 723 2626 983 2697; x_wconf 90' lang='lat' dir='ltr'>quoniam</span> <span class='ocrx_word' id='word_1_271' title='bbox 1012 2626 1217 2691; x_wconf 89' lang='lat' dir='ltr'>omnia,</span> <span class='ocrx_word' id='word_1_272' title='bbox 1251 2641 1392 2696; x_wconf 89' lang='lat' dir='ltr'>quae</span> <span class='ocrx_word' id='word_1_273' title='bbox 1431 2625 1480 2679; x_wconf 89' lang='lat' dir='ltr'>vi</span> <span class='ocrx_word' id='word_1_274' title='bbox 1529 2632 1583 2679; x_wconf 87' lang='lat' dir='ltr'>et</span> <span class='ocrx_word' id='word_1_275' title='bbox 1629 2633 1898 2696; x_wconf 89' lang='lat' dir='ltr'>potestate</span> <span class='ocrx_word' id='word_1_276' title='bbox 1935 2627 2187 2683; x_wconf 86' lang='lat' dir='ltr'>vocabuli</span> <span class='ocrx_word' id='word_1_277' title='bbox 2236 2628 2465 2684; x_wconf 85' lang='lat' dir='ltr'>alicuius</span> <span class='ocrx_word' id='word_1_278' title='bbox 2504 2630 2563 2684; x_wconf 90' lang='lat' dir='ltr'>in</span> <span class='ocrx_word' id='word_1_279' title='bbox 2606 2629 2839 2702; x_wconf 87' lang='lat' dir='ltr'>genuino</span> <span class='ocrx_word' id='word_1_280' title='bbox 2876 2636 2960 2677; x_wconf 89' lang='lat' dir='ltr'>suo</span> 
     </span>
     <span class='ocr_line' id='line_1_27' title="bbox 443 2708 2949 2785; baseline -0.002 -17"><span class='ocrx_word' id='word_1_281' title='bbox 443 2719 703 2768; x_wconf 86' lang='lat' dir='ltr'>contextu</span> <span class='ocrx_word' id='word_1_282' title='bbox 731 2711 1065 2769; x_wconf 89' lang='lat' dir='ltr'>considerati</span> <span class='ocrx_word' id='word_1_283' title='bbox 1085 2712 1455 2781; x_wconf 89' lang='lat' dir='ltr'>continentur,</span> <span class='ocrx_word' id='word_1_284' title='bbox 1487 2728 1520 2767; x_wconf 89' lang='lat' dir='ltr'>a</span> <span class='ocrx_word' id='word_1_285' title='bbox 1550 2710 1767 2769; x_wconf 88' lang='lat' dir='ltr'>dicente</span> <span class='ocrx_word' id='word_1_286' title='bbox 1795 2713 1882 2768; x_wconf 90' lang='lat' dir='ltr'>vel</span> <span class='ocrx_word' id='word_1_287' title='bbox 1904 2710 2177 2772; x_wconf 78' lang='lat' dir='ltr'>scribente</span> <span class='ocrx_word' id='word_1_288' title='bbox 2203 2716 2413 2771; x_wconf 90' lang='lat' dir='ltr'>intenta</span> <span class='ocrx_word' id='word_1_289' title='bbox 2451 2731 2595 2785; x_wconf 85' lang='lat' dir='ltr'>esse,</span> <span class='ocrx_word' id='word_1_290' title='bbox 2630 2717 2751 2772; x_wconf 89' lang='lat' dir='ltr'>iure</span> <span class='ocrx_word' id='word_1_291' title='bbox 2778 2708 2949 2769; x_wconf 83' lang='lat' dir='ltr'>asseri-</span> 
     </span>
     <span class='ocr_line' id='line_1_28' title="bbox 441 2798 2953 2873; baseline 0 -19"><span class='ocrx_word' id='word_1_292' title='bbox 441 2809 562 2867; x_wconf 85' lang='lat' dir='ltr'>tur;</span> <span class='ocrx_word' id='word_1_293' title='bbox 593 2816 942 2873; x_wconf 79' lang='lat' dir='ltr'>consequens</span> <span class='ocrx_word' id='word_1_294' title='bbox 969 2810 1156 2856; x_wconf 91' lang='lat' dir='ltr'>autem</span> <span class='ocrx_word' id='word_1_295' title='bbox 1183 2814 1375 2855; x_wconf 90' lang='lat' dir='ltr'>sensus</span> <span class='ocrx_word' id='word_1_296' title='bbox 1417 2798 1599 2854; x_wconf 89' lang='lat' dir='ltr'>vocari</span> <span class='ocrx_word' id='word_1_297' title='bbox 1626 2800 1837 2871; x_wconf 90' lang='lat' dir='ltr'>nequit,</span> <span class='ocrx_word' id='word_1_298' title='bbox 1870 2802 1998 2873; x_wconf 88' lang='lat' dir='ltr'>quia</span> <span class='ocrx_word' id='word_1_299' title='bbox 2023 2801 2147 2871; x_wconf 87' lang='lat' dir='ltr'>illa,</span> <span class='ocrx_word' id='word_1_300' title='bbox 2181 2817 2321 2873; x_wconf 88' lang='lat' dir='ltr'>quae</span> <span class='ocrx_word' id='word_1_301' title='bbox 2364 2802 2473 2857; x_wconf 91' lang='lat' dir='ltr'>vim</span> <span class='ocrx_word' id='word_1_302' title='bbox 2510 2802 2763 2859; x_wconf 83' lang='lat' dir='ltr'>vocabuli</span> <span class='ocrx_word' id='word_1_303' title='bbox 2790 2801 2839 2854; x_wconf 89' lang='lat' dir='ltr'>in</span> <span class='ocrx_word' id='word_1_304' title='bbox 2868 2810 2953 2849; x_wconf 81' lang='lat' dir='ltr'>suo</span> 
     </span>
     <span class='ocr_line' id='line_1_29' title="bbox 444 2886 2951 2961; baseline -0.002 -20"><span class='ocrx_word' id='word_1_305' title='bbox 444 2895 706 2943; x_wconf 87' lang='lat' dir='ltr'>contextu</span> <span class='ocrx_word' id='word_1_306' title='bbox 733 2887 1063 2943; x_wconf 88' lang='lat' dir='ltr'>considerati</span> <span class='ocrx_word' id='word_1_307' title='bbox 1081 2903 1193 2943; x_wconf 89' lang='lat' dir='ltr'>non</span> <span class='ocrx_word' id='word_1_308' title='bbox 1218 2886 1515 2953; x_wconf 88' lang='lat' dir='ltr'>excedunt,</span> <span class='ocrx_word' id='word_1_309' title='bbox 1546 2887 1713 2942; x_wconf 89' lang='lat' dir='ltr'>etiam</span> <span class='ocrx_word' id='word_1_310' title='bbox 1742 2887 1945 2943; x_wconf 88' lang='lat' dir='ltr'>limites</span> <span class='ocrx_word' id='word_1_311' title='bbox 1970 2904 2165 2945; x_wconf 88' lang='lat' dir='ltr'>sensus</span> <span class='ocrx_word' id='word_1_312' title='bbox 2186 2888 2413 2945; x_wconf 87' lang='lat' dir='ltr'>literalis</span> <span class='ocrx_word' id='word_1_313' title='bbox 2432 2906 2547 2946; x_wconf 90' lang='lat' dir='ltr'>non</span> <span class='ocrx_word' id='word_1_314' title='bbox 2563 2886 2951 2961; x_wconf 88' lang='lat' dir='ltr'>transgrediun-</span> 
     </span>
     <span class='ocr_line' id='line_1_30' title="bbox 444 2970 2953 3047; baseline -0.003 -18"><span class='ocrx_word' id='word_1_315' title='bbox 444 2984 552 3030; x_wconf 90' lang='lat' dir='ltr'>tur.</span> <span class='ocrx_word' id='word_1_316' title='bbox 584 2975 820 3031; x_wconf 85' lang='lat' dir='ltr'>Evidens</span> <span class='ocrx_word' id='word_1_317' title='bbox 845 2991 975 3030; x_wconf 89' lang='lat' dir='ltr'>vero</span> <span class='ocrx_word' id='word_1_318' title='bbox 1013 2984 1115 3043; x_wconf 81' lang='lat' dir='ltr'>est,</span> <span class='ocrx_word' id='word_1_319' title='bbox 1147 2976 1507 3046; x_wconf 88' lang='lat' dir='ltr'>interpretem</span> <span class='ocrx_word' id='word_1_320' title='bbox 1534 2973 1703 3029; x_wconf 83' lang='lat' dir='ltr'>officii</span> <span class='ocrx_word' id='word_1_321' title='bbox 1739 2975 1823 3029; x_wconf 91' lang='lat' dir='ltr'>sui</span> <span class='ocrx_word' id='word_1_322' title='bbox 1859 2991 2061 3031; x_wconf 87' lang='lat' dir='ltr'>munus</span> <span class='ocrx_word' id='word_1_323' title='bbox 2096 2992 2210 3032; x_wconf 89' lang='lat' dir='ltr'>non</span> <span class='ocrx_word' id='word_1_324' title='bbox 2238 2978 2479 3047; x_wconf 86' lang='lat' dir='ltr'>explere,</span> <span class='ocrx_word' id='word_1_325' title='bbox 2516 2978 2624 3033; x_wconf 87' lang='lat' dir='ltr'>nisi</span> <span class='ocrx_word' id='word_1_326' title='bbox 2652 2977 2725 3034; x_wconf 90' lang='lat' dir='ltr'>ad</span> <span class='ocrx_word' id='word_1_327' title='bbox 2751 2970 2953 3043; x_wconf 81' lang='lat' dir='ltr'>amplio-</span> 
     </span>
     <span class='ocr_line' id='line_1_31' title="bbox 445 3059 2951 3133; baseline -0.004 -18"><span class='ocrx_word' id='word_1_328' title='bbox 445 3077 564 3116; x_wconf 90' lang='lat' dir='ltr'>rem</span> <span class='ocrx_word' id='word_1_329' title='bbox 580 3061 1002 3133; x_wconf 88' lang='lat' dir='ltr'>uberioremque</span> <span class='ocrx_word' id='word_1_330' title='bbox 1025 3061 1172 3117; x_wconf 86' lang='lat' dir='ltr'>bunc</span> <span class='ocrx_word' id='word_1_331' title='bbox 1199 3076 1420 3117; x_wconf 89' lang='lat' dir='ltr'>sensum</span> <span class='ocrx_word' id='word_1_332' title='bbox 1448 3060 1862 3133; x_wconf 86' lang='lat' dir='ltr'>diligentissime</span> <span class='ocrx_word' id='word_1_333' title='bbox 1886 3062 2155 3118; x_wconf 89' lang='lat' dir='ltr'>attendat.</span> <span class='ocrx_word' id='word_1_334' title='bbox 2183 3094 2253 3104; x_wconf 95' lang='lat'>—-</span> <span class='ocrx_word' id='word_1_335' title='bbox 2281 3065 2483 3119; x_wconf 87' lang='lat' dir='ltr'>Sensus</span> <span class='ocrx_word' id='word_1_336' title='bbox 2512 3064 2743 3120; x_wconf 87' lang='lat' dir='ltr'>literalis</span> <span class='ocrx_word' id='word_1_337' title='bbox 2775 3059 2951 3116; x_wconf 79' lang='lat' dir='ltr'>limites</span> 
     </span>
     <span class='ocr_line' id='line_1_32' title="bbox 445 3140 2957 3222; baseline -0.004 -19"><span class='ocrx_word' id='word_1_338' title='bbox 445 3158 628 3204; x_wconf 89' lang='lat' dir='ltr'>autem</span> <span class='ocrx_word' id='word_1_339' title='bbox 657 3148 1136 3220; x_wconf 89' lang='lat' dir='ltr'>transgrediuntur</span> <span class='ocrx_word' id='word_1_340' title='bbox 1163 3150 1270 3205; x_wconf 90' lang='lat' dir='ltr'>alia</span> <span class='ocrx_word' id='word_1_341' title='bbox 1293 3149 1658 3215; x_wconf 90' lang='lat' dir='ltr'>consectaria,</span> <span class='ocrx_word' id='word_1_342' title='bbox 1688 3164 1832 3221; x_wconf 90' lang='lat' dir='ltr'>quae</span> <span class='ocrx_word' id='word_1_343' title='bbox 1860 3152 2335 3221; x_wconf 84' lang='lat' dir='ltr'>argumentatione</span> <span class='ocrx_word' id='word_1_344' title='bbox 2364 3166 2431 3205; x_wconf 90' lang='lat' dir='ltr'>ex</span> <span class='ocrx_word' id='word_1_345' title='bbox 2460 3152 2777 3222; x_wconf 84' lang='lat' dir='ltr'>scripturae</span> <span class='ocrx_word' id='word_1_346' title='bbox 2804 3140 2957 3199; x_wconf 85' lang='lat' dir='ltr'>verbis</span> 
     </span>
     <span class='ocr_line' id='line_1_33' title="bbox 445 3231 2996 3307; baseline -0.002 -18"><span class='ocrx_word' id='word_1_347' title='bbox 445 3236 777 3291; x_wconf 84' lang='lat' dir='ltr'>derivantur.</span> <span class='ocrx_word' id='word_1_348' title='bbox 812 3236 876 3290; x_wconf 89' lang='lat' dir='ltr'>In</span> <span class='ocrx_word' id='word_1_349' title='bbox 904 3236 1012 3291; x_wconf 90' lang='lat' dir='ltr'>illis</span> <span class='ocrx_word' id='word_1_350' title='bbox 1037 3236 1185 3291; x_wconf 90' lang='lat' dir='ltr'>enim</span> <span class='ocrx_word' id='word_1_351' title='bbox 1213 3252 1406 3292; x_wconf 90' lang='lat' dir='ltr'>sensus</span> <span class='ocrx_word' id='word_1_352' title='bbox 1433 3236 1731 3291; x_wconf 88' lang='lat' dir='ltr'>verborum</span> <span class='ocrx_word' id='word_1_353' title='bbox 1758 3252 1872 3291; x_wconf 90' lang='lat' dir='ltr'>non</span> <span class='ocrx_word' id='word_1_354' title='bbox 1894 3236 2123 3307; x_wconf 87' lang='lat' dir='ltr'>praebet</span> <span class='ocrx_word' id='word_1_355' title='bbox 2144 3238 2246 3293; x_wconf 90' lang='lat' dir='ltr'>nisi</span> <span class='ocrx_word' id='word_1_356' title='bbox 2272 3254 2443 3293; x_wconf 89' lang='lat' dir='ltr'>unam</span> <span class='ocrx_word' id='word_1_357' title='bbox 2470 3253 2538 3293; x_wconf 82' lang='lat' dir='ltr'>ex</span> <span class='ocrx_word' id='word_1_358' title='bbox 2567 3236 2785 3294; x_wconf 87' lang='lat' dir='ltr'>duabus</span> <span class='ocrx_word' id='word_1_359' title='bbox 2810 3231 2946 3305; x_wconf 76' lang='lat' dir='ltr'>syllo·</span> <span class='ocrx_word' id='word_1_360' title='bbox 2995 3296 2996 3303; x_wconf 8' lang='grc' dir='ltr'>ἵ</span> 
     </span>
     <span class='ocr_line' id='line_1_34' title="bbox 445 3316 2953 3395; baseline 0.003 -18"><span class='ocrx_word' id='word_1_361' title='bbox 445 3323 600 3395; x_wconf 87' lang='lat' dir='ltr'>gismi</span> <span class='ocrx_word' id='word_1_362' title='bbox 629 3324 964 3394; x_wconf 86' lang='lat' dir='ltr'>praemissis,</span> <span class='ocrx_word' id='word_1_363' title='bbox 997 3324 1170 3379; x_wconf 89' lang='lat' dir='ltr'>altera</span> <span class='ocrx_word' id='word_1_364' title='bbox 1191 3323 1410 3379; x_wconf 86' lang='lat' dir='ltr'>aliunde</span> <span class='ocrx_word' id='word_1_365' title='bbox 1436 3322 1681 3389; x_wconf 88' lang='lat' dir='ltr'>additur,</span> <span class='ocrx_word' id='word_1_366' title='bbox 1700 3324 1775 3378; x_wconf 88' lang='lat' dir='ltr'>ita</span> <span class='ocrx_word' id='word_1_367' title='bbox 1802 3332 1867 3378; x_wconf 89' lang='lat' dir='ltr'>ut</span> <span class='ocrx_word' id='word_1_368' title='bbox 1884 3326 2209 3380; x_wconf 89' lang='lat' dir='ltr'>consectarii</span> <span class='ocrx_word' id='word_1_369' title='bbox 2234 3325 2435 3381; x_wconf 88' lang='lat' dir='ltr'>veritas</span> <span class='ocrx_word' id='word_1_370' title='bbox 2452 3342 2567 3380; x_wconf 88' lang='lat' dir='ltr'>non</span> <span class='ocrx_word' id='word_1_371' title='bbox 2594 3340 2626 3381; x_wconf 88' lang='lat' dir='ltr'>a</span> <span class='ocrx_word' id='word_1_372' title='bbox 2650 3326 2779 3381; x_wconf 90' lang='lat' dir='ltr'>solis</span> <span class='ocrx_word' id='word_1_373' title='bbox 2803 3316 2953 3383; x_wconf 76' lang='lat' dir='ltr'>scrip·</span> 
     </span>
     <span class='ocr_line' id='line_1_35' title="bbox 442 3406 2947 3485; baseline -0.002 -20"><span class='ocrx_word' id='word_1_374' title='bbox 442 3418 602 3466; x_wconf 88' lang='lat' dir='ltr'>turae</span> <span class='ocrx_word' id='word_1_375' title='bbox 624 3410 800 3465; x_wconf 87' lang='lat' dir='ltr'>verbis</span> <span class='ocrx_word' id='word_1_376' title='bbox 829 3411 924 3465; x_wconf 90' lang='lat' dir='ltr'>sed</span> <span class='ocrx_word' id='word_1_377' title='bbox 945 3410 1111 3466; x_wconf 90' lang='lat' dir='ltr'>etiam</span> <span class='ocrx_word' id='word_1_378' title='bbox 1137 3410 1206 3466; x_wconf 87' lang='lat' dir='ltr'>ab</span> <span class='ocrx_word' id='word_1_379' title='bbox 1233 3410 1418 3466; x_wconf 88' lang='lat' dir='ltr'>addita</span> <span class='ocrx_word' id='word_1_380' title='bbox 1453 3410 1755 3481; x_wconf 88' lang='lat' dir='ltr'>praemissa</span> <span class='ocrx_word' id='word_1_381' title='bbox 1782 3420 1838 3466; x_wconf 90' lang='lat' dir='ltr'>et</span> <span class='ocrx_word' id='word_1_382' title='bbox 1871 3427 1902 3466; x_wconf 91' lang='lat' dir='ltr'>a</span> <span class='ocrx_word' id='word_1_383' title='bbox 1933 3411 2277 3483; x_wconf 88' lang='lat' dir='ltr'>legitimitate</span> <span class='ocrx_word' id='word_1_384' title='bbox 2314 3412 2615 3485; x_wconf 83' lang='lat' dir='ltr'>syllogismi</span> <span class='ocrx_word' id='word_1_385' title='bbox 2642 3406 2947 3483; x_wconf 80' lang='lat' dir='ltr'>dependeat:</span> 
     </span>
     <span class='ocr_line' id='line_1_36' title="bbox 443 3496 2953 3571; baseline -0.001 -20"><span class='ocrx_word' id='word_1_386' title='bbox 443 3496 590 3553; x_wconf 90' lang='lat' dir='ltr'>unde</span> <span class='ocrx_word' id='word_1_387' title='bbox 617 3497 883 3553; x_wconf 87' lang='lat' dir='ltr'>eiusmodi</span> <span class='ocrx_word' id='word_1_388' title='bbox 911 3499 1311 3554; x_wconf 85' lang='lat' dir='ltr'>consectarium</span> <span class='ocrx_word' id='word_1_389' title='bbox 1333 3497 1405 3554; x_wconf 89' lang='lat' dir='ltr'>ad</span> <span class='ocrx_word' id='word_1_390' title='bbox 1434 3513 1657 3553; x_wconf 89' lang='lat' dir='ltr'>sensum</span> <span class='ocrx_word' id='word_1_391' title='bbox 1686 3498 1959 3554; x_wconf 88' lang='lat' dir='ltr'>literalem</span> <span class='ocrx_word' id='word_1_392' title='bbox 1986 3499 2224 3569; x_wconf 88' lang='lat' dir='ltr'>pertinet</span> <span class='ocrx_word' id='word_1_393' title='bbox 2252 3498 2496 3571; x_wconf 88' lang='lat' dir='ltr'>quidem,</span> <span class='ocrx_word' id='word_1_394' title='bbox 2522 3498 2619 3556; x_wconf 84' lang='lat' dir='ltr'>sed</span> <span class='ocrx_word' id='word_1_395' title='bbox 2644 3510 2830 3555; x_wconf 87' lang='lat' dir='ltr'>sensus</span> <span class='ocrx_word' id='word_1_396' title='bbox 2852 3504 2953 3561; x_wconf 79' lang='lat' dir='ltr'>pro·</span> 
     </span>
     <span class='ocr_line' id='line_1_37' title="bbox 446 3579 2951 3659; baseline -0.004 -20"><span class='ocrx_word' id='word_1_397' title='bbox 446 3586 559 3655; x_wconf 88' lang='lat' dir='ltr'>prie</span> <span class='ocrx_word' id='word_1_398' title='bbox 587 3584 765 3640; x_wconf 89' lang='lat' dir='ltr'>dictus</span> <span class='ocrx_word' id='word_1_399' title='bbox 797 3586 1068 3641; x_wconf 89' lang='lat' dir='ltr'>nominari</span> <span class='ocrx_word' id='word_1_400' title='bbox 1105 3602 1220 3641; x_wconf 91' lang='lat' dir='ltr'>non</span> <span class='ocrx_word' id='word_1_401' title='bbox 1259 3593 1461 3656; x_wconf 87' lang='lat' dir='ltr'>potest.</span> <span class='ocrx_word' id='word_1_402' title='bbox 1499 3586 1759 3643; x_wconf 86' lang='lat' dir='ltr'>Ceterum</span> <span class='ocrx_word' id='word_1_403' title='bbox 1802 3586 2065 3658; x_wconf 89' lang='lat' dir='ltr'>quoniam</span> <span class='ocrx_word' id='word_1_404' title='bbox 2108 3587 2437 3659; x_wconf 87' lang='lat' dir='ltr'>praemissae</span> <span class='ocrx_word' id='word_1_405' title='bbox 2475 3602 2506 3642; x_wconf 89' lang='lat' dir='ltr'>a</span> <span class='ocrx_word' id='word_1_406' title='bbox 2545 3584 2706 3642; x_wconf 88' lang='lat' dir='ltr'>nobis</span> <span class='ocrx_word' id='word_1_407' title='bbox 2740 3579 2951 3640; x_wconf 76' lang='lat' dir='ltr'>additae,</span> 
     </span>
     <span class='ocr_line' id='line_1_38' title="bbox 445 3664 2951 3746; baseline -0.006 -19"><span class='ocrx_word' id='word_1_408' title='bbox 445 3672 572 3727; x_wconf 90' lang='lat' dir='ltr'>licet</span> <span class='ocrx_word' id='word_1_409' title='bbox 595 3672 765 3727; x_wconf 88' lang='lat' dir='ltr'>sacris</span> <span class='ocrx_word' id='word_1_410' title='bbox 801 3672 1156 3743; x_wconf 88' lang='lat' dir='ltr'>scriptoribus</span> <span class='ocrx_word' id='word_1_411' title='bbox 1195 3673 1510 3745; x_wconf 85' lang='lat' dir='ltr'>incognitae</span> <span class='ocrx_word' id='word_1_412' title='bbox 1546 3671 1779 3739; x_wconf 89' lang='lat' dir='ltr'>fuerint,</span> <span class='ocrx_word' id='word_1_413' title='bbox 1819 3674 2002 3743; x_wconf 89' lang='lat' dir='ltr'>ipsum</span> <span class='ocrx_word' id='word_1_414' title='bbox 2028 3682 2217 3730; x_wconf 90' lang='lat' dir='ltr'>tamen</span> <span class='ocrx_word' id='word_1_415' title='bbox 2256 3674 2519 3746; x_wconf 87' lang='lat' dir='ltr'>Spiritum</span> <span class='ocrx_word' id='word_1_416' title='bbox 2548 3676 2629 3742; x_wconf 88' lang='lat' dir='ltr'>S.,</span> <span class='ocrx_word' id='word_1_417' title='bbox 2662 3664 2951 3744; x_wconf 86' lang='lat' dir='ltr'>primarium</span> 
     </span>
     <span class='ocr_line' id='line_1_39' title="bbox 442 3748 2947 3833; baseline -0.006 -18"><span class='ocrx_word' id='word_1_418' title='bbox 442 3768 746 3827; x_wconf 87' lang='lat' dir='ltr'>auctorem,</span> <span class='ocrx_word' id='word_1_419' title='bbox 777 3775 890 3814; x_wconf 92' lang='lat' dir='ltr'>non</span> <span class='ocrx_word' id='word_1_420' title='bbox 913 3761 1212 3828; x_wconf 87' lang='lat' dir='ltr'>latuerunt,</span> <span class='ocrx_word' id='word_1_421' title='bbox 1247 3759 1492 3833; x_wconf 86' lang='lat' dir='ltr'>legitima</span> <span class='ocrx_word' id='word_1_422' title='bbox 1529 3760 1798 3815; x_wconf 89' lang='lat' dir='ltr'>eiusmodi</span> <span class='ocrx_word' id='word_1_423' title='bbox 1836 3760 2175 3816; x_wconf 88' lang='lat' dir='ltr'>consectaria</span> <span class='ocrx_word' id='word_1_424' title='bbox 2203 3761 2369 3815; x_wconf 88' lang='lat' dir='ltr'>etiam</span> <span class='ocrx_word' id='word_1_425' title='bbox 2398 3759 2624 3830; x_wconf 88' lang='lat' dir='ltr'>Spiritui</span> <span class='ocrx_word' id='word_1_426' title='bbox 2660 3761 2718 3815; x_wconf 92' lang='lat' dir='ltr'>S.</span> <span class='ocrx_word' id='word_1_427' title='bbox 2748 3748 2947 3813; x_wconf 88' lang='lat' dir='ltr'>attribu·</span> 
     </span>
     <span class='ocr_line' id='line_1_40' title="bbox 442 3840 2996 3920; baseline -0.002 -19"><span class='ocrx_word' id='word_1_428' title='bbox 442 3856 611 3901; x_wconf 88' lang='lat' dir='ltr'>untur</span> <span class='ocrx_word' id='word_1_429' title='bbox 637 3854 828 3918; x_wconf 89' lang='lat' dir='ltr'>utpote</span> <span class='ocrx_word' id='word_1_430' title='bbox 865 3847 935 3904; x_wconf 90' lang='lat' dir='ltr'>ab</span> <span class='ocrx_word' id='word_1_431' title='bbox 963 3848 1084 3918; x_wconf 88' lang='lat' dir='ltr'>ipso</span> <span class='ocrx_word' id='word_1_432' title='bbox 1115 3867 1140 3898; x_wconf 77' lang='grc' dir='ltr'><strong>α</strong></span> <span class='ocrx_word' id='word_1_433' title='bbox 1171 3848 1418 3918; x_wconf 87' lang='lat' dir='ltr'>praevisa</span> <span class='ocrx_word' id='word_1_434' title='bbox 1448 3855 1504 3901; x_wconf 87' lang='lat' dir='ltr'>et</span> <span class='ocrx_word' id='word_1_435' title='bbox 1548 3847 1763 3917; x_wconf 89' lang='lat' dir='ltr'>provisa</span> <span class='ocrx_word' id='word_1_436' title='bbox 1792 3868 1815 3899; x_wconf 69' lang='lat' dir='ltr'>a&gt;</span> <span class='ocrx_word' id='word_1_437' title='bbox 1851 3845 1956 3919; x_wconf 83' lang='lat' dir='ltr'>(cfr</span> <span class='ocrx_word' id='word_1_438' title='bbox 1983 3848 2043 3903; x_wconf 87' lang='lat' dir='ltr'>S.</span> <span class='ocrx_word' id='word_1_439' title='bbox 2079 3852 2232 3920; x_wconf 71' lang='lat' dir='ltr'>Any.</span> <span class='ocrx_word' id='word_1_440' title='bbox 2266 3850 2465 3903; x_wconf 89' lang='lat' dir='ltr'>Doctr.</span> <span class='ocrx_word' id='word_1_441' title='bbox 2496 3846 2703 3903; x_wconf 90' lang='lat' dir='ltr'>Christ.</span> <span class='ocrx_word' id='word_1_442' title='bbox 2735 3844 2833 3902; x_wconf 90' lang='lat'>111.</span> <span class='ocrx_word' id='word_1_443' title='bbox 2860 3840 2951 3892; x_wconf 82' lang='lat'>27.</span> <span class='ocrx_word' id='word_1_444' title='bbox 2995 3910 2996 3915; x_wconf 8' lang='grc' dir='ltr'>η</span> 
     </span>
     <span class='ocr_line' id='line_1_41' title="bbox 442 3931 2949 4007; baseline -0.001 -18"><span class='ocrx_word' id='word_1_445' title='bbox 442 3935 588 3990; x_wconf 88' lang='lat' dir='ltr'>Hinc</span> <span class='ocrx_word' id='word_1_446' title='bbox 613 3934 756 3989; x_wconf 89' lang='lat' dir='ltr'>sacri</span> <span class='ocrx_word' id='word_1_447' title='bbox 785 3934 1081 4005; x_wconf 87' lang='lat' dir='ltr'>scriptores</span> <span class='ocrx_word' id='word_1_448' title='bbox 1115 3950 1180 3989; x_wconf 90' lang='lat' dir='ltr'>ea</span> <span class='ocrx_word' id='word_1_449' title='bbox 1211 3932 1490 3990; x_wconf 87' lang='lat' dir='ltr'>interdum</span> <span class='ocrx_word' id='word_1_450' title='bbox 1513 3932 1664 3990; x_wconf 87' lang='lat' dir='ltr'>velut</span> <span class='ocrx_word' id='word_1_451' title='bbox 1692 3935 1928 4005; x_wconf 90' lang='lat' dir='ltr'>Spiritus</span> <span class='ocrx_word' id='word_1_452' title='bbox 1960 3936 2013 3991; x_wconf 92' lang='lat' dir='ltr'>S.</span> <span class='ocrx_word' id='word_1_453' title='bbox 2047 3934 2195 3990; x_wconf 91' lang='lat' dir='ltr'>dicta</span> <span class='ocrx_word' id='word_1_454' title='bbox 2225 3936 2465 4007; x_wconf 85' lang='lat' dir='ltr'>allegant</span> <span class='ocrx_word' id='word_1_455' title='bbox 2496 3939 2544 4002; x_wconf 90' lang='lat'>(1</span> <span class='ocrx_word' id='word_1_456' title='bbox 2584 3938 2725 3995; x_wconf 83' lang='lat' dir='ltr'>Cor.</span> <span class='ocrx_word' id='word_1_457' title='bbox 2760 3937 2803 3998; x_wconf 90' lang='grc'>1,</span> <span class='ocrx_word' id='word_1_458' title='bbox 2813 3931 2864 3982; x_wconf 80' lang='grc'>31</span> <span class='ocrx_word' id='word_1_459' title='bbox 2898 3934 2949 3973; x_wconf 66' lang='lat'>⁰²&lt;</span> 
     </span>
     <span class='ocr_line' id='line_1_42' title="bbox 444 3978 2996 4093; baseline -0.001 -16"><span class='ocrx_word' id='word_1_460' title='bbox 444 4028 552 4077; x_wconf 78' lang='grc' dir='ltr'>[εν.</span> <span class='ocrx_word' id='word_1_461' title='bbox 592 4026 737 4090; x_wconf 62' lang='grc'><strong>933.</strong></span> <span class='ocrx_word' id='word_1_462' title='bbox 773 4022 896 4093; x_wconf 83' lang='grc'><strong>24),</strong></span> <span class='ocrx_word' id='word_1_463' title='bbox 922 4021 1204 4077; x_wconf 89' lang='lat' dir='ltr'>interdum</span> <span class='ocrx_word' id='word_1_464' title='bbox 1243 4023 1476 4077; x_wconf 87' lang='lat' dir='ltr'>alteram</span> <span class='ocrx_word' id='word_1_465' title='bbox 1514 4022 1871 4092; x_wconf 87' lang='lat' dir='ltr'>praemissam</span> <span class='ocrx_word' id='word_1_466' title='bbox 1900 4022 2065 4078; x_wconf 88' lang='lat' dir='ltr'>simul</span> <span class='ocrx_word' id='word_1_467' title='bbox 2093 3978 2366 4077; x_wconf 69' lang='lat' dir='ltr'>indicant0</span> <span class='ocrx_word' id='word_1_468' title='bbox 2368 4026 2415 4087; x_wconf 83' lang='lat'>(1</span> <span class='ocrx_word' id='word_1_469' title='bbox 2465 4025 2597 4078; x_wconf 85' lang='lat' dir='ltr'>Cor.</span> <span class='ocrx_word' id='word_1_470' title='bbox 2637 4026 2775 4087; x_wconf 85' lang='grc'><strong>9,10.</strong></span> <span class='ocrx_word' id='word_1_471' title='bbox 2812 4018 2861 4069; x_wconf 85' lang='grc'>11</span> <span class='ocrx_word' id='word_1_472' title='bbox 2896 4020 2952 4060; x_wconf 62' lang='lat' dir='ltr'>ex</span> <span class='ocrx_word' id='word_1_473' title='bbox 2995 4082 2996 4085; x_wconf 8' lang='grc' dir='ltr'><strong>Ἴ</strong></span> 
     </span>
     <span class='ocr_line' id='line_1_43' title="bbox 445 4091 2949 4182; baseline -0.006 -17"><span class='ocrx_word' id='word_1_474' title='bbox 445 4116 613 4165; x_wconf 81' lang='lat' dir='ltr'>Deut.</span> <span class='ocrx_word' id='word_1_475' title='bbox 657 4115 727 4165; x_wconf 80' lang='lat'>25</span> <span class='ocrx_word' id='word_1_476' title='bbox 734 4114 836 4179; x_wconf 94' lang='grc'><strong>4,)</strong></span> <span class='ocrx_word' id='word_1_477' title='bbox 885 4109 1169 4165; x_wconf 88' lang='lat' dir='ltr'>interdum</span> <span class='ocrx_word' id='word_1_478' title='bbox 1200 4107 1367 4164; x_wconf 90' lang='lat' dir='ltr'>nuda</span> <span class='ocrx_word' id='word_1_479' title='bbox 1411 4109 1727 4180; x_wconf 85' lang='lat' dir='ltr'>scripturae</span> <span class='ocrx_word' id='word_1_480' title='bbox 1768 4110 1935 4165; x_wconf 86' lang='lat' dir='ltr'>verba</span> <span class='ocrx_word' id='word_1_481' title='bbox 1988 4110 2286 4182; x_wconf 85' lang='lat' dir='ltr'>allegantes</span> <span class='ocrx_word' id='word_1_482' title='bbox 2336 4108 2745 4165; x_wconf 87' lang='lat' dir='ltr'>conclusionem</span> <span class='ocrx_word' id='word_1_483' title='bbox 2782 4091 2949 4157; x_wconf 81' lang='lat' dir='ltr'>lectori</span> 
     </span>
     <span class='ocr_line' id='line_1_44' title="bbox 442 4190 2945 4269; baseline -0.003 -16"><span class='ocrx_word' id='word_1_484' title='bbox 442 4197 810 4267; x_wconf 78' lang='lat' dir='ltr'>colligendam</span> <span class='ocrx_word' id='word_1_485' title='bbox 843 4197 1167 4268; x_wconf 85' lang='lat' dir='ltr'>relinquunt</span> <span class='ocrx_word' id='word_1_486' title='bbox 1201 4202 1247 4262; x_wconf 89' lang='lat'>(1</span> <span class='ocrx_word' id='word_1_487' title='bbox 1299 4198 1450 4251; x_wconf 79' lang='lat' dir='ltr'>Tim.</span> <span class='ocrx_word' id='word_1_488' title='bbox 1491 4202 1620 4263; x_wconf 86' lang='lat'>5,18</span> <span class='ocrx_word' id='word_1_489' title='bbox 1652 4212 1718 4251; x_wconf 92' lang='lat' dir='ltr'>ex</span> <span class='ocrx_word' id='word_1_490' title='bbox 1755 4199 1921 4252; x_wconf 87' lang='lat' dir='ltr'>Dent.</span> <span class='ocrx_word' id='word_1_491' title='bbox 1962 4202 2030 4252; x_wconf 82' lang='lat'>25</span> <span class='ocrx_word' id='word_1_492' title='bbox 2038 4198 2131 4269; x_wconf 85' lang='grc'><strong>,4).</strong></span> <span class='ocrx_word' id='word_1_493' title='bbox 2174 4200 2348 4251; x_wconf 89' lang='lat' dir='ltr'>Porro</span> <span class='ocrx_word' id='word_1_494' title='bbox 2394 4214 2421 4249; x_wconf 70' lang='lat' dir='ltr'>c</span> <span class='ocrx_word' id='word_1_495' title='bbox 2466 4196 2658 4251; x_wconf 78' lang='lat' dir='ltr'>omnis</span> <span class='ocrx_word' id='word_1_496' title='bbox 2698 4190 2945 4257; x_wconf 70' lang='lat' dir='ltr'>scriptura</span> 
     </span>
     <span class='ocr_line' id='line_1_45' title="bbox 443 4264 2941 4355; baseline -0.003 -16"><span class='ocrx_word' id='word_1_497' title='bbox 443 4284 706 4339; x_wconf 89' lang='lat' dir='ltr'>divinitus</span> <span class='ocrx_word' id='word_1_498' title='bbox 735 4284 1000 4355; x_wconf 88' lang='lat' dir='ltr'>inspirata</span> <span class='ocrx_word' id='word_1_499' title='bbox 1029 4284 1181 4340; x_wconf 91' lang='lat' dir='ltr'>utilis</span> <span class='ocrx_word' id='word_1_500' title='bbox 1209 4292 1292 4338; x_wconf 88' lang='lat' dir='ltr'>est</span> <span class='ocrx_word' id='word_1_501' title='bbox 1320 4282 1392 4338; x_wconf 91' lang='lat' dir='ltr'>ad</span> <span class='ocrx_word' id='word_1_502' title='bbox 1429 4282 1766 4351; x_wconf 86' lang='lat' dir='ltr'>docendum,</span> <span class='ocrx_word' id='word_1_503' title='bbox 1798 4284 1868 4339; x_wconf 90' lang='lat' dir='ltr'>ad</span> <span class='ocrx_word' id='word_1_504' title='bbox 1911 4282 2285 4355; x_wconf 87' lang='lat' dir='ltr'>arguendum,</span> <span class='ocrx_word' id='word_1_505' title='bbox 2324 4282 2395 4339; x_wconf 90' lang='lat' dir='ltr'>ad</span> <span class='ocrx_word' id='word_1_506' title='bbox 2433 4280 2857 4354; x_wconf 86' lang='lat' dir='ltr'>corripiendum</span> <span class='ocrx_word' id='word_1_507' title='bbox 2886 4264 2941 4321; x_wconf 69' lang='lat' dir='ltr'>&#39;ld</span> 
     </span>
     <span class='ocr_line' id='line_1_46' title="bbox 443 4364 2944 4441; baseline -0.002 -16"><span class='ocrx_word' id='word_1_508' title='bbox 443 4370 804 4427; x_wconf 83' lang='lat' dir='ltr'>erudiendum</span> <span class='ocrx_word' id='word_1_509' title='bbox 841 4372 898 4427; x_wconf 90' lang='lat' dir='ltr'>in</span> <span class='ocrx_word' id='word_1_510' title='bbox 935 4371 1138 4427; x_wconf 88' lang='lat' dir='ltr'>iustitia</span> <span class='ocrx_word' id='word_1_511' title='bbox 1172 4392 1196 4421; x_wconf 72' lang='lat' dir='ltr'>u</span> <span class='ocrx_word' id='word_1_512' title='bbox 1240 4371 1292 4441; x_wconf 83' lang='lat'>(2</span> <span class='ocrx_word' id='word_1_513' title='bbox 1335 4370 1486 4427; x_wconf 77' lang='lat' dir='ltr'>Tim.</span> <span class='ocrx_word' id='word_1_514' title='bbox 1521 4376 1553 4425; x_wconf 84' lang='lat'><strong>3</strong></span> <span class='ocrx_word' id='word_1_515' title='bbox 1560 4375 1700 4439; x_wconf 91' lang='grc'><strong>1,6),</strong></span> <span class='ocrx_word' id='word_1_516' title='bbox 1732 4370 1830 4427; x_wconf 87' lang='lat' dir='ltr'>sed</span> <span class='ocrx_word' id='word_1_517' title='bbox 1872 4372 1918 4427; x_wconf 92' lang='lat' dir='ltr'>si</span> <span class='ocrx_word' id='word_1_518' title='bbox 1952 4371 2010 4425; x_wconf 89' lang='lat' dir='ltr'>in</span> <span class='ocrx_word' id='word_1_519' title='bbox 2052 4369 2215 4427; x_wconf 90' lang='lat' dir='ltr'>nudis</span> <span class='ocrx_word' id='word_1_520' title='bbox 2263 4370 2443 4427; x_wconf 88' lang='lat' dir='ltr'>verbis</span> <span class='ocrx_word' id='word_1_521' title='bbox 2490 4371 2807 4429; x_wconf 67' lang='lat' dir='ltr'>haeream,</span> <span class='ocrx_word' id='word_1_522' title='bbox 2832 4364 2944 4413; x_wconf 71' lang='lat'><strong>§31¹⁵</strong></span> 
     </span>
     <span class='ocr_line' id='line_1_47' title="bbox 445 4438 2949 4530; baseline -0.002 -19"><span class='ocrx_word' id='word_1_523' title='bbox 445 4456 652 4512; x_wconf 81' lang='lat' dir='ltr'>multa</span> <span class='ocrx_word' id='word_1_524' title='bbox 637 4472 698 4511; x_wconf 88' lang='lat' dir='ltr'>m</span> <span class='ocrx_word' id='word_1_525' title='bbox 722 4457 1018 4529; x_wconf 90' lang='lat' dir='ltr'>Scripturis</span> <span class='ocrx_word' id='word_1_526' title='bbox 1046 4458 1257 4513; x_wconf 90' lang='lat' dir='ltr'>nullam</span> <span class='ocrx_word' id='word_1_527' title='bbox 1287 4473 1352 4511; x_wconf 86' lang='lat' dir='ltr'>ex</span> <span class='ocrx_word' id='word_1_528' title='bbox 1384 4458 1468 4514; x_wconf 88' lang='lat' dir='ltr'>his</span> <span class='ocrx_word' id='word_1_529' title='bbox 1497 4457 1823 4514; x_wconf 89' lang='lat' dir='ltr'>utilitatibus</span> <span class='ocrx_word' id='word_1_530' title='bbox 1850 4466 2134 4529; x_wconf 86' lang='lat' dir='ltr'>praestant</span> <span class='ocrx_word' id='word_1_531' title='bbox 2157 4458 2263 4530; x_wconf 84' lang='lat' dir='ltr'>(ex.</span> <span class='ocrx_word' id='word_1_532' title='bbox 2298 4475 2381 4530; x_wconf 86' lang='lat' dir='ltr'>gr.</span> <span class='ocrx_word' id='word_1_533' title='bbox 2404 4462 2439 4512; x_wconf 75' lang='lat'>2</span> <span class='ocrx_word' id='word_1_534' title='bbox 2477 4458 2631 4513; x_wconf 79' lang='lat' dir='ltr'>Tim.</span> <span class='ocrx_word' id='word_1_535' title='bbox 2672 4456 2817 4523; x_wconf 83' lang='grc'><strong>4,13·</strong></span> <span class='ocrx_word' id='word_1_536' title='bbox 2846 4438 2949 4499; x_wconf 83' lang='lat' dir='ltr'>Plu·</span> 
     </span>
     <span class='ocr_line' id='line_1_48' title="bbox 446 4539 2947 4617; baseline 0.001 -20"><span class='ocrx_word' id='word_1_537' title='bbox 446 4544 574 4597; x_wconf 86' lang='lat' dir='ltr'>lem.</span> <span class='ocrx_word' id='word_1_538' title='bbox 605 4550 674 4598; x_wconf 82' lang='grc'>22</span> <span class='ocrx_word' id='word_1_539' title='bbox 701 4550 860 4613; x_wconf 66' lang='lat' dir='ltr'>ete),</span> <span class='ocrx_word' id='word_1_540' title='bbox 893 4545 1247 4601; x_wconf 89' lang='lat' dir='ltr'>consectariis</span> <span class='ocrx_word' id='word_1_541' title='bbox 1285 4546 1450 4617; x_wconf 85' lang='lat' dir='ltr'>igitur</span> <span class='ocrx_word' id='word_1_542' title='bbox 1487 4546 1598 4600; x_wconf 88' lang='lat' dir='ltr'>suis</span> <span class='ocrx_word' id='word_1_543' title='bbox 1626 4544 1877 4617; x_wconf 87' lang='lat' dir='ltr'>legitime</span> <span class='ocrx_word' id='word_1_544' title='bbox 1907 4545 2161 4602; x_wconf 89' lang='lat' dir='ltr'>deductis</span> <span class='ocrx_word' id='word_1_545' title='bbox 2204 4547 2357 4602; x_wconf 91' lang='lat' dir='ltr'>utilia</span> <span class='ocrx_word' id='word_1_546' title='bbox 2392 4544 2502 4601; x_wconf 88' lang='lat' dir='ltr'>sint</span> <span class='ocrx_word' id='word_1_547' title='bbox 2543 4550 2781 4617; x_wconf 72' lang='lat' dir='ltr'>oportet.</span> <span class='ocrx_word' id='word_1_548' title='bbox 2810 4539 2947 4599; x_wconf 71' lang='lat' dir='ltr'>atque</span> 
     </span>
     <span class='ocr_line' id='line_1_49' title="bbox 448 4612 2949 4705; baseline -0.004 -23"><span class='ocrx_word' id='word_1_549' title='bbox 448 4643 692 4698; x_wconf 88' lang='lat' dir='ltr'>quonam</span> <span class='ocrx_word' id='word_1_550' title='bbox 719 4630 886 4687; x_wconf 90' lang='lat' dir='ltr'>modo</span> <span class='ocrx_word' id='word_1_551' title='bbox 910 4632 1201 4688; x_wconf 88' lang='lat' dir='ltr'>utilitatem</span> <span class='ocrx_word' id='word_1_552' title='bbox 1228 4632 1390 4687; x_wconf 88' lang='lat' dir='ltr'>istam</span> <span class='ocrx_word' id='word_1_553' title='bbox 1417 4633 1641 4689; x_wconf 86' lang='lat' dir='ltr'>haurire</span> <span class='ocrx_word' id='word_1_554' title='bbox 1671 4634 1970 4703; x_wconf 76' lang='lat' dir='ltr'>possimuS,</span> <span class='ocrx_word' id='word_1_555' title='bbox 1992 4632 2096 4704; x_wconf 88' lang='lat' dir='ltr'>ipsi</span> <span class='ocrx_word' id='word_1_556' title='bbox 2127 4634 2269 4689; x_wconf 86' lang='lat' dir='ltr'>sacri</span> <span class='ocrx_word' id='word_1_557' title='bbox 2301 4632 2597 4705; x_wconf 83' lang='lat' dir='ltr'>scriptores</span> <span class='ocrx_word' id='word_1_558' title='bbox 2622 4621 2879 4689; x_wconf 88' lang='lat' dir='ltr'>nonnullis</span> <span class='ocrx_word' id='word_1_559' title='bbox 2903 4612 2949 4664; x_wconf 78' lang='lat' dir='ltr'>iu</span> 
     </span>
    </p>
   </div>
  </div>
 </body>
</html>
