3050 5184
439 304 557 365 180
663 319 736 363 DE
776 320 914 363 VET.
961 319 1213 365 TESTAM.
1261 320 1448 363 umus
1488 319 1841 363 msromcls.
1892 338 1974 347 -··-
2013 320 2143 364 CAP.
2194 322 2237 365 1.
2280 318 2357 365 DE
2400 312 2862 362 PENTArEucno.

441 459 662 515 nomina
704 465 783 527 »),
819 436 916 533 qui
947 460 1185 516 Emodus
1221 460 1556 531 appellatum
1588 460 1786 515 tertius
1826 461 2098 533 Vajz'kra
2126 451 2329 543 (wlp't
2366 485 2392 515 α
2422 474 2477 521 et
2516 463 2729 519 vocavit
2760 467 2813 528 n)
2854 462 2892 517 i.
2922 477 2969 517 e.

443 557 763 625 Levitious‚·
792 564 1022 628 quartus
1056 556 1437 627 Vajedabber
1467 548 1660 627 (ἿΞἫῚ
1691 576 1715 608 α
1754 564 1807 612 et
1834 558 2052 613 locutus
2080 567 2164 614 est
2195 564 2274 629 n),
2306 577 2476 633 quem
2502 564 2786 616 Numeros
2814 573 2973 613 voca-

442 667 595 720 mus3
627 652 852 722 quintus
886 652 1014 709 Elle
1046 652 1448 709 haddebarim
1479 644 1741 723 (Ε’ἾΞἸΠ
1775 634 1900 709 rt‘m
1938 674 1963 705 α
1996 653 2137 710 haec
2170 667 2301 711 sunt
2330 656 2497 713 verba
2532 660 2610 725 »)‚
2644 656 2743 727 qui
2769 658 2971 710 Dente·
3015 712 3016 715 ,

442 749 756 804 ronomium
779 757 1160 822 praenotatur.
1193 750 1268 805 Hi
1291 758 1420 804 sunt
1447 749 1688 821 quinque
1714 748 1841 806 libri
1870 752 2075 823 Moysi,
2108 768 2249 824 quos
2288 754 2508 825 proprie
2550 752 2749 809 Tlcora
2778 743 2971 823 (ΠἻΠἘ

441 836 478 892 i.
519 852 567 892 e.
607 840 806 909 Leqem
846 837 1128 909 appellant
1170 857 1190 888 ι
1226 836 1304 908 (S.
1337 838 1494 893 Hier.
1526 838 1675 893 Prol.
1708 838 1819 910 gal.
1847 836 1930 894 cfr
1972 841 2135 912 Oriq.
2163 839 2223 894 in
2249 843 2341 897 Ps.
2374 848 2423 896 1.
2466 840 2613 914 apud
2638 842 2779 897 Rus.
2812 841 2882 895 H.
2912 840 2970 893 E.

441 926 539 980 vl.
570 930 678 991 25).

523 1062 582 1117 2.
615 1091 690 1101 —-
722 1058 963 1118 Genesis
991 1062 1089 1119 est
1115 1059 1288 1119 velut
1315 1059 1793 1120 fundamentum
1824 1064 1889 1119 et
1916 1062 2307 1138 praeparatio
2337 1060 2757 1139 legislationis
2788 1060 2853 1119 in
2882 1076 2972 1119 se-

446 1155 784 1232 quentibus
809 1154 986 1214 libris
1013 1155 1385 1229 tradendae;
1409 1157 1645 1216 etenim
1675 1161 1911 1227 narrat,
1937 1157 2257 1234 quomodo
2285 1157 2447 1219 Deus
2463 1175 2645 1217 unam
2676 1154 2973 1235 familiam

445 1251 524 1311 ad
551 1251 997 1312 revelationem
1028 1269 1205 1312 suam
1248 1252 1740 1313 conservandam
1780 1254 2021 1329 eleyerit
2060 1252 2454 1332 eandemque
2490 1255 2569 1315 ad
2608 1271 2791 1314 suam
2830 1254 2972 1312 mis-

448 1348 692 1407 sionem
721 1347 1077 1409 educaverit.
1103 1348 1501 1427 Quapropter
1529 1354 1877 1425 arqumenlo
1906 1355 2163 1427 spectato
2194 1351 2261 1409 in
2282 1351 2433 1411 duas
2454 1354 2665 1429 partes
2694 1354 2844 1427 apte
2865 1349 2977 1409 dis-

447 1445 768 1516 tribuitur,
815 1462 1079 1521 quarum
1130 1445 1302 1523 prior
1347 1443 1611 1523 (1.-11.)
1660 1445 1992 1505 historiam
2044 1447 2292 1523 generis
2339 1448 2599 1523 humani
2653 1464 2857 1523 usque
2904 1445 2975 1504 ad

449 1541 782 1602 Abrahami
800 1541 1176 1602 electionem
1197 1540 1555 1611 adumbrat,
1582 1542 1778 1601 altera
1798 1541 1918 1621 (12.
1933 1576 1957 1585 -
1972 1541 2100 1620 50.)
2122 1544 2498 1621 singularem
2518 1542 2973 1622 providentiam
3015 1600 3016 1609 ,

449 1639 866 1710 demonstrat,
900 1656 1027 1715 qua
1055 1640 1222 1697 Deus
1255 1638 1516 1698 electam
1550 1638 1851 1698 familiam
1884 1638 2183 1699 direxerit
2211 1645 2277 1699 et
2299 1641 2649 1718 protexerit
2677 1656 2877 1717 usque
2904 1638 2970 1697 ad
3015 1654 3016 1691 1

450 1734 605 1796 illud
634 1739 913 1812 tempuS‚
943 1735 1152 1812 quoin
1183 1736 1538 1813 Aegyptum
1568 1733 1838 1795 adducta
1866 1735 1932 1794 in
1959 1752 2253 1813 magnum
2283 1736 2595 1814 populum
2626 1752 2973 1797 excrescert-

449 1832 680 1911 coepit.
716 1830 892 1902 Quod
921 1832 974 1890 si
1011 1830 1210 1909 forma
1239 1838 1482 1891 externa
1526 1831 1713 1891 simul
1754 1832 2121 1900 attenditur,
2158 1831 2369 1893 decies
2404 1834 2679 1911 repetita
2716 1832 2971 1893 formula

453 1952 483 1983 «
518 1928 660 1989 haec
695 1934 778 1987 est
815 1926 1134 1987 historia...
1172 1952 1201 1983 ι»
1235 1927 1455 1989 decem
1494 1927 1805 1988 sectiones
1843 1928 1935 1987 ita
1966 1928 2330 2007 distinguit,
2364 1934 2434 1991 ut
2471 1930 2705 2007 quinae
2747 1929 2971 1989 duabus

450 2022 578 2084 illis
609 2025 892 2103 partibus
921 2024 1359 2085 attribuantur.

527 2141 554 2171 α
582 2119 811 2176 Genesis
847 2129 1090 2189 vocatur,
1129 2121 1306 2192 inquit
1336 2124 1432 2175 Ps.
1472 2122 1692 2176 Athan.
1734 2122 1983 2192 (SynopS.
2013 2122 2069 2177 S.
2102 2122 2159 2177 S.
2194 2125 2304 2191 5.),
2337 2120 2465 2192 quia
2494 2129 2552 2177 et
2578 2122 2968 2177 universorum.

451 2207 591 2265 coeli
617 2208 823 2278 pariter
842 2223 907 2263 ac
933 2216 1113 2263 terrae
1143 2207 1541 2279 hominumque
1570 2216 1626 2262 et
1654 2207 1903 2264 omnium
1928 2224 2117 2263 rerum
2144 2217 2329 2265 ortum
2362 2207 2465 2277 (τὴν
2485 2209 2701 2280 γένεσιν)
2731 2218 2789 2265 et
2816 2210 2969 2279 ipsam

454 2293 690 2366 paradisi
720 2295 1115 2366 plantationem
1144 2295 1531 2366 complectitur
1562 2316 1612 2350 n.
1642 2295 1954 2351 Arctiorem
1981 2312 2099 2351 esse
2128 2296 2271 2353 banc
2308 2296 2622 2368 argumenti
2660 2295 2969 2367 descriptio·
3015 2318 3016 2337 2

450 2399 608 2453 nem,
648 2400 819 2455 quum
847 2383 963 2439 sola
988 2383 1092 2439 tria
1131 2384 1314 2453 priora
1347 2383 1524 2454 capita
1554 2383 1976 2453 complectatur,
2008 2382 2233 2439 evidens
2260 2392 2371 2449 est,
2405 2392 2575 2455 atque
2603 2385 2809 2440 rectius
2840 2384 2968 2438 dice·

451 2488 603 2539 muS,
645 2471 906 2527 Genesim
947 2480 1131 2527 ortum
1167 2480 1222 2526 et
1263 2470 1416 2526 initia
1443 2469 1667 2526 tradere
1708 2472 2066 2527 oeconomiae
2108 2472 2573 2542 supranaturalis;
2606 2470 2679 2527 de
2722 2471 2971 2528 electione
3015 2506 3016 2509 η

453 2560 599 2615 enim
627 2568 682 2615 et
711 2559 1032 2615 educatione
1060 2560 1203 2615 illius
1233 2558 1470 2614 familiae
1499 2560 1629 2632 agit,
1661 2559 1717 2613 in
1746 2574 1854 2630 qua
1883 2558 2285 2615 benedicendae
2309 2568 2469 2615 erant
2490 2575 2687 2615 omnes
2714 2560 2966 2615 nationes.
3015 2632 3016 2637 η

451 2648 631 2703 Huius
661 2656 845 2703 autem
874 2645 1113 2703 familiae
1142 2646 1428 2702 historiam
1452 2646 1529 2702 ita
1558 2655 1775 2714 narrat,
1807 2655 1869 2701 ut
1899 2646 2141 2717 reliquas
2174 2663 2395 2719 quoque
2423 2645 2662 2702 familias
2690 2656 2969 2720 gentesque
3015 2640 3016 2647 ’

452 2752 646 2791 omnes
673 2737 934 2808 attingat,
965 2750 1157 2791 earum
1193 2750 1321 2791 eum
1349 2735 1520 2790 electa
1552 2750 1756 2789 nexum
1790 2734 2133 2799 manifestet,
2164 2750 2466 2806 earumque
2504 2732 2635 2790 fatis
2670 2734 2969 2791 brevissime

453 2823 713 2895 expositis
749 2822 820 2879 ad
847 2823 1204 2894 praecipuum
1233 2838 1396 2878 suum
1433 2831 1820 2894 argumentum
1860 2831 2189 2877 revertatur.
2234 2822 2381 2877 Hinc
2406 2820 2589 2877 decies
2630 2822 2729 2878 illa
2759 2820 2967 2893 repetita

455 2912 690 2967 formula
725 2931 747 2963 ι
781 2913 934 2967 Haec
957 2920 1039 2967 est
1068 2910 1364 2967 historia...
1400 2930 1448 2978 n,
1479 2926 1622 2981 quae
1649 2924 1840 2965 omnes
1864 2911 2135 2965 sectiones
2164 2919 2314 2965 arcte
2339 2910 2482 2965 inter
2508 2924 2567 2965 se
2596 2910 2875 2965 connectit
2899 2922 2969 2961 ar·
3015 2964 3016 2967 ,

453 3008 714 3073 gumento
743 2999 1121 3071 praecedentis
1147 2996 1402 3054 sectionis
1427 2998 1484 3052 in
1510 2997 1840 3054 memoriam
1867 3005 2125 3053 revocato
2138 2997 2179 3053 ².

532 3125 943 3185 Brevissimus
971 3124 1075 3184 hic
1107 3124 1393 3183 Geneseos
1419 3127 1759 3201 conspectus
1789 3121 2096 3191 ostendit,
2132 3138 2257 3198 quo
2294 3125 2464 3181 arcto
2502 3138 2669 3182 nexu
2710 3118 2967 3198 singulae
3014 3150 3016 3181 ;

514 3290 581 3353 (2)
609 3288 847 3339 Formula
880 3289 1116 3340 hebraica
1151 3262 1366 3359 n't'lffirl
1405 3262 1526 3338 HS&
1564 3286 1646 3337 vel
1674 3261 1889 3338 n't'l‘v'lrl
1918 3288 2037 3341 Ἶξὶῠ
2071 3288 2142 3337 nt
2182 3286 2246 3350 (2,
2253 3289 2309 3346 ⁴3
2348 3291 2394 3345 5,
2405 3292 2457 3346 1,
2496 3288 2605 3346 6,9;
2648 3290 2784 3345 10,;1
2822 3290 2888 3341 11
2899 3290 2967 3332 10:
3015 3300 3016 3303 ¹

451 3412 514 3423 —
543 3390 618 3444 11,
624 3391 708 3443 27;
748 3392 917 3447 25,12;
949 3390 1116 3445 25,19;
1165 3388 1304 3443 36,1;
1344 3387 1474 3445 872)
1513 3382 1577 3433 ab
1615 3381 1973 3433 Alexandrinis
2009 3359 2215 3445 quidem
2252 3381 2486 3432 redditur
2518 3382 2663 3431 αὗται
2703 3386 2755 3431 αἱ
2788 3382 2967 3441 γενέσεις

451 3466 590 3529 (αὕτη
615 3470 646 3523 ἦ
674 3464 831 3529 βίὸλο,
853 3466 1103 3527 γενέσεως)
1135 3467 1187 3515 et
1215 3478 1245 3513 a
1273 3465 1324 3514 S.
1353 3462 1488 3513 Hier.
1522 3464 1660 3514 istae
1684 3462 1827 3526 (kae)
1852 3466 1985 3512 sunt
2012 3463 2389 3523 aenae-rationes
2422 3462 2471 3523 (a
2500 3461 2595 3511 hic
2624 3462 2703 3510 est
2732 3460 2868 3511 liber
2890 3472 2961 3520 9⁶·

451 3546 755 3595 iterationis
776 3546 843 3606 n),
864 3546 1104 3608 quoniam
1137 3542 1429 3595 Tholedoth
1453 3540 1785 3605 etymologica
1808 3541 2210 3604 pancrationes,
2232 3538 2482 3603 familias
2504 3540 2775 3602 significat.
2800 3541 2967 3586 Verum

450 3625 690 3689 quoniam
711 3624 1048 3675 Orientalium
1067 3622 1308 3673 historiae
1327 3618 1625 3684 genealogiis
1646 3620 1757 3670 sere
1774 3620 2081 3669 inchoantur
2098 3622 2149 3669 et
2167 3617 2466 3681 genealogiis
2490 3620 2713 3668 maxime
2734 3618 2967 3667 constant.

457 3702 751 3755 Tholedoeh
769 3704 922 3754 etiam
943 3705 1230 3755 historiam
1253 3700 1503 3763 significat
1525 3704 1681 3763 atque
1712 3700 1807 3749 hoc
1840 3712 1992 3748 sensu
2016 3698 2069 3747 in
2092 3697 2510 3761 Inscriptionibus
2542 3698 2733 3747 nostris
2756 3699 2969 3746 sumatur

453 3796 650 3833 necesse
683 3787 774 3833 est.
805 3786 899 3835 Ex.
923 3797 998 3846 gr.
1031 3786 1141 3842 37,2
1168 3780 1214 3845 (σι
1239 3780 1333 3829 hae
1361 3782 1482 3829 sunt
1509 3780 1865 3841 generationes
1895 3776 2061 3827 Iacob.
2092 3777 2269 3840 loseph
2296 3790 2457 3840 quum
2484 3776 2704 3826 sedecim
2732 3778 2865 3826 esset
2888 3787 2965 3821 an-

453 3876 634 3913 norum
665 3879 688 3909 »
719 3864 838 3927 etc.)
861 3862 1124 3912 historiam
1158 3862 1330 3910 narrat
1357 3858 1575 3908 liliorum
1612 3857 1786 3917 Iacob,
1816 3870 2033 3921 quorum
2072 3856 2329 3918 generatio
2360 3870 2401 3905 s.
2444 3854 2685 3905 nativitas
2722 3854 2811 3905 diu
2836 3854 2967 3901 antea

453 3946 562 3993 erat
584 3940 740 3991 relata
765 3942 911 4004 (Gen.
937 3947 1015 3992 29.
1043 3945 1115 3990 30.
1152 3939 1270 4003 35.).
1302 3936 1462 3989 Simili
1487 3936 1638 3986 modo
1665 3940 1744 3995 2,4
1774 3937 1820 3999 (ιι
1852 3937 1978 3986 istae
2002 3939 2124 3984 sunt
2152 3934 2499 3997 generationes
2522 3932 2653 3984 coeli
2675 3936 2730 3984 et
2752 3937 2906 3982 terrae
2926 3943 2963 3987 »J

455 4036 554 4070 non
578 4020 643 4071 de
677 4022 932 4071 creatione
961 4020 1090 4082 agit,
1115 4031 1248 4083 quae
1271 4022 1471 4067 narrata
1499 4016 1603 4065 iam
1635 4019 1747 4065 erat
1780 4016 1871 4077 (1,1
1916 4016 2078 4079 sqq.),
2101 4015 2189 4064 sed
2217 4014 2281 4063 de
2308 4014 2399 4073 iis,
2428 4026 2561 4077 quae
2596 4013 2651 4063 in
2684 4016 2819 4063 terra
2846 4012 2965 4073 gesta

451 4104 589 4150 sunt.
635 4100 1080 4150 Animadvertatur
1121 4098 1256 4147 enim
1301 4099 1526 4160 oportet,
1560 4093 1973 4158 inscriptionibus
2014 4092 2118 4143 illis
2145 4091 2530 4156 praecedentem
2568 4090 2843 4141 sectionem
2872 4087 2963 4151 ple·

452 4193 668 4244 rumque
701 4180 754 4229 in
787 4180 1086 4229 memoriam
1115 4174 1342 4227 revocari
1369 4179 1522 4239 atque
1555 4188 1741 4223 nexum
1775 4173 1995 4223 indicari
2026 4173 2119 4235 (cfr
2146 4178 2221 4231 5,1
2256 4185 2374 4221 cnm
2400 4175 2477 4231 2,7
2511 4183 2653 4234 sqq.;
2680 4174 2764 4229 o‚9
2791 4182 2897 4217 cum
2924 4173 2948 4209 5

453 4264 514 4309 29
547 4273 656 4323 sqq.
691 4263 742 4308 et
769 4264 877 4317 6‚8;
913 4264 1016 4315 1ο,1
1049 4270 1166 4307 cum
1193 4260 1323 4313 9,18.
1357 4259 1430 4305 19.
1472 4254 1609 4313 ete).
1642 4280 1705 4290 —
1735 4252 1811 4302 Ad
1845 4252 1897 4302 id
1926 4256 2098 4301 autem
2128 4250 2282 4301 etiam
2309 4249 2465 4314 probe
2490 4248 2851 4299 attendendum
2874 4246 2963 4296 est.

449 4336 705 4401 quomodo
731 4338 784 4387 in
813 4341 920 4387 tota
951 4336 1232 4387 sectionum
1268 4334 1599 4397 dispositione
1628 4336 1805 4381 auctor
1832 4345 2030 4395 semper
2056 4332 2252 4381 animos
2285 4328 2533 4379 lectorum
2566 4328 2630 4378 ad
2657 4326 2961 4391 praecipuum

451 4432 599 4466 suum
632 4420 992 4479 argumentum
1018 4414 1214 4477 dirigat.
1252 4412 1580 4463 paucissimis
1608 4412 1744 4461 enim
1777 4409 1996 4461 absolvit
2024 4423 2109 4460 eas
2142 4412 2317 4471 gentes
2352 4412 2405 4458 et
2439 4407 2681 4465 familias,
2714 4417 2841 4469 quae
2876 4412 2961 4449 non

451 4500 573 4545 sunt
596 4495 782 4546 electae
804 4508 1079 4559 earumque
1103 4492 1366 4544 historiam
1389 4505 1588 4555 semper
1614 4494 1787 4541 narrat
1808 4494 1927 4541 ante
1948 4490 2095 4540 electi
2118 4490 2245 4538 rami
2275 4487 2517 4537 ulteriora
2544 4487 2644 4535 sata
2670 4504 2682 4534 ε
2718 4484 2835 4533 Cain
2860 4482 2961 4529 ante

453 4576 600 4632 Seth,
628 4574 783 4625 Gham
805 4578 854 4623 et
883 4576 1056 4637 taphet
1077 4576 1196 4623 ante
1219 4574 1358 4633 Sem,
1385 4572 1611 4635 reliquos
1634 4573 1858 4634 posteros
1883 4572 1998 4621 Sem
2023 4573 2143 4619 ante
2171 4566 2449 4625 Abraham,
2476 4564 2652 4616 ismael
2676 4566 2792 4612 ante
2818 4564 2955 4610 isaac.

450 4656 582 4702 Esau
612 4657 729 4703 ante
757 4654 920 4704 Iacob.
