3050 5184
805 322 1133 367 vensionss
1176 324 1493 379 emicas,
1540 324 1835 369 Animosa
1876 324 2007 369 erc.
2567 310 2681 371 105

389 568 420 650 ξ
456 572 558 634 15.
587 606 676 616 -
706 571 802 635 De
830 568 1120 636 arabicis
1150 582 1216 637 et
1237 572 1518 660 persicis
1564 569 1970 637 versionibus
2016 570 2445 639 immediatis.

231 777 287 835 -1,
329 810 408 820 —
435 778 731 840 Arabicae
759 782 1082 841 versiones
1110 782 1464 860 aliquorum
1490 782 1796 843 librorum
1824 782 2066 843 Veteris
2088 782 2257 843 Test.
2289 798 2363 841 ex
2392 781 2683 843 hebraico

161 872 518 945 adornatae,
553 892 756 952 quum
793 878 1047 938 saeculo
1080 879 1176 938 10.
1203 896 1332 938 non
1368 883 1518 938 sunt
1544 878 1961 955 antiquioreS,
1994 882 2207 938 textus
2244 877 2683 939 massorethici

162 967 470 1030 dumtaxat
497 976 644 1031 sunt
679 976 902 1045 testes;
936 978 1128 1051 atque
1167 976 1410 1035 Novum
1441 991 1693 1051 quoque
1733 976 1900 1034 Test.
1936 992 2012 1035 ex
2038 990 2265 1051 graeco
2308 974 2684 1034 translatum

161 1064 302 1123 satis
323 1067 600 1127 recentis
625 1070 723 1128 est
743 1069 1003 1147 originis
1027 1086 1145 1130 nec
1167 1087 1432 1147 magnae
1461 1070 1855 1131 auctoritatis
1873 1115 1886 1128 .

218 1194 369 1251 Saee.
402 1201 486 1251 10.
509 1196 784 1253 Saadias
808 1201 980 1255 Gaon
1001 1197 1239 1255 Iudaeus
1255 1200 1316 1255 in
1332 1204 1585 1273 Aegypto
1601 1200 2065 1257 Pentateuchum
2089 1198 2307 1257 arabice
2329 1201 2493 1255 vertit
2516 1200 2683 1255 inter·

161 1280 278 1335 dum
301 1282 710 1353 paraphrasten
746 1292 929 1355 potius
959 1302 1126 1357 quam
1155 1288 1546 1343 translatorem
1573 1303 1769 1360 agens;
1806 1288 1974 1343 etiam
2015 1287 2260 1359 reliquos
2288 1287 2460 1344 libros
2488 1286 2685 1343 eadem

161 1369 360 1425 ratione
387 1372 732 1427 transtulisse
762 1371 954 1442 fertur,
983 1373 1078 1430 sed
1103 1381 1323 1445 praeter
1341 1374 1782 1431 pentateuchum
1803 1376 1883 1445 (in
1899 1373 2118 1449 Polygl.
2140 1374 2377 1431 Londin.
2402 1383 2459 1430 et
2483 1374 2683 1441 Paris.)

157 1456 294 1511 solus
315 1458 492 1515 Isaias
520 1460 711 1528 (lenae
746 1460 926 1532 1790.)
954 1461 1099 1532 typis
1127 1460 1433 1533 descriptus
1461 1463 1720 1519 innotuit.
1752 1493 1823 1503 —
1851 1462 2043 1518 Altera
2068 1461 2455 1517 Pentateucki
2482 1461 2683 1525 versio,

159 1542 216 1598 ab
235 1544 469 1601 editoris
493 1548 718 1602 nomine
745 1548 950 1604 Arabs
977 1550 1220 1621 Erpenii
1245 1549 1446 1622 (Lugd.
1487 1553 1607 1605 Bat.
1642 1552 1827 1619 1622.)
1852 1549 2155 1621 appellata,
2184 1564 2329 1605 saec.
2360 1556 2447 1607 13.
2479 1549 2566 1604 vel
2595 1554 2681 1604 14.

161 1642 334 1688 exorta
353 1632 604 1690 creditur
623 1642 948 1707 textumque
963 1636 1421 1693 massorethicum
1449 1638 1583 1693 satis
1608 1638 1878 1694 serviliter
1896 1635 2099 1693 reddit.
2130 1666 2201 1679 —
2234 1642 2391 1693 losue
2408 1636 2681 1699 arabicus,

159 1720 237 1789 qui
261 1719 320 1776 in
345 1721 566 1795 Polygl.
595 1723 766 1779 Paris.
800 1732 853 1779 et
871 1722 1108 1779 Londin.
1133 1722 1388 1792 habetur,
1421 1724 1629 1781 Iudaeo
1653 1740 1797 1781 saec.
1835 1731 1921 1781 10.
1944 1723 2293 1781 adscribitur.
2326 1752 2394 1765 —
2418 1728 2683 1795 Evanqe-

161 1806 360 1863 liorem
382 1810 565 1865 versio
588 1810 862 1881 quaedam
889 1810 1206 1868 immediata
1233 1828 1263 1867 a
1288 1812 1440 1887 Syris
1466 1812 1538 1868 ad
1566 1812 1837 1885 syriacum
1872 1820 2088 1869 textum
2122 1810 2389 1868 recensita
2416 1818 2502 1867 est
2534 1814 2683 1880 (pro-

161 1893 246 1949 diit
269 1896 488 1953 Romae
514 1902 697 1963 1591.)
729 1907 784 1953 et
807 1914 838 1952 a
865 1898 1053 1970 Coptis
1079 1897 1151 1955 ad
1173 1901 1450 1969 copticum
1475 1900 1553 1968 (in
1580 1901 1796 1972 Polygl.
1828 1900 1999 1955 Paris.
2029 1908 2087 1955 et
2112 1898 2393 1971 Londin.).
2422 1898 2685 1970 Reliquo-

163 1998 268 2039 rum
297 2000 523 2057 quoque
549 1987 620 2040 N.
660 1988 722 2040 T.
771 1986 1040 2042 librorum
1075 1995 1258 2043 textus
1285 1986 1569 2052 arabicus„
1602 2003 1769 2059 quem
1802 1985 2065 2043 exhibent
2092 1988 2331 2059 Polygl.,
2374 2002 2442 2041 ex
2484 2000 2683 2058 graeco

162 2070 368 2139 quidem
391 2073 702 2128 translatus
717 2115 732 2139 ‚
763 2072 862 2129 sed
887 2088 1080 2129 recens
1100 2082 1200 2129 est.

229 2260 282 2315 2.
307 2291 392 2301 —
415 2257 676 2318 Minoris
694 2257 826 2317 fere
849 2258 1238 2320 auctoritatis
1263 2264 1412 2339 sunt
1432 2262 1696 2335 persicae
1715 2259 2033 2319 versiones
2059 2258 2462 2317 immediatae
2479 2304 2495 2331 ,
2520 2261 2685 2335 q'uae

164 2350 478 2431 hucusque
506 2354 940 2415 innotuerunt.

226 2484 360 2540 Nam
379 2484 816 2540 Pentateuchus
837 2486 1083 2556 persicus
1095 2486 1155 2541 in
1170 2487 1382 2561 Polygl.
1401 2486 1639 2543 Londin.
1661 2494 1912 2556 receptus
1938 2502 2083 2542 saec.
2120 2491 2205 2541 16.
2229 2501 2260 2541 a
2282 2485 2486 2541 Iudaeo
2511 2485 2555 2540 1.
2584 2486 2686 2539 Ta-

169 2584 266 2626 wus
286 2572 595 2628 translatus
627 2580 736 2641 est,
767 2580 826 2627 et
845 2574 1307 2646 Evanqeliorum
1341 2574 1519 2630 versio
1558 2572 1669 2641 (ed.
1701 2573 2019 2629 Whelloke.
2055 2573 2286 2629 London
2317 2572 2683 2641 1652.-1657.)

166 2672 292 2713 saec.
333 2666 424 2715 14.
466 2658 697 2731 prodiit3
729 2674 901 2731 quare
939 2661 993 2716 in
1020 2676 1080 2716 re
1116 2662 1308 2717 critica
1336 2670 1391 2718 et
1419 2661 1700 2733 exegetica
1739 2662 1965 2715 maioris
2002 2678 2118 2716 non
2152 2667 2282 2716 sunt
2317 2660 2684 2729 auctoritem,

167 2760 314 2813 quam
338 2748 484 2803 aliae
503 2755 727 2804 nostrae
753 2747 950 2803 aetatis
973 2748 1272 2805 versiones,
2184 2752 2195 2757 '

1211 3109 1508 3177 CAPUT
1549 3108 1637 3175 V.

805 3350 900 3400 DE
938 3350 1310 3401 VERSIONE
1348 3350 1624 3401 LATINA
1663 3348 2034 3401 VULGATA.

444 3558 622 3651 516.
664 3612 747 3621 —
780 3568 873 3631 De
917 3566 1242 3655 Vulqatae
1277 3566 1563 3655 origine,
1597 3565 1859 3647 indole,
1880 3563 2404 3654 propaqacz‘one.

245 3784 297 3842 1.
326 3817 406 3827 —
443 3784 704 3843 Latinae
742 3784 1206 3862 Scripturarum
1246 3785 1572 3857 editionis„
1621 3802 1785 3862 quae
1834 3784 2096 3859 Vulqata
2138 3782 2455 3843 nominari
2500 3780 2691 3851 solet,
2780 3858 2787 3863 Ι

183 3888 361 3939 auctor
397 3882 464 3942 S.
497 3881 896 3958 Hieronymus
931 3898 1056 3942 non
1103 3882 1422 3942 immerito
1463 3882 1785 3954 asseritur,
1816 3880 2121 3957 quoniam
2153 3880 2341 3955 longe
2386 3878 2695 3937 maiorem

185 3972 296 4035 eius
334 3981 584 4056 partem
619 3980 733 4037 aut
755 3993 830 4037 ex
857 3978 1134 4038 textibus
1162 3976 1472 4037 hebraicis
1503 3974 1893 4063 (chaldaicis)
1923 3974 2293 4055 graecisque
2324 3971 2689 4033 immediate

189 4072 350 4132 vertit
376 4077 489 4133 ant
506 4072 587 4133 ad
619 4090 728 4133 eos
754 4074 1084 4134 revocavit.

243 4202 312 4257 Ex
333 4203 591 4259 omnibus
617 4203 804 4259 latinis
835 4202 1202 4272 versionibus,
1235 4217 1376 4275 quae
1403 4218 1551 4259 saec.
1587 4209 1673 4259 16.
1714 4201 2265 4269 circumferebantur,
2303 4218 2329 4251 «c
2357 4199 2614 4253 Veterem
2643 4204 2699 4251 et

191 4286 452 4363 vulgatam
481 4290 800 4361 editionem,
825 4305 966 4361 quae
992 4292 1160 4363 longo
1189 4292 1541 4347 saeculorum
1566 4305 1671 4345 usu
1697 4290 1757 4345 in
1784 4292 2029 4346 Ecclesia
2061 4287 2295 4360 probata
2322 4293 2467 4340 esset
2502 4304 2553 4351 n,
2586 4284 2693 4338 sol·

193 4372 332 4434 lemni
350 4378 578 4436 decreto
602 4378 976 4435 authenticam
1005 4378 1360 4434 declararunt
1378 4376 1690 4433 Tridentini
1706 4380 1927 4445 Patres3
1959 4376 2297 4447 singularem
2316 4371 2482 4444 igitur
2510 4372 2696 4427 locum

196 4476 392 4538 occupat
419 4466 562 4523 haee
596 4465 804 4533 versio,
833 4467 908 4521 ita
953 4466 1098 4521 utin
1133 4466 1252 4521 eius
1281 4465 1581 4537 originem,
1620 4463 1932 4527 historiam,
1964 4462 2354 4519 auctoritatem
2392 4458 2577 4530 paullo
2607 4472 2699 4512 ac-

197 4556 404 4610 curatius
435 4554 720 4626 inquirere
754 4552 1075 4610 debeamus,
1121 4554 1315 4624 Usque
1352 4551 1423 4607 ad
1449 4552 1622 4608 finem
1664 4567 1810 4609 saec.
1851 4558 1905 4607 4.
1938 4559 2114 4607 totam
2141 4549 2375 4605 latinam
2413 4545 2699 4601 ecclesiam

200 4642 412 4699 versione
438 4640 658 4697 Veteris
683 4643 857 4710 Test.,
889 4656 1030 4713 quae
1055 4656 1120 4696 ex
1145 4639 1506 4697 alexandrino
1540 4645 1697 4696 textu
1720 4638 1971 4695 derivata
1999 4646 2137 4706 erat,
2170 4650 2331 4692 usam
2358 4649 2507 4701 esse,
2534 4647 2699 4704 supra
