3050 5184
786 335 981 410 cAn'oN
1021 365 1162 408 vm.
1208 363 1376 408 rnsr.
1424 363 1702 408 sancums
1741 350 1801 407 4.
1848 363 1925 408 m·
1966 349 2022 406 5.
2590 345 2667 403 29

135 499 460 559 multitudo
502 497 794 558 librorum
832 516 966 558 vere
1011 497 1512 576 apocryphorum,
1549 513 1586 556 a
1629 513 1897 573 quorum
1934 495 2203 555 lectione
2246 494 2463 554 fideles
2494 497 2668 552 erant

133 595 405 656 arcendi.

189 717 378 786 Quam
409 715 728 788 frequentes
752 732 896 772 saec.
927 722 983 772 4.
1025 726 1080 772 et
1107 722 1159 771 5.
1191 716 1597 772 controversiae
1630 713 1835 770 fuerint
1860 730 1987 770 cum
2018 705 2264 782 Iudaeis,
2294 729 2461 784 opera
2496 710 2665 783 patri-

129 805 254 861 stica
295 806 438 862 satis
477 803 706 872 doeent3
740 804 1047 876 periculum
1079 805 1244 876 igitur
1272 805 1384 859 suis
1423 803 1677 876 gregibus
1716 818 1749 858 a
1784 817 2061 876 synagoga
2100 801 2387 857 imminere
2422 798 2667 856 videntes

131 893 390 964 episcopi,
424 901 490 948 ut
520 891 700 948 valida
728 907 882 948 arma
905 893 970 948 iis
993 891 1499 959 subministrarent,
1530 891 1590 947 in
1618 891 1730 946 suis
1756 889 2135 947 catechesibus
2162 898 2219 946 ct
2255 887 2494 945 homiliis
2532 903 2663 960 pro-

129 981 450 1036 tocanonica
491 989 817 1054 argumenta
873 979 1200 1053 praesertim
1253 978 1655 1050 adhibuerunt,
1704 993 1845 1051 quae
1894 976 2081 1034 ludaei
2126 977 2352 1032 reiicere
2395 993 2510 1032 non
2536 990 2663 1048 pos-

135 1077 258 1126 sent.
283 1077 465 1141 atque
493 1069 572 1124 ita
603 1068 808 1124 factum
836 1083 954 1124 esse
981 1067 1219 1137 videtur,
1249 1075 1312 1122 ut
1330 1083 1363 1123 a
1391 1067 1671 1123 nonnullis
1699 1065 1996 1122 auctoritas
2013 1065 2569 1136 protocanonicorum
2595 1063 2663 1118 ad
2691 1084 2696 1089 ·

139 1154 454 1212 stabilienda
494 1155 753 1228 dogmata
781 1164 1070 1227 putaretur
1105 1155 1302 1211 maior.
1333 1155 1604 1226 Origenes
1642 1170 1889 1225 quoque,
1926 1161 1990 1207 ut
2027 1153 2368 1211 Christianos
2405 1153 2661 1218 doceret,

151 1259 394 1312 quosnam
424 1252 613 1300 textus
640 1252 833 1300 contra
874 1242 1108 1300 Iudaeos
1146 1243 1346 1299 afferre
1383 1251 1624 1314 possent,
1654 1242 1713 1298 in
1740 1241 1851 1298 suis
1879 1241 2144 1312 Hexaplis
2172 1241 2357 1296 omnia
2378 1241 2473 1296 illa
2502 1240 2663 1296 obelo

155 1340 429 1400 notaverat,
468 1347 611 1402 quae
638 1331 696 1386 in
723 1345 922 1398 graeca
953 1329 1175 1402 quidem
1205 1329 1474 1399 editione,
1507 1329 1606 1385 sed
1637 1343 1751 1385 non
1778 1327 1838 1384 in
1860 1327 2119 1384 hebraica
2147 1327 2491 1400 legebantur.
2522 1326 2664 1383 Obe-

155 1417 214 1472 lus
237 1429 426 1475 autem
459 1435 493 1474 a
521 1418 890 1492 grammaticis
919 1419 1130 1491 graecis
1156 1416 1406 1474 invectus
1428 1426 1569 1486 erat,
1599 1415 2065 1488 ut‘expressiones
2094 1415 2362 1488 quasdam
2391 1423 2487 1471 aut
2512 1416 2664 1486 peri-

147 1521 281 1576 copas
307 1509 565 1579 integras
591 1507 804 1578 spurias
822 1515 879 1561 et
905 1503 1179 1563 immerito
1205 1504 1418 1562 additas
1441 1504 1807 1574 declararent,
1839 1514 1893 1560 et
1917 1503 2663 1586 quamquamorigenessuo

143 1595 274 1665 agno
302 1595 598 1652 diacritico
629 1595 771 1650 hanc
797 1595 1251 1667 significationem
1278 1610 1392 1649 non
1429 1593 1784 1661 attribuerat,
1814 1591 1913 1648 sed
1947 1594 2183 1649 lectores
2222 1591 2509 1647 dumtaxat
2538 1607 2663 1646 mo-

141 1694 252 1736 nere
277 1681 557 1750 voluerat,
599 1689 660 1736 ut
685 1681 792 1754 ipsi
816 1691 972 1738 textu
995 1681 1302 1738 accuratius
1328 1681 1638 1737 examinato
1668 1679 2049 1750 diiudicarent,
2086 1696 2222 1736 num
2252 1677 2385 1751 quid
2412 1678 2663 1734 abunda-

139 1777 210 1822 ret
231 1785 410 1826 neene
437 1771 630 1841 (Oriq.
661 1773 727 1825 In
750 1769 945 1826 Matth.
979 1779 1113 1826 tom.
1145 1771 1272 1839 XV,
1299 1773 1406 1839 14),
1434 1769 1736 1832 iunioribus
1758 1778 1947 1824 tamen
1963 1768 2221 1826 Patribus
2244 1766 2389 1823 obeli
2403 1767 2493 1822 isti
2511 1781 2665 1822 occa-

137 1856 262 1912 sioni
288 1858 539 1926 fuerunt,
568 1866 630 1912 ut
652 1859 834 1914 omnia
865 1857 969 1913 hoc
1005 1858 1163 1930 signo
1193 1866 1514 1929 praenotata
1548 1873 1646 1928 pro
1674 1855 1871 1928 spuriis
1895 1856 2164 1914 haberent
2190 1855 2295 1924 (cfr
2311 1855 2368 1910 S.
2400 1857 2569 1910 Hier.
2592 1853 2661 1911 ad

137 1945 292 2002 Sunn.
320 1956 382 2003 et
405 1948 560 2002 Fret.
594 1962 686 2018 ep.
721 1953 910 2017 106,⁷;
935 1945 1116 2002 Praei.
1148 1947 1204 2000 in
1237 1948 1424 2013 Dan.).
1457 1949 1699 2002 Demum
1728 1945 1999 2000 maximae
2032 1959 2199 2000 curae
2225 1951 2347 2000 erat
2379 1942 2660 2010 PatribuS,

137 2041 190 2086 ut
215 2033 282 2091 ab
303 2035 636 2091 adulterinis
663 2034 845 2104 libris,
883 2035 978 2107 qui
1006 2034 1196 2107 primis
1223 2035 1454 2090 saeculis
1481 2033 1585 2088 sub
1616 2033 1839 2089 nomine
1870 2031 2336 2104 patriarcharum,
2363 2030 2663 2103 propheta-

137 2135 254 2176 rum
287 2129 396 2178 etc.
432 2121 504 2176 ab
537 2120 824 2177 haereticis
867 2120 1330 2194 propagabantur,
1361 2119 1555 2177 fideles
1580 2118 1967 2187 defenderent,
1998 2119 2230 2191 fierique
2265 2118 2421 2175 facile
2464 2119 2660 2190 potuit,

137 2216 194 2262 ut
214 2209 388 2266 iustos
417 2208 735 2280 diligentiae
764 2217 822 2266 et
849 2209 1172 2280 prudentiae
1202 2209 1400 2265 limites
1428 2209 1757 2281 transgressi
1790 2223 1953 2264 usum
1990 2207 2218 2264 alicuius
2253 2207 2381 2264 libri
2418 2205 2663 2262 canonici

137 2295 466 2368 improbare,
499 2299 669 2369 quam
709 2297 1087 2370 apocryphum
1124 2297 1428 2368 approbare
1470 2298 1702 2353 mallent
1730 2295 1852 2363 (cfr.
1892 2299 1949 2352 S.
1991 2297 2214 2352 Athan.
2266 2297 2366 2368 Ep.
2412 2294 2531 2351 sest.
2564 2300 2660 2362 393

135 2388 184 2440 S.
214 2389 346 2457 cyr.
378 2389 562 2442 leros.
593 2386 711 2442 Cat.
746 2386 841 2441 lv..
875 2392 962 2441 33.
991 2390 1078 2441 36.
1111 2385 1258 2456 etc.).

387 2561 658 2618 Quansrxo
683 2562 730 2607 4.
761 2586 825 2595 —
852 2561 1021 2608 Canon
1051 2559 1246 2607 Veteris
1273 2560 1410 2607 Test.
1439 2575 1470 2606 a
1501 2561 1661 2606 medio
1686 2573 1813 2608 saec.
1848 2563 1877 2606 6
1904 2561 2144 2620 usquead
2175 2573 2299 2608 saec.
2334 2563 2407 2607 10.

213 2722 308 2780 10.
339 2753 421 2762 --
447 2719 734 2781 Eundem
772 2735 1074 2779 canonem
1107 2719 1480 2798 ampliorem
1522 2719 1589 2778 in
1626 2723 1757 2778 tota
1792 2717 2031 2778 ecclesia
2074 2719 2428 2780 occidentali
2466 2735 2663 2795 usque

144 2816 217 2876 ad
244 2816 508 2877 initium
543 2833 702 2877 saec.
749 2818 843 2876 10.
888 2833 1024 2876 esse
1071 2819 1430 2876 constanter
1465 2815 1780 2893 agnitum,
1814 2814 1977 2875 clare
2021 2815 2247 2876 docent
2288 2815 2661 2876 Pontificum

142 2913 314 2973 istius
356 2913 580 2973 aetatis
622 2913 904 2986 decreta,
949 2912 1332 2989 scriptorum
1373 2911 1942 2973 ecclesiasticorum
1984 2910 2377 2982 testimonia,
2408 2911 2663 2972 codices

143 3009 312 3068 latini
352 3009 815 3087 Scripturarum
859 3009 996 3068 istis
1028 3009 1290 3069 saeculis
1317 3009 1547 3068 exarati
1572 3007 1709 3079 ,.ita
1745 3011 1816 3068 ut
1853 3025 2099 3070 summo
2142 3025 2287 3068 cum
2315 3008 2453 3068 iure
2483 3008 2664 3068 Nico-

145 3103 268 3165 laus
304 3107 352 3165 Ι.
389 3104 764 3185 (sss-867.)
796 3105 874 3165 de
914 3105 1192 3182 catalogo
1223 3104 1573 3165 iunocentii
1598 3105 1645 3164 1.
1678 3103 1850 3165 velut
1876 3104 1955 3165 de
1994 3104 2245 3166 decreto
2273 3104 2341 3164 in
2378 3103 2667 3166 universa

149 3201 416 3262 Ecclesia
443 3205 695 3280 recepto
723 3201 902 3279 loqui
929 3201 1228 3280 potuerit.
1253 3203 1466 3278 Neque
1495 3200 1653 3260 haec
1681 3200 2061 3262 unanimitas
2090 3199 2335 3263 tollitur
2364 3201 2662 3280 singulari

145 3299 446 3359 sententia
487 3298 700 3359 Iunilii
739 3298 1047 3372 Africani,
1083 3314 1240 3375 quae
1271 3313 1466 3375 quum
1503 3297 1737 3357 nullius
1767 3297 2066 3358 ecclesiae
2110 3297 2303 3358 fidem
2332 3297 2443 3359 sed
2479 3299 2662 3359 unius

147 3399 378 3456 tantum
404 3394 682 3481 hominis
712 3395 935 3473 privati
964 3395 1330 3474 opinionem
1373 3394 1715 3471 exprimat,
1744 3395 1813 3454 in
1840 3394 2093 3455 canonis
2126 3394 2395 3456 historia
2428 3395 2663 3456 nullius

149 3507 396 3566 prorsus
420 3496 521 3552 est
547 3492 954 3552 auctoritatis,

209 3615 284 3669 Ex
311 3613 543 3670 summis
563 3612 920 3669 Pontificibus
943 3615 1278 3686 completum
1298 3614 1615 3685 catalogum
1628 3613 1898 3670 librorum
1926 3614 2139 3669 Veteris
2163 3617 2311 3670 Test.
2334 3615 2665 3671 confirman-

150 3701 282 3758 tibus
305 3711 420 3758 tres
443 3709 680 3774 eiteunte
705 3715 847 3756 saec.
870 3705 924 3756 5.
955 3710 1012 3756 et
1037 3702 1259 3757 ineunte
1292 3716 1432 3757 saec.
1470 3706 1522 3756 6.
1550 3699 1855 3758 floruerunt
1877 3720 1892 3757 ε
1914 3708 1972 3758 S.
2002 3703 2287 3760 Hilarius
2322 3704 2658 3776 (461.-468.),

151 3791 290 3845 etiitts
315 3790 512 3846 divisio
531 3787 803 3860 quaedam
819 3787 878 3844 in
914 3787 1102 3844 codice
1119 3789 1402 3845 Amiatino
1419 3788 1579 3846 nobis
1602 3798 1685 3845 est
1703 3798 2040 3858 conservata,
2063 3793 2160 3848 SS.
2192 3792 2458 3848 Gelasius
2487 3798 2664 3859 (492.-

153 3879 284 3948 496.)
299 3888 356 3934 et
373 3876 1095 3948 Hormisdass516.-523.),
1125 3877 1322 3948 quibus
1343 3878 1669 3949 plerumque
1683 3894 1861 3934 canon
1878 3879 1994 3948 ille,
2018 3895 2185 3950 quem
2212 3893 2379 3951 supra
2405 3881 2475 3952 (6.
2497 3897 2549 3953 p.
2578 3886 2665 3946 25)

153 3965 204 4018 S.
221 3967 455 4022 Damaso
484 3964 707 4021 attribui
735 3963 1000 4032 diximus,
1022 3964 1352 4034 inscribitur,
1384 3964 1496 4021 sive
1521 3965 1606 4021 illi
1624 3965 2060 4038 praedecessoris
2076 3969 2163 4024 sui
2190 3983 2463 4024 canonem
2486 3969 2547 4024 in
2566 3967 2664 4024 de-

156 4053 368 4110 cretales
387 4067 518 4110 suas
545 4061 890 4124 receperunt,
911 4053 1028 4108 sive
1054 4053 1155 4125 ipsi
1182 4053 1341 4109 illum
1369 4053 1533 4124 primi
1560 4052 1868 4110 ediderunt.
1891 4085 1963 4096 —
1992 4056 2145 4112 Inter
2172 4058 2469 4128 scriptores
2496 4059 2664 4112 eccle·

159 4139 378 4198 siasticos
403 4141 730 4212 Dionysius
746 4142 925 4213 Eoeiq.
961 4141 1023 4214 (†
1049 4156 1098 4198 c.
1130 4146 1280 4206 536.)
1319 4141 1630 4213 catalogum
1674 4142 1743 4198 ab
1786 4142 2051 4213 episcopis
2088 4142 2345 4200 africanis
2373 4144 2583 4202 editum
2608 4147 2663 4201 in

161 4241 296 4286 suam
343 4245 624 4287 canonum
680 4228 1064 4285 collectionem
1114 4229 1322 4299 recepit
1362 4228 1566 4298 (Codex
1613 4245 1735 4286 can.
1781 4232 1976 4287 eccles·
2021 4247 2069 4288 c.
2118 4233 2235 4304 24),
2286 4235 2362 4288 M.
2411 4235 2664 4291 Aurelius

165 4315 536 4374 Cassiodorus
566 4315 630 4388 (†
655 4319 804 4389 562.)
825 4319 1106 4390 catalogos
1123 4318 1178 4372 S.
1201 4317 1492 4390 Augustini
1515 4326 1572 4373 et
1587 4319 1843 4390 antiquae
1862 4320 2129 4392 Vulgatae
2147 4318 2373 4376 tradidit
2390 4323 2664 4394 approba-

166 4403 322 4475 vitque
349 4407 556 4475 (Instit.
591 4404 702 4460 div.
735 4405 820 4461 lit.
851 4411 940 4462 21.
975 4413 1056 4463 13.
1093 4406 1208 4477 14);
1239 4405 1296 4461 S.
1328 4406 1597 4462 Isidorus
1633 4407 1801 4479 Hisp.
1847 4407 1909 4478 (†
1934 4413 2112 4476 636.),
2142 4417 2435 4480 postquam
2474 4421 2665 4482 proto-

163 4495 426 4551 canonicos
453 4493 632 4550 tribus
659 4493 943 4550 ordinibus
971 4495 1184 4566 (Legis,
1231 4493 1663 4565 Prophetarum,
1694 4495 2235 4568 Hagiographorum)
2272 4514 2399 4554 cum
2436 4501 2493 4557 S.
2532 4501 2665 4558 Hie-

167 4583 352 4654 ronymi
372 4583 612 4655 Prologo
643 4581 753 4656 gal.
794 4579 1058 4650 distinxit,
1094 4580 1250 4638 addit
1281 4595 1308 4636 ε·
1333 4604 1361 4634 α
1383 4583 1624 4652 Quartus
1652 4593 1733 4639 est
1764 4583 1929 4655 apud
1960 4601 2066 4640 nos
2102 4586 2241 4641 ordo
2280 4588 2493 4644 Veteris
2515 4592 2662 4645 Test.

165 4679 330 4726 eorum
355 4671 646 4742 librorum,
679 4671 785 4744 qui
807 4671 874 4726 in
901 4686 1122 4726 canone
1148 4669 1416 4726 hebraico
1443 4687 1560 4726 non
1586 4678 1722 4727 sunt
1752 4692 1799 4738 ι,
1827 4671 2023 4744 hisque
2049 4673 2378 4732 adnumerat
2404 4677 2667 4734 deutero-
