3050 5184
727 317 922 360 cimon
961 316 1098 359 ver.
1146 313 1316 359 rss‘r.
1363 314 1557 361 unum
1598 317 1859 361 nurus.
2488 303 2565 363 33

95 451 303 511 nieorum
340 451 640 511 criticum
675 453 1048 528 apparatum
1099 447 1427 515 exhibent,
1473 462 1655 525 opera
1692 449 2057 529 theoloyica,
2091 468 2252 528 quae
2294 449 2568 509 textibus

93 546 608 607 deuterocanonicis
643 546 946 606 continuo
982 543 1062 604 ad
1101 543 1478 604 stabilienda
1516 544 1815 622 dogmata
1842 550 2124 618 utuntur,
2156 548 2571 607 commentarii

94 660 174 701 ton
205 642 368 720 pauci
409 642 482 703 in
527 643 728 702 libros
770 640 1369 702 deuterocanonicos
1413 642 1773 719 compositi.
1819 645 1898 704 At
1930 644 2275 704 theoretice
2318 658 2568 720 quoque

93 739 348 799 uctoritas
377 736 1099 799 deuterocanonicorum
1127 736 1562 797 vindicabatur
1590 741 1776 815 atque
1806 740 1871 798 in
1901 739 2185 801 Concilio
2208 738 2567 801 Florentino

95 834 401 896 ÷cllemniter
427 836 858 895 asserebatur.

131 948 348 1015 Quou‘mm
373 946 448 1003 de
479 946 744 1004 codicum
771 954 829 1003 et
865 948 1331 1003 correctoriorum
1369 948 1689 1003 testimonio
1725 964 1890 1004 nemo
1918 946 2155 1005 dubitat.
2171 958 2337 1021 atque
2360 948 2567 1006 indices

95 1035 383 1103 ›eripuiristici
403 1035 678 1107 operibus
698 1034 1042 1091 scholasticis
1069 1032 1245 1089 additi
1263 1032 1396 1090 satis
1415 1033 1821 1103 demonstrant,
1850 1052 2018 1108 quam
2045 1035 2389 1109 frequentem
2408 1052 2566 1093 usum

102 1122 645 1179 numennumen-um
663 1130 918 1177 textuum
943 1120 1132 1195 magni
1159 1122 1320 1177 istius
1347 1122 1543 1178 aetatis
1569 1122 1818 1195 theologi
1843 1121 2134 1190 iecerint⁷,
2162 1123 2366 1180 sufficit
2396 1139 2567 1195 pauca

105 1205 426 1267 ‘tacitaeomm
448 1209 776 1267 testimonia
800 1209 1065 1266 attulisse.
1093 1212 1157 1266 Β.
1188 1210 1471 1265 albertus
1489 1213 1566 1265 M.
1592 1211 1631 1266 l.
1662 1212 1881 1267 Barueh
1912 1220 2385 1267 commentaturus
2414 1226 2568 1283 prae·

111 1305 224 1351 nme.
242 1299 352 1353 eius
381 1297 681 1364 (divinam)
714 1297 1000 1353 veritatem
1037 1312 1152 1353 non
1191 1296 1402 1369 negari,
1435 1298 1536 1353 etsi
1565 1300 1621 1353 S.
1662 1298 2051 1369 Hieronymus·
2076 1314 2205 1355 eum
2245 1298 2315 1355 de
2358 1315 2569 1355 canone

117 1396 173 1434 ran
196 1400 278 1439 esse
316 1384 565 1451 dixerit;
604 1383 932 1456 fragmentis
975 1380 1164 1441 autetn
1211 1383 1498 1440 danielicis
1527 1400 1559 1441 a
1604 1386 1661 1442 S.
1694 1387 2037 1458 Hieronymo
2078 1386 2249 1442 alium
2280 1386 2569 1450 dumtaxat

117 1482 286 1527 mrem
305 1474 528 1543 putavit
549 1472 818 1545 assignari
845 1472 1005 1545 (Opp.
1029 1469 1119 1529 ed.
1153 1473 1368 1543 Iammy
1394 1472 1550 1527 VIII.
1582 1478 1671 1529 40.
1713 1478 1834 1541 69);
1874 1475 1933 1532 S.
1960 1478 2383 1531 Bonaventura
2412 1488 2567 1529 com-

114 1559 276 1615 ati-urio
300 1577 400 1616 suo
429 1561 562 1617 inl.
591 1560 905 1632 Sapientiae
929 1558 1212 1631 praefatur
1248 1574 1504 1627 monenS,
1538 1560 1773 1630 primam
1805 1561 1933 1618 libri
1969 1576 2193 1617 causam
2235 1560 2567 1618 efficientem

120 1650 346 1713 aeneum,
385 1650 487 1721 qui
515 1665 650 1705 eum
670 1648 1017 1719 inspiraverit
1047 1649 1212 1719 (Opp.
1245 1645 1334 1703 ed.
1367 1649 1533 1703 Rom.
1559 1649 1601 1703 I.
1638 1652 1792 1716 358);
1821 1649 1879 1705 S.
1920 1650 2159 1705 Thomas
2190 1654 2301 1722 Aq.
2328 1649 2409 1704 vel
2438 1664 2567 1719 pro-

101 1730 248 1789 atilius
267 1738 516 1793 Thomas
535 1736 842 1793 wallensis
865 1735 928 1792 in
953 1734 1294 1807 praefatione
1323 1735 1708 1792 commentarii
1733 1736 1791 1792 in
1816 1735 1871 1791 11.
1898 1737 2083 1793 Maeli.
2117 1736 2378 1803 adnotat,
2398 1736 2569 1793 libros

99 1829 175 1873 11th
191 1838 278 1877 non
303 1824 515 1881 habere
553 1824 946 1880 auctoritatem
977 1822 1124 1894 apud
1165 1821 1426 1890 ludaeos,
1465 1821 1565 1879 sed
1591 1823 1755 1896 apud
1795 1824 2170 1881 Christianos
2199 1826 2267 1880 in
2301 1825 2567 1881 Ecclesia

108 1913 198 1977 ¹¹99.
218 1910 288 1965 ed.
313 1914 508 1969 Parm.
558 1912 788 1987 XXIII.
833 1915 985 1979 196„
1029 1909 1193 1967 simili
1229 1907 1396 1965 modo
1436 1910 1723 1967 Robercus
1760 1912 2007 1967 Holcotla
2042 1913 2106 1983 (1-
2146 1912 2323 1983 1340.)
2367 1912 2565 1968 librum

97 2006 174 2063 ηρ.
198 2018 216 2045 ι
239 2000 369 2055 inter
395 2002 712 2071 scripturas
739 1999 1034 2055 canonicas
1053 1998 1220 2071 apud
1248 1998 1579 2055 Ecclesiam
1609 2000 1917 2071 computari
1946 1998 2098 2069 dicit,
2134 2000 2265 2056 licet
2293 2016 2327 2057 a
2354 2000 2569 2056 Iudaeis

95 2085 326 2151 ··pp0situm
363 2090 650 2145 sentiatur
700 2106 724 2141 ι
775 2086 1060 2154 (Praeleet.
1111 2086 1168 2141 in
1213 2086 1252 2140 l.
1282 2088 1408 2156 Sap.
1442 2102 1492 2142 c.
1544 2094 1589 2142 1.
1626 2087 1753 2143 lect.
1785 2092 1893 2155 2.);
1941 2088 2189 2143 Thomas
2222 2087 2571 2144 Waldensis

107 2172 288 2237 †¹⁴31·3·
311 2196 334 2225 a
359 2192 424 2231 ex
456 2176 748 2233 Ecclesiae
764 2174 1107 2231 testificantis
1126 2174 1452 2230 auctoritate
1473 2194 1498 2225 n
1526 2175 1949 2231 canonicitatem
1970 2175 2241 2233 librorum
2260 2175 2571 2247 dependere

96 2266 222 2313 ‘entra
247 2262 551 2320 Wicletitas
573 2261 820 2319 ostendit
845 2270 1014 2334 atque
1042 2259 1170 2317 dein
1204 2259 1277 2317 ad
1301 2260 1508 2319 Gelasii
1546 2260 1884 2318 decretalem
1911 2270 2205 2333 provocat,
2238 2278 2381 2334 quae
2414 2283 2437 2316 ι
2471 2262 2570 2319 de-

97 2346 242 2401 nuntiet
263 2349 456 2420 libros,
489 2352 592 2424 qui
609 2351 668 2407 in
695 2350 942 2422 plenaria
967 2350 1293 2405 auctoritate
1321 2349 1432 2405 sint
1471 2348 1715 2405 habendi
1746 2368 1770 2403 ι
1804 2351 2147 2417 (Doctrinale
2175 2349 2305 2407 fidei
2344 2352 2419 2408 11.
2447 2357 2566 2418 2ο);

99 2431 228 2489 -odem
247 2436 348 2493 fere
389 2449 654 2511 tempore
695 2442 942 2495 Ioannes
967 2436 1044 2493 de
1067 2440 1312 2505 naqusa
1347 2438 1737 2493 auctoritatem
1772 2435 2086 2495 traditionis
2118 2447 2175 2494 et
2213 2438 2489 2496 Ecclesiae
2514 2440 2572 2495 in

99 2520 344 2580 stabiliendo
365 2542 590 2583 canone
614 2526 768 2583 velut
795 2526 1106 2584 doctrinam
1146 2525 1218 2581 ab
1246 2525 1504 2582 omnibus
1538 2524 1837 2582 admissam
1872 2527 2161 2598 supponit;
2187 2526 2245 2581 in
2269 2527 2571 2583 Bibliorum

103 2609 192 2663 =nim
221 2614 480 2671 volumine
519 2617 604 2671 ait
634 2615 840 2670 multos
878 2614 1051 2671 libros
1083 2612 1374 2681 contineri,
1407 2612 1502 2684 qui
1530 2629 1562 2669 a
1596 2611 1819 2669 Iudaeis
1854 2614 1913 2669 in
1952 2615 2283 2671 auctoritate
2316 2630 2431 2671 non
2472 2615 2570 2671 ha-

101 2694 276 2769 lentur,
303 2705 464 2775 apud
487 2719 604 2757 uos
639 2710 828 2758 autem
852 2702 913 2757 in
953 2700 1152 2757 eadem
1179 2700 1533 2757 veneratione
1565 2710 1621 2757 et
1662 2702 2010 2770 auctoritate,
2042 2703 2183 2757 sicut
2212 2702 2410 2769 ceteri,
2440 2703 2568 2765 sint.

113 2780 210 2851 dque
231 2804 286 2843 ex
307 2791 608 2847 traditione
631 2798 689 2845 et
713 2790 1034 2861 acceptione
1071 2788 1344 2845 Ecclesiae
1371 2787 1699 2845 universalis
1723 2788 1938 2860 (Mami
1966 2789 2106 2845 Coll.
2139 2789 2309 2845 Cone.
2347 2790 2568 2845 XXIX.

101 2876 195 2927 δὴ..
220 2874 320 2941 Qua
355 2878 662 2935 traditione
689 2877 850 2933 nixus
881 2876 1072 2948 paucis
1110 2876 1270 2932 annis
1302 2884 1426 2947 post
1461 2877 1755 2949 Euqenius
1798 2878 1899 2931 IV.
1932 2892 2059 2932 cum
2094 2876 2352 2933 Patribus
2393 2879 2568 2933 Cone.

106 2958 342 3019 florentini
369 2966 424 3021 in
451 2965 684 3023 decreto
710 2963 930 3021 unionis
957 2964 1328 3021 Iacobitarum
1351 2964 1500 3019 inter
1529 2962 1733 3031 libroS‚
1760 2978 1899 3035 quos
1918 2972 2109 3037 utpote
2134 2980 2167 3019 a
2185 2964 2393 3035 Spiritu
2410 2966 2466 3019 S.
2494 2964 2573 3019 in·

103 3046 268 3104 §miratos
287 3054 520 3109 Ecclesia
551 3052 777 3125 suscipit
808 3062 865 3109 et
897 3061 1209 3123 veneratur,
1236 3065 1430 3108 omnes
1468 3049 1998 3108 deuterocanonicos
2035 3052 2313 3107 recensuit
2344 3052 2571 3123 (Labbe

104 3132 195 3187 etl.
217 3138 400 3196 concil.
423 3143 649 3197 XVIII.
687 3146 842 3209 1222)
863 3141 906 3195 ⁸.

157 3268 224 3325 15.
245 3276 619 3335 -Attamen
643 3291 769 3334 non
795 3277 1040 3333 tantum
1065 3276 1208 3333 ante
1231 3272 1581 3333 Concilium
1602 3271 2036 3332 Florentinum
2065 3270 2230 3331 haud
2263 3272 2447 3350 pauci
2479 3272 2574 3331 in-

109 3364 358 3439 ¹³rpretes‚
387 3372 554 3431 inter
584 3387 740 3448 quos
771 3370 1091 3447 praecipui
1120 3375 1266 3428 sunt
1292 3368 1475 3444 Huqo
1499 3386 1539 3427 a
1563 3369 1629 3429 S.
1666 3368 1823 3427 Caro
1853 3372 1917 3427 et
1945 3368 2229 3427 Nicotaus
2258 3368 2538 3445 Lyranus
2556 3415 2570 3439 ,

111 3455 618 3528 ·l=·uterocanonicis
649 3484 791 3527 cum
821 3466 884 3527 S.
913 3466 1282 3543 Hieronymi
1317 3464 1517 3525 Praei.
1552 3465 1619 3524 in
1649 3464 1717 3524 ll.
1752 3464 1986 3524 Salom.
2020 3468 2335 3541 negarunt
2362 3469 2572 3525 aucto-

115 3550 291 3617 ritatem
315 3562 386 3623 ad
411 3564 562 3623 fidei
589 3563 883 3641 dogmata
905 3562 1287 3623 stabilienda
1304 3607 1317 3634 ,
1361 3562 1472 3621 sed
1499 3561 1766 3621 eandem
1798 3561 2177 3621 sententiam
2206 3565 2351 3638 post
2382 3562 2566 3622 Cone.

115 3648 308 3714 Floreat.
349 3663 688 3720 tenuerunt
727 3659 908 3737 Alplt.
957 3658 1232 3719 Testatus
1279 3664 1343 3719 et
1376 3659 1443 3717 S.
1481 3660 1858 3730 Antoninus,
1904 3658 2013 3733 qui
2064 3657 2199 3717 eius
2248 3656 2573 3719 decretum

119 3744 238 3813 Ptine
259 3754 560 3830 ignorasse
597 3756 912 3827 videntur,
948 3761 1010 3816 et
1041 3752 1228 3817 θανά.
1269 3756 1616 3828 Caiatiam,
1653 3753 1761 3831 qui
1805 3754 2019 3814 omnia
2058 3753 2310 3814 decreta
2354 3772 2571 3816 secun-

122 3838 218 3901 dum
239 3847 288 3906 S.
315 3851 670 3931 Hieronymi
697 3853 1074 3913 sententiam
1105 3851 1474 3930 explicanda
1499 3868 1639 3911 esse
1670 3850 1959 3911 asseruit.

172 4002 188 4011 ”
223 4006 262 4049 S.
291 4006 502 4059 Thomas
525 4014 616 4071 Aq.
649 4008 972 4059 adversarius
993 4006 1566 4059 deuterocanonicorum
1590 4020 1620 4056 a
1646 4006 1909 4056 nonnullis
1931 4004 2341 4057 Protestantibus
2364 4006 2567 4067 dicitur,

133 4074 198 4127 {uia
215 4078 377 4135 duobus
411 4088 464 4137 in
490 4088 620 4139 locis
651 4089 764 4151 (Op.
799 4088 907 4137 VII.
940 4088 994 4137 in
1030 4086 1243 4151 Dionys.
1281 4086 1346 4136 de
1381 4088 1524 4136 Nom.
1558 4084 1663 4135 div.
1695 4099 1739 4135 c.
1770 4089 1817 4134 4.
1860 4085 1975 4135 lect.
2007 4090 2054 4135 9.
2086 4090 2139 4135 et
2176 4088 2382 4137 Summa
2412 4087 2449 4134 1.
2481 4100 2567 4149 qu.

129 4154 174 4197 ¹¹⁹·
191 4168 222 4203 ²·
241 4162 264 4205 ⁸
282 4162 337 4213 ad
357 4166 400 4229 2)
422 4166 641 4232 aliquam
665 4166 1038 4217 dubitationem
1061 4166 1125 4216 de
1151 4168 1265 4229 Sap.
1293 4169 1344 4216 et
1365 4164 1521 4214 Eccli.
1550 4164 1853 4215 auctoritate
1881 4164 2159 4228 exprimat;
2190 4168 2243 4214 at
2272 4164 2409 4227 prior
2432 4164 2572 4213 locus

129 4225 398 4294 dubitationem
427 4260 528 4297 nou
559 4246 794 4297 eontinet
818 4249 872 4296 et
897 4244 1028 4295 alter
1051 4244 1228 4295 eodem
1258 4258 1407 4294 sensu
1434 4242 1677 4307 explicari
1704 4247 1872 4307 potest
1900 4256 1959 4293 ac
1984 4243 2153 4293 debet.
2183 4244 2421 4293 Ceterum
2443 4243 2572 4291 cluo·

134 4304 287 4393 'fuistis
313 4318 424 4374 locis
457 4324 746 4391 opponendi
783 4329 905 4375 sunt
938 4325 1056 4388 plus
1091 4324 1370 4388 quinqenti
1407 4322 1496 4373 alii
1535 4336 1598 4373 ex
1636 4322 1745 4373 sola
1782 4324 1989 4373 Summa
2026 4322 2271 4380 desumi,
2304 4322 2359 4371 ln
2384 4320 2573 4385 quibus

134 4389 204 4447 ΜΡ·
226 4400 262 4443 et
280 4399 408 4453 Eceli.
441 4408 698 4471 tamquam
728 4404 928 4455 divinas
956 4405 1247 4468 Scripturas
1273 4404 1384 4453 sine
1415 4401 1524 4451 ullo
1549 4399 1882 4453 dubitationis
1909 4401 2125 4464 vestigio
2152 4400 2387 4461 adhibet3
2417 4404 2571 4465 atque

134 4466 422 4533 ‘adventatione
443 4498 557 4535 eum
581 4484 660 4534 nti
688 4484 802 4534 aliis
829 4482 974 4535 libris
1003 4483 1191 4533 docent
1218 4482 1432 4533 Indices.

189 4562 204 4590 '⁵
235 4554 436 4613 Dehuins
459 4564 645 4615 decreti
670 4563 956 4623 authentia,
983 4577 1137 4629 quam
1165 4562 1323 4627 aliqui
1349 4564 1702 4614 protestantes
1726 4559 2055 4621 addubitant,
2084 4558 2161 4610 cfr
2196 4559 2424 4612 Theiuer
2448 4561 2571 4609 Acta

138 4629 458 4701 mutuasymffl
487 4644 714 4697 Trident.
747 4642 1014 4707 zagabriae
1047 4648 1182 4695 1874.
1214 4643 1252 4691 1.
1287 4654 1334 4705 p.
1369 4646 1428 4691 79
1459 4656 1537 4707 sq.

797 4730 1049 4781 connum
1081 4732 1358 4781 conrasi).
1391 4730 1614 4780 Iurnon.
1648 4754 1710 4767 --
1743 4732 1785 4777 8.
