3050 5184
730 283 805 328 DE
848 283 1061 328 TRIBUS
1102 285 1152 330 S.
1200 286 1431 332 IOANNIS
1475 285 1752 331 Aposrou
1795 284 2114 330 Erlsrous.
2579 265 2694 328 603

154 413 299 468 bant
324 417 475 482 (219
496 429 656 487 sqq.;
682 421 775 484 ⁴‚2
804 431 889 487 sq.
921 421 975 472 9.
1012 422 1072 472 14
1104 428 1191 488 sq.
1231 423 1383 483 etc.).
1410 418 1566 486 Quae
1599 416 1788 474 omnia
1829 417 2094 484 suadent,
2135 423 2198 472 ut
2241 414 2488 472 ecclesiis
2533 415 2696 470 Asiae

154 501 323 568 Min„
356 501 553 573 quibus
572 503 813 574 praefuit
839 506 895 560 S.
930 507 1163 560 loannes
1200 503 1339 560 etin
1382 505 1583 576 quibus
1619 503 1828 560 similes
1867 503 2122 561 haereses
2170 503 2478 574 apostolica
2523 508 2702 558 aetate

156 589 528 660 pullularunt,
554 590 841 662 epistolam
868 591 1128 663 scriptam
1156 591 1409 648 dicamus
1432 592 1538 658 (cir
1565 594 1717 648 Diss.
1749 593 1874 647 Vll.
1907 595 1938 660 ς
1965 598 2060 657 7,9
2088 607 2142 662 p.
2175 597 2321 659 505).

232 678 409 732 Porro
437 693 653 733 summa
685 694 905 751 quoque
919 686 1003 735 est
1016 679 1281 752 epistolae
1300 679 1463 736 huius
1489 689 1547 734 et
1566 680 1750 752 quarti
1773 679 2054 751 Evangelii
2078 679 2350 748 allinita83
2375 677 2525 733 idem
2545 677 2699 734 enim

158 763 450 834 utriusque
482 765 669 838 scripti
701 773 788 822 est
812 765 978 836 finis,
1013 776 1075 824 ut
1100 767 1331 824 credant
1354 766 1552 824 fideles
1580 769 1765 824 Iesum
1796 782 1916 823 esse
1959 767 2245 823 Christum
2273 766 2474 822 Filium
2503 765 2608 822 Dei
2641 774 2697 820 et

154 849 451 908 credentes
470 851 641 909 vitam
654 852 897 910 habeant
912 855 971 910 in
984 855 1209 912 nomine
1228 856 1347 912 eius
1370 859 1561 922 (Ioan.
1591 861 1784 925 20,31;
1812 861 1836 910 1
1860 859 2030 924 loun,
2051 860 2230 923 5,13);
2249 852 2400 910 idem
2414 853 2700 924 utriusque

158 945 567 1010 arqumentum
580 961 601 1010 ,·
630 942 815 998 lesum
839 942 985 998 enim
1014 957 1133 1000 esse
1160 943 1439 999 Christum
1468 943 1668 1000 Filium
1695 943 1797 998 Dei
1825 943 2190 1015 Evangelium
2217 941 2478 998 historica
2501 955 2699 996 narra-

158 1025 316 1082 tione
343 1026 687 1085 demonstrat
710 1038 765 1088 et
792 1030 1022 1103 epistola
1052 1031 1203 1086 velut
1229 1030 1652 1086 tundamentum
1679 1032 1924 1102 integrae
1955 1031 2094 1086 vitae
2119 1029 2454 1086 christianae
2487 1026 2694 1083 identi-

156 1113 295 1169 dem
322 1115 565 1172 inculcat
586 1121 635 1184 (1
670 1121 835 1174 Ioan.
862 1123 991 1186 ²‚22
1023 1133 1177 1190 sqq.;
1207 1123 1303 1186 4,2
1329 1133 1451 1189 sqq.
1492 1125 1553 1174 15
1579 1133 1736 1192 sqq.;
1767 1123 1858 1186 5,5
1889 1133 2010 1190 sqq.
2046 1124 2111 1175 1⁰
2139 1121 2318 1190 sqq.);
2344 1115 2494 1172 idem
2523 1131 2692 1170 man-

158 1199 379 1257 datum
398 1220 613 1260 novum
630 1205 873 1262 caritatis
896 1205 1189 1275 fraternae,
1208 1205 1359 1278 quod
1374 1207 1734 1278 Evangelium
1759 1207 1944 1262 lesum
1959 1205 2239 1276 discipulis
2261 1205 2375 1262 suis
2398 1201 2692 1260 tradidisse

158 1290 393 1358 asserit,
422 1292 653 1362 epistola
678 1293 941 1350 continuo
970 1293 1323 1371 commendat
1349 1297 1530 1360 (ioan.
1568 1301 1754 1362 13,34;
1789 1299 1948 1362 15‚12
1973 1302 2112 1362 etc.;
2145 1301 2170 1350 1
2204 1296 2372 1348 Ioan.
2409 1297 2500 1358 2,7
2531 1306 2691 1361 sqq.;

158 1383 295 1444 3,1-‡
320 1393 443 1449 sqq.
465 1402 480 1447 ς
509 1386 603 1447 4,9
621 1396 744 1452 sqq.
768 1385 928 1449 etc.);
963 1380 1127 1438 iidem
1146 1381 1426 1437 haeretici
1446 1383 1503 1437 in
1524 1382 1820 1454 Evangelio
1841 1380 2126 1448 indirecte,
2155 1382 2212 1436 in
2234 1380 2466 1451 epistola
2487 1377 2694 1434 directe

158 1465 561 1537 impugnantur
589 1477 699 1542 etc.

232 1553 449 1622 Quibus
478 1555 705 1612 demum
740 1557 979 1624 accedit,
1010 1555 1156 1628 quod
1191 1558 1419 1628 epistola
1446 1556 1668 1614 disertis
1695 1555 1876 1613 verbis
1908 1555 1981 1612 ad
2009 1555 2366 1630 Evangeliurn
2395 1553 2690 1623 respiciat,

158 1655 299 1695 nam
321 1656 422 1696 nec
444 1645 713 1714 prooemii
738 1645 900 1700 verba
917 1687 931 1714 ,
960 1644 1158 1716 quibus
1188 1646 1481 1716 Apostolus
1509 1645 1680 1701 scilla
1708 1644 2034 1700 annuntiare
2057 1642 2280 1710 asserit,
2304 1657 2446 1714 quae
2464 1640 2534 1698 de
2553 1641 2692 1695 Ver·

158 1726 237 1782 bo
262 1728 405 1785 vitae
438 1731 675 1802 audivit,
708 1734 879 1788 oculis
918 1731 1077 1800 vidit,
1108 1732 1357 1790 manibus
1384 1735 1640 1788 tractavit
1667 1737 1715 1800 (1
1744 1736 1908 1788 Ioan.
1942 1738 2024 1800 1,1
2057 1735 2206 1802 sqq.)
2234 1738 2426 1802 aptum
2461 1742 2686 1784 sensum

160 1815 461 1886 praebent,
492 1819 594 1875 nisi
628 1820 697 1875 de
720 1819 1017 1892 Evangelio
1048 1819 1442 1891 intelligantur,
1476 1836 1654 1892 neque
1681 1820 1786 1875 alia
1805 1819 1998 1886 verba,
2028 1818 2226 1891 quibus
2253 1827 2338 1874 ter
2365 1833 2426 1874 se
2451 1815 2526 1874 ad
2563 1831 2688 1871 om-

158 1919 263 1958 nes
287 1904 524 1962 scribere
554 1908 765 1978 (γράφω)
779 1916 835 1962 et
853 1917 935 1963 ter
949 1923 1007 1963 se
1026 1906 1096 1963 ad
1125 1922 1317 1962 omnes
1338 1907 1616 1977 scripsisse
1633 1907 1860 1978 (ἔγραψα)
1882 1905 2013 1962 dicit
2036 1912 2088 1974 (1
2109 1909 2282 1962 loa-n.
2299 1911 2526 1974 2,12·14
2545 1909 2683 1978 qn),

156 1989 233 2048 de
260 1992 425 2048 unica
452 1994 555 2051 hac
581 1996 811 2067 epistola
838 1995 1099 2066 explicari
1123 2004 1379 2066 possunt,
1410 1995 1514 2050 nisi
1545 1994 1724 2051 verbis
1753 1993 1946 2050 lusisse
1971 1993 2222 2062 dicatur3
2251 1991 2470 2064 scripsit
2493 2001 2684 2048 autem

156 2079 219 2133 in
248 2081 573 2154 Evangeli0‚
604 2083 795 2138 scribit
834 2084 892 2138 in
919 2082 1176 2154 epistola,
1210 2099 1375 2156 quam
1418 2083 1714 2138 terminato
1757 2082 2056 2153 Evangelio
2091 2081 2244 2137 velut
2281 2078 2684 2153 praefationem

158 2166 397 2224 addidit.
436 2171 647 2227 Revera
676 2171 948 2243 scriptura
978 2170 1114 2226 haec
1140 2187 1252 2226 non
1280 2169 1415 2226 satis
1438 2179 1589 2226 recte
1616 2170 1842 2243 epistola
1889 2177 2138 2239 vocatur,
2181 2167 2454 2240 siquidem
2492 2166 2690 2221 inscri-

158 2255 353 2326 ptione
379 2265 433 2312 et
460 2257 703 2314 clausula
720 2258 1001 2330 epistolari
1020 2266 1189 2326 caret,
1218 2274 1397 2330 neque
1420 2259 1624 2314 rectius
1655 2257 1878 2313 homilia
1905 2258 2086 2312 vocari
2107 2265 2305 2328 potest,
2329 2270 2442 2328 quo
2465 2253 2689 2310 nomine

154 2358 250 2414 ep.
284 2343 359 2398 ad
386 2345 581 2414 Hebr.,
614 2345 699 2402 cui
728 2347 895 2402 etiam
918 2345 1199 2417 inscriptio
1228 2346 1411 2414 deest,
1441 2345 1723 2401 interdum
1750 2345 2064 2417 insignitur,
2105 2343 2203 2400 sed
2233 2351 2318 2400 est
2347 2341 2686 2398 introductio

156 2430 439 2502 quaedam
466 2435 523 2488 in
545 2434 903 2506 Evangelium
918 2476 933 2502 ,
952 2449 1061 2505 qua
1089 2433 1351 2506 dogmata
1378 2434 1435 2488 in
1456 2433 1756 2505 Evangelio
1773 2433 2030 2488 historice
2053 2432 2434 2488 demonstrata
2455 2437 2514 2486 et
2532 2443 2688 2498 prae-

159 2529 357 2591 cepta,
390 2537 529 2592 quae
557 2523 857 2578 Dominum
885 2520 1100 2578 dedisse
1123 2523 1181 2577 in
1205 2521 1502 2593 Evangelio
1531 2521 1747 2590 retulit,
1778 2519 2074 2576 lectoribus
2095 2518 2578 2575 commendantur.

238 2695 301 2752 3.
334 2725 413 2734 --
440 2691 542 2750 111.
586 2693 674 2751 Dr:
712 2692 743 2750 1
787 2691 1030 2750 Iomms
1073 2706 1393 2751 srisroms
1443 2705 1810 2750 ARGUMENTO
1849 2705 1925 2748 Εἰ·
1968 2703 2388 2749 merom-noun.
2435 2685 2687 2745 Praeci-

152 2805 359 2868 puum
385 2788 611 2864 dogma
639 2787 705 2846 in
728 2786 1065 2864 Evangelio
1087 2790 1420 2846 tractatum
1455 2790 1552 2846 est
1590 2785 1884 2845 divinitas
1922 2784 2174 2845 Domini
2217 2785 2314 2856 N.‚
2350 2781 2691 2860 praecipua

150 2888 529 2964 praecepta,
563 2899 723 2961 quae
753 2883 1293 2954 commendantur,
1328 2887 1471 2942 sunt
1496 2899 1673 2942 amor
1705 2881 1819 2942 Dei
1851 2886 1915 2941 et
1938 2880 2207 2957 proximi
2245 2883 2436 2957 atque
2471 2877 2690 2937 odium

152 2979 385 3041 mundi
412 2997 427 3039 ε
455 2978 609 3039 haec
636 2978 757 3038 tria
780 2979 971 3038 etiam
992 2995 1313 3038 summum
1334 2982 1774 3056 argumentum
1804 2977 2106 3056 epistolae
2135 2976 2554 3046 constituunt,
2579 2972 2691 3034 sed

148 3076 455 3138 liberiore
494 3076 683 3135 modo
716 3078 1080 3146 tractantur,
1114 3075 1202 3135 ita
1238 3079 1307 3135 ut
1344 3080 1561 3135 auctor
1597 3075 1676 3134 ab
1707 3091 1830 3134 uno
1872 3073 1950 3134 ad
1991 3073 2259 3133 alterum
2310 3075 2591 3130 transeat
2628 3075 2691 3130 et

145 3174 231 3235 ad
264 3190 368 3243 ea,
405 3189 564 3248 quae
604 3171 730 3230 iam
764 3174 1168 3244 tractaverat,
1204 3170 1433 3231 iterum
1458 3174 1825 3231 revertatur.
1871 3171 2024 3230 Vera
2064 3168 2256 3245 igitur
2294 3166 2519 3227 divisio
2563 3168 2693 3244 epi-

146 3271 353 3330 stolae
384 3267 655 3327 indicari·
676 3285 801 3326 non
824 3271 1061 3345 potest,
1086 3266 1493 3328 nihilominus
1518 3271 1645 3326 tres
1676 3269 1884 3346 partes
1914 3264 2300 3342 distinguere
2334 3263 2505 3334 licet,
2533 3279 2689 3341 quae

146 3364 439 3444 singulae
470 3363 547 3422 ad
579 3364 1004 3441 evangelicam
1034 3364 1408 3424 sententiam
1436 3363 1718 3423 alludere
1748 3378 2012 3440 eamque
2037 3376 2348 3438 exponere
2373 3359 2684 3419 videntur.

223 3481 295 3536 In
323 3479 570 3534 emordio
589 3477 891 3548 Apostolus
910 3477 1269 3553 Evangelium
1290 3492 1419 3532 cum
1436 3476 1666 3548 epistola
1691 3473 2078 3547 transmissum
2103 3470 2457 3528 commendat
2475 3477 2684 3540 (1,1-4,·.

220 3570 291 3624 In
314 3569 520 3640 prima
538 3571 718 3639 parce
743 3569 1038 3634 (1‚5-2‚29)
1064 3563 1133 3620 ad
1164 3562 1476 3619 doctrinam
1510 3583 1534 3614 ι
1559 3567 1738 3617 Deum
1765 3577 1886 3618 esse
1911 3559 2102 3618 lucem
2127 3583 2153 3612 a·
2199 3565 2387 3628 (Ioan.
2423 3566 2512 3628 1‚4
2543 3566 2684 3630 sqq.j

140 3670 465 3730 provocans
491 3658 625 3724 (1,5)
650 3652 812 3709 nobis
834 3653 891 3709 in
916 3653 1039 3708 luce
1066 3651 1463 3708 ambulandum
1490 3665 1610 3706 esse
1637 3649 1827 3719 docet,
1865 3657 1928 3705 ut
1963 3664 2092 3704 cum
2127 3650 2248 3704 Deo
2285 3647 2687 3718 coniungamur

142 3747 392 3814 (1,6.⁷);
422 3743 607 3814 itaque
636 3757 669 3797 a
698 3741 935 3812 peccatis
961 3756 1081 3796 esse
1106 3738 1495 3796 abstinendum
1523 3743 1782 3807 (1,6-2,o)
1811 3747 1868 3794 et
1903 3753 2111 3794 novum
2143 3736 2384 3792 caritatis
2422 3749 2684 3806 praecep-

142 3841 271 3890 tum
300 3828 735 3897 observandum,
768 3844 880 3900 quo
908 3828 1261 3894 diiudicetur,
1292 3842 1426 3882 num
1463 3827 1586 3898 quis
1622 3827 1680 3882 in
1711 3827 1833 3882 luce
1861 3825 2108 3882 ambulet
2136 3827 2401 3892 (2,7-11);
2447 3821 2559 3876 duo
2589 3837 2688 3876 au-

142 3930 263 3976 tem
302 3918 433 3974 vitia
469 3916 703 3984 indicat,
747 3915 947 3988 quibus
985 3915 1266 3983 homines,
1299 3915 1598 3985 quominus
1635 3914 1693 3969 in
1732 3914 1854 3970 luce
1891 3913 2203 3980 ambulent,
2246 3909 2485 3965 maxime
2515 3909 2688 3980 impe-

142 4009 396 4072 diantur,
446 4019 695 4060 amorem
737 4002 930 4060 mundi
977 4011 1034 4059 et
1082 4003 1479 4059 commercium
1516 4018 1646 4058 cum
1679 4001 1970 4057 haereticis
2014 4000 2198 4054 Iesum
2241 4013 2360 4052 esse
2407 3997 2686 4052 Christum

140 4092 479 4166 negantibus
506 4097 791 4160 (ziz-29).

216 4185 285 4238 ln
316 4181 517 4238 altera
546 4188 725 4252 parte
755 4185 1015 4248 (3,i-4,6)
1054 4177 1125 4235 ad
1161 4178 1499 4246 doctrinam,
1539 4199 1565 4228 α
1595 4178 1890 4232 credentes
1920 4176 1984 4228 in
2015 4173 2325 4230 Christum
2367 4171 2532 4243 filios
2577 4174 2688 4227 Dei

142 4271 282 4342 fieri
308 4289 335 4322 ι
364 4273 552 4335 (loan.
588 4273 731 4337 1,12)
759 4283 1065 4340 provocans
1094 4271 1229 4336 (aa.
1252 4271 1303 4332 2)
1335 4266 1407 4322 ad
1435 4266 1785 4322 sanctitatem
1813 4261 2192 4318 anhelandum
2217 4276 2337 4316 esse
2366 4260 2530 4315 docet
2557 4260 2688 4316 vita·

144 4360 216 4416 tis
252 4357 523 4430 peceatiS,
556 4357 757 4427 quibus
784 4356 953 4412 homo
981 4355 1127 4412 filius
1157 4353 1363 4410 diaboli
1392 4355 1762 4409 constituatur
1791 4355 2047 4418 (3,3-10);
2071 4350 2360 4405 caritatem
2389 4347 2556 4420 igitur
2577 4348 2684 4404 sra-

145 4457 405 4514 ternam,
430 4459 571 4517 quae
610 4459 641 4498 a
684 4443 813 4498 filiis
852 4441 1058 4499 diaboli
1101 4444 1351 4514 ignorata
1400 4441 1636 4512 optimos
1677 4439 1871 4494 afferat
1911 4436 2121 4492 fructus
2168 4452 2286 4491 esse
2321 4433 2685 4491 exercendam

150 4539 419 4601 <zai-22)
443 4541 613 4604 atque
638 4531 979 4588 credendum
1005 4531 1059 4587 in
1091 4531 1275 4586 Iesum
1304 4529 1501 4606 Filium
1530 4529 1632 4583 Dei
1649 4571 1662 4596 ,
1686 4525 1955 4598 siquidem
1984 4525 2056 4594 is,
2081 4525 2175 4598 qui
2199 4526 2382 4580 Iesum
2407 4523 2684 4579 Christum

140 4627 207 4682 in
236 4638 404 4680 carne
434 4622 645 4678 venisse
674 4619 1019 4686 confiteatur,
1050 4634 1116 4673 ex
1147 4621 1265 4673 Deo
1293 4617 1361 4672 sit
1388 4619 1695 4684 (3,23-4,6).
