3050 5184
782 312 857 356 nn
898 311 1259 356 rsAfflonuu
1298 310 1374 353 m·
1412 310 1727 357 rsa-rann
1771 314 2034 361 omerus.
2581 300 2690 357 321

138 452 227 511 (c.
246 450 383 518 App.
404 451 449 503 Ι.
474 452 529 514 8)
548 446 879 501 psalterium
896 442 1009 499 illis
1028 442 1185 499 libris
1202 441 1556 509 adnumeret,
1581 444 1782 517 quibus
1799 447 1932 503 inde
1949 448 2020 505 ab
2043 449 2362 505 Artaxerxis
2383 450 2428 503 Ι.
2447 457 2698 518 tempore

134 534 335 589 nullus
360 534 603 592 Iudaeus
632 532 939 605 quidquam
978 530 1184 587 addere
1220 530 1294 585 sit
1330 533 1536 586 ausus?
1565 532 1644 599 b.)
1687 534 1938 591 Exeunte
1975 552 2119 592 saec.
2167 544 2218 593 3.
2262 536 2346 591 vel
2386 542 2612 591 ineunte
2639 538 2690 589 2.

134 635 319 691 saec„
350 639 485 695 ergo
510 630 638 678 ante
666 620 1135 677 Machabaeorum
1170 627 1439 683 aetatem,
1472 618 1618 675 sacta
1657 629 1741 677 est
1775 638 1972 694 graeca
2009 624 2264 681 psalterii
2304 624 2512 693 versio;
2591 638 2694 678 uo-

136 708 319 765 modo
347 710 551 767 iterum
574 708 909 781 probabunt,
945 707 1075 764 huic
1098 707 1337 763 versioni
1371 722 1517 763 nova
1543 709 1790 765 carmina
1817 726 1935 767 esse
1971 712 2178 769 inserta
2203 722 2260 768 et
2286 712 2470 769 addita
2499 640 2696 769 eotaem

136 798 367 867 ordine,
408 814 520 871 quo
558 796 855 853 hebraicae
884 795 1196 853 collectioni
1241 793 1431 851 addita
1472 794 1557 851 vel
1584 796 1786 853 inserta
1819 798 2116 857 dicuntur?
2138 805 2212 869 c.)
2251 802 2308 857 Si
2339 801 2515 856 maior
2537 800 2694 857 Psal-

137 902 371 942 morum
411 900 567 957 pars,
614 886 697 942 uti
750 885 945 940 volunt
994 883 1399 951 rationalistae,
1449 892 1700 955 tempore
1751 887 2112 945 machabaico
2159 898 2246 945 est
2287 898 2506 957 exorta,
2553 904 2694 960 quo-

138 972 319 1028 modo
349 973 555 1030 factum
585 982 689 1043 est,
721 981 783 1027 ut
810 972 919 1029 illis
942 972 1093 1027 tituli
1118 972 1227 1027 sint
1255 970 1502 1043 praefixi,
1537 989 1677 1045 quos
1697 990 1893 1031 corum
1922 977 2226 1051 aequales,
2248 993 2323 1033 sc.
2351 976 2694 1033 alexandrini

138 1061 503 1133 interpreteS,
534 1062 651 1118 iam
675 1076 791 1118 non
818 1060 1053 1132 amplius
1075 1059 1503 1116 intellexerunt?
1531 1061 1618 1127 d.)
1641 1064 1724 1117 Ex
1756 1063 1978 1135 linguae
1999 1066 2238 1136 puritate
2264 1066 2347 1121 vel
2377 1066 2695 1135 impuritate

139 1158 386 1205 aetatem
414 1149 683 1206 librorum
711 1164 998 1206 sacrorum
1026 1148 1257 1205 delinire
1285 1148 1467 1205 solent
1494 1150 1904 1220 rationalistae;
1938 1151 2222 1225 quomodo
2251 1154 2420 1225 igitur
2448 1154 2696 1208 omnium

144 1238 500 1295 Psalmorum
518 1254 717 1311 puram
746 1238 991 1310 linguam
1012 1236 1307 1307 explicant,
1338 1237 1385 1291 si
1401 1237 1564 1292 multi
1590 1254 1660 1294 eo
1683 1248 1936 1311 tempore
1963 1250 2094 1297 sunt
2117 1242 2434 1313 conscripti,
2467 1257 2576 1313 quo
2591 1241 2695 1297 lin·

138 1341 311 1399 guam
341 1325 661 1382 hebraicam
689 1324 1163 1396 corruptissimam
1188 1322 1354 1379 fuisse
1378 1328 1632 1380 constat?

228 1472 284 1529 4.
334 1503 417 1512 —
466 1470 677 1529 Psalm
690 1486 858 1529 orum
910 1466 1250 1527 collectioni
1307 1466 1572 1526 Esdram
1631 1468 1920 1529 ultimam
1968 1486 2222 1530 manum
2272 1470 2688 1549 imposuisse,

142 1566 599 1643 plerorumque
628 1566 883 1625 Patrum
913 1566 1009 1624 est
1038 1563 1377 1634 sententia,
1402 1564 1503 1623 cui
1533 1562 1744 1625 favent
1771 1564 1962 1625 Iudae
1989 1566 2188 1627 Mach.
2211 1566 2272 1645 (2
2305 1568 2500 1627 Mach.
2525 1565 2691 1646 213)

145 1667 213 1721 et
234 1663 331 1723 ΡΙ.
378 1662 631 1742 Iosephi
666 1660 741 1741 (c.
784 1663 947 1739 App.
990 1660 1037 1721 1.
1076 1658 1137 1739 8)
1168 1660 1553 1719 testimonia.
1588 1661 1652 1720 Si
1691 1666 1905 1722 autem
1945 1662 2011 1721 in
2041 1664 2322 1741 quinque
2351 1664 2718 1733 librorum‚.

144 1760 255 1836 qui
290 1759 569 1820 totidem
604 1762 751 1819 sunt
784 1756 1189 1818 collectiones
1229 1756 1548 1825 diversae,
1594 1757 1904 1834 originem
1942 1759 2304 1836 inquiritur,
2355 1760 2692 1821 dicendum

142 1856 415 1926 videtur,
433 1853 698 1935 primum
730 1853 948 1913 librum
977 1850 1104 1932 (Ps.
1140 1849 1355 1929 1.-40.)
1380 1870 1415 1911 a
1440 1852 1670 1912 Davide
1693 1854 1832 1931 ipso
1866 1854 1931 1913 in
1959 1854 2324 1933 liturgicum
2348 1874 2532 1916 usum
2553 1874 2690 1917 esse

142 1952 517 2023 collectum,
541 1952 805 2011 alterum
838 1948 1132 2029 (ἂι-71.)
1155 1949 1398 2026 privato
1430 1950 1574 2009 usui
1606 1949 1993 2010 destinatum
2019 1956 2220 2012 aetate
2239 1952 2536 2013 Ezechiae
2566 1970 2691 2012 non

144 2066 283 2109 esse
316 2049 768 2122 recentiorem,
804 2050 1049 2107 tertium
1092 2042 1381 2123 cia-88.)
1410 2044 1572 2105 sorte
1615 2069 1644 2101 «
1686 2046 1836 2105 viris
1869 2048 2172 2108 Ezechiae
2206 2072 2235 2102 »
2276 2048 2403 2108 illis
2441 2049 2688 2121 deberi,

142 2147 250 2221 qui
276 2144 772 2205 Proverbiorum
804 2159 1053 2221 quoque
1074 2146 1321 2219 partem
1340 2141 1759 2219 collegerunt,
1783 2150 2066 2220 quartum
2099 2142 2406 2224 (sa-105)
2429 2145 2692 2206 demum

142 2248 207 2301 et
232 2246 521 2320 quint-um
556 2240 924 2325 (ma-150.)
958 2238 1180 2299 exsilio
1210 2256 1348 2299 esse
1387 2239 1774 2299 recentiores
1801 2245 1990 2319 atque
2019 2240 2084 2299 in
2114 2241 2478 2319 liturgicum
2507 2260 2691 2303 usum

141 2340 471 2399 collectos.
972 2414 976 2419 ἰ

214 2441 453 2498 Esdram
490 2440 737 2508 carmina
784 2440 1027 2511 dispersa
1070 2438 1355 2510 collegisse
1392 2446 1475 2507 et,
1508 2446 1676 2509 prout
1711 2439 1770 2493 in
1807 2455 2008 2496 manus
2044 2441 2326 2510 venerint,
2355 2441 2416 2497 in
2452 2443 2694 2514 quinque

140 2530 397 2586 Psalterii
426 2528 581 2585 libris
608 2527 945 2599 disposuisse
966 2526 1199 2582 tradunt
1227 2528 1532 2597 Oriqenes,
1563 2526 1620 2582 S.
1653 2526 1962 2596 Hilarius,
1995 2528 2054 2583 S.
2087 2528 2462 2584 Athanasius
2479 2572 2492 2596 ,
2519 2533 2694 2585 Euse-

142 2618 303 2682 bius,
330 2618 389 2673 S.
428 2617 821 2687 Hieronymus
849 2615 1049 2687 aliique
1076 2617 1290 2669 PatreS.
1328 2616 1449 2669 Iam
1476 2629 1608 2669 vero
1629 2615 1826 2685 primi
1861 2615 2008 2671 libri
2034 2617 2282 2671 carmina
2311 2616 2494 2672 omnia
2523 2618 2694 2671 Davi-

139 2705 273 2761 dem
296 2703 510 2761 habcnt
536 2712 821 2761 auctorem
844 2704 1138 2774 Deumque
1167 2716 1384 2771 semper
1406 2701 1691 2771 appellant
1712 2702 1914 2769 Iahve,·
1939 2701 2066 2758 ideo
2091 2719 2154 2757 ea
2181 2718 2212 2758 a
2243 2702 2475 2771 Davide,
2505 2720 2696 2760 sacrae

139 2793 387 2849 musicae
406 2791 725 2847 institutore
748 2790 799 2863 (2
820 2794 965 2845 Par.
998 2795 1205 2859 2935),
1234 2788 1461 2844 collecta
1484 2804 1605 2844 esse
1634 2788 1990 2857 arbitramur,
2016 2798 2080 2844 ut
2101 2788 2172 2845 ad
2200 2791 2695 2846 instrumentorum

140 2888 480 2935 concentum
523 2879 583 2935 in
626 2876 849 2949 liturgia
892 2876 1341 2933 decantarentur.
1392 2875 1692 2931 Secundus
1737 2877 2032 2933 inchoatur
2074 2877 2408 2935 carminibus
2451 2878 2696 2933 filiorum

140 2970 313 3034 Core,
344 2966 491 3022 inter
520 2981 663 3037 quae
690 2965 963 3021 nonnulla
990 2973 1173 3021 aetate
1198 2963 1427 3019 Davidis
1448 2966 1758 3019 recentiora
1774 3003 1790 3029 ,
1821 2965 2154 3021 terminatur
2181 2966 2426 3020 carmine
2451 2965 2694 3021 salomo-

140 3057 299 3118 nic0,
333 3053 583 3110 continet
626 3068 803 3109 unum
844 3052 1169 3123 asaphicum
1210 3060 1267 3107 et
1306 3051 1490 3121 aliqua
1535 3049 1814 3118 davidica,
1847 3054 2176 3124 plerumque
2217 3052 2446 3109 adhibet
2489 3068 2696 3108 nomen

138 3143 404 3208 ΕἰοΙιίηι,
433 3140 634 3213 repetit
660 3156 835 3197 unum
866 3140 1024 3211 primi
1054 3139 1183 3195 libri
1208 3154 1436 3195 carmen
1464 3142 1579 3206 (Ps.
1617 3147 1701 3195 13.
1735 3148 1792 3194 et
1811 3138 1954 3210 52.);
1987 3156 2017 3195 a
2041 3138 2256 3195 Davide
2283 3138 2452 3212 igitur
2471 3156 2588 3196 non
2614 3150 2699 3197 est

138 3230 412 3287 collectus
439 3244 543 3284 nec
578 3228 839 3300 liturgiae
866 3227 1201 3295 destinatus3
1234 3226 1507 3282 Ezechiae
1550 3235 1736 3282 autem
1774 3236 1954 3282 aetate
1995 3227 2202 3282 librum
2231 3226 2380 3282 hunc
2421 3242 2536 3283 non
2579 3244 2696 3284 esse

138 3318 516 3373 recentiorem
544 3315 797 3383 dicimus,
823 3315 953 3387 quia
981 3315 1201 3370 nullum
1224 3331 1291 3369 ex
1320 3315 1437 3369 eius
1466 3313 1805 3370 carminibus
1833 3314 1904 3369 ad
1930 3315 2200 3369 Ezechiae
2227 3321 2450 3385 tempus
2473 3314 2697 3372 descen·

137 3406 237 3463 dit.
284 3407 352 3461 ln
393 3406 571 3461 tertio
602 3412 819 3475 practer
848 3418 1022 3457 unum
1050 3402 1232 3457 solum
1260 3400 1582 3457 davidicum
1619 3410 1786 3472 atque
1816 3403 2060 3473 quinque
2097 3402 2412 3458 Coritarum
2447 3403 2699 3460 Psalmos

136 3492 457 3549 invenimus
480 3490 754 3547 undecim
784 3490 1130 3563 asaplticos,·
1156 3490 1310 3561 atqui
1340 3509 1363 3539 α
1392 3489 1657 3544 Ezechias
1686 3498 1742 3544 et
1768 3489 2041 3559 principes
2068 3489 2249 3545 levitis
2275 3501 2695 3561 praeceperunt,

138 3590 203 3635 ut
224 3578 527 3635 laudarent
553 3579 855 3635 Dominum
885 3577 1232 3633 sermonibus
1271 3576 1452 3631 David
1491 3584 1548 3633 ec
1590 3575 1798 3648 Asaph
1841 3576 2110 3633 Videntis
2149 3596 2174 3628 n
2211 3577 2265 3651 (2
2291 3580 2438 3633 Par.
2479 3583 2694 3649 29,30);

136 3666 293 3725 unde
314 3666 596 3722 sufficiens
614 3665 885 3722 habemus
914 3664 1339 3721 fundamentum
1362 3662 1710 3731 conficiendi,
1743 3684 1768 3714 «ι
1801 3663 1945 3719 viros
1970 3664 2242 3721 Ezechiae
2267 3686 2294 3717 υ
2323 3669 2512 3734 (Prov.
2544 3666 2692 3734 25,1)

137 3754 407 3825 asaphica
432 3754 683 3811 carmina
720 3752 1006 3826 collegisse
1036 3762 1091 3808 et
1128 3751 1403 3825 prioribus
1448 3751 1866 3808 collectionibus
1913 3750 2206 3819 adiecisse;
2241 3754 2374 3824 quin
2409 3755 2604 3817 etiam,
2634 3762 2698 3809 ut

137 3858 305 3899 suam
344 3842 731 3898 collectionem
760 3857 791 3897 a
820 3840 1097 3913 prioribus
1138 3839 1542 3907 discernerent,
1577 3838 1928 3909 praecedenti
1959 3838 2294 3895 addiderunt
2339 3840 2645 3895 clausulam
2677 3861 2690 3895 ε

142 3953 169 3981 «ι
204 3929 533 3985 defecerunt
570 3928 763 4002 hymni
802 3928 984 3985 David
1026 3928 1127 3983 filii
1170 3930 1319 3983 Iesse
1362 3948 1389 3978 »
1436 3929 1546 3993 (Ps.
1593 3932 1799 3993 7120).
1847 3928 2075 3999 Quarti
2103 3936 2158 3983 et
2185 3928 2382 4000 quinti
2427 3927 2696 3982 librorum

138 4017 395 4073 carmina
426 4016 607 4073 multa
636 4026 888 4089 tempore
912 4016 1085 4071 exsilii
1114 4026 1209 4072 aut
1238 4024 1361 4087 post
1386 4014 1640 4071 exsilium
1665 4024 1792 4070 sunt
1823 4022 2046 4083 exorta;
2077 4029 2272 4071 eorum
2297 4014 2467 4086 igitur
2489 4014 2692 4070 collec-

136 4106 324 4161 tiones
349 4114 480 4160 sunt
506 4106 871 4172 recentioreS,
903 4112 959 4159 et
986 4102 1249 4175 quoniam
1277 4103 1457 4158 solum
1490 4102 1604 4157 sere
1629 4118 1834 4159 nomen
1861 4101 2044 4157 Ialwe
2070 4099 2384 4169 adhibetur,
2415 4115 2506 4155 eas
2531 4099 2693 4157 litur-

138 4192 248 4267 gici
276 4208 413 4247 usus
440 4207 606 4249 causa
636 4207 755 4247 esse
782 4190 953 4247 factas
978 4190 1317 4246 coniicimuS.

212 4279 403 4337 Exsilii
429 4288 619 4336 autem
646 4289 924 4351 tempore,
958 4294 1130 4351 quum
1160 4279 1343 4335 cultus
1367 4277 1622 4350 publicus
1651 4286 1945 4348 cessasset,
1976 4276 2183 4333 Psalmi
2212 4291 2405 4331 omnes
2422 4290 2538 4330 non
2563 4284 2691 4331 tan-

136 4380 261 4427 tum
302 4384 508 4440 magno
550 4366 923 4438 corruptionis
956 4366 1200 4437 periculo
1240 4373 1400 4421 erant
1443 4365 1703 4436 expositi,
1730 4364 1828 4420 sed
1871 4368 2122 4421 exsulum
2167 4377 2417 4434 quoque,
2454 4378 2692 4434 quorum

134 4456 497 4528 quotidianae
520 4464 681 4510 erant
707 4470 928 4527 preces,
988 4453 1406 4510 necessitatibus
1436 4461 1566 4508 sunt
1592 4452 1839 4523 adaptati
1867 4451 2148 4508 versiculis
2177 4449 2379 4507 additis
2409 4451 2492 4507 vel
2521 4452 2689 4508 inser·

134 4546 227 4601 tiz.
267 4541 416 4613 Quin
447 4541 683 4613 Esdra8,
719 4558 892 4615 quum
925 4558 1021 4598 eos
1057 4542 1363 4614 colligeret,
1386 4540 1455 4596 iis
1486 4540 1862 4612 expurgandis
1901 4538 2385 4611 additionibusque
2427 4538 2690 4597 indebitis

134 4630 491 4689 removendis
518 4646 711 4687 curam
739 4630 1093 4703 impenderit,
1126 4629 1355 4686 dubium
1387 4627 1614 4702 quidem
1651 4643 1764 4683 non
1793 4635 1905 4695 est;
1946 4627 2304 4683 nihilominus
2337 4627 2396 4682 in
2433 4628 2688 4699 genuinis

898 4728 1151 4777 Consum
1186 4726 1461 4776 Ooxrnnn.
1495 4726 1721 4773 Iurnon.
1759 4750 1817 4761 -
1850 4728 1926 4774 21.
