3050 5184
706 312 779 356 os
820 309 1051 354 suanus
1090 309 1391 354 srrs‘rous
1430 310 1489 352 Β.
1535 310 1713 354 parm
1756 309 2059 357 Arosrom.
2527 292 2636 352 591

150 443 512 522 dignabatur,
546 443 823 522 primum
854 443 1065 504 locum
1094 459 1345 519 semper
1372 442 1602 502 tenuit.
1628 443 1970 518 supremus
2002 441 2200 502 totius
2230 441 2438 518 gregis
2477 439 2646 500 Chri-

149 541 216 598 sti
239 545 439 618 pastor
466 540 849 601 constitutus
872 538 1241 599 immediate
1269 543 1414 616 post
1446 538 1701 598 Domini
1733 538 2170 598 ascensionem
2199 537 2548 615 primatum
2577 535 2642 592 in

149 639 323 695 totam
340 636 685 698 Ecclesiam
705 652 991 696 exercere
1012 635 1241 712 coepit,
1260 637 1445 712 atque
1466 634 1745 712 primum
1767 635 2028 712 quidem
2043 632 2474 712 lerosolymiS,
2497 630 2646 690 inde

147 733 213 790 ab
237 749 287 790 a.
318 736 413 792 42.
446 735 681 795 Romae
713 747 1009 810 supremo
1034 748 1149 792 suo
1178 748 1439 792 munere
1466 730 1716 792 functus
1747 735 1874 804 est,
1907 747 2107 808 usque
2138 730 2292 791 dum
2321 747 2377 789 a.
2403 729 2506 789 67.
2537 743 2647 786 eo·-

148 828 273 887 dem
299 827 430 900 die,
466 847 589 906 quo
618 829 679 889 S.
712 827 942 889 Paulus
961 875 975 902 ,
998 828 1194 888 vitam
1222 828 1497 905 glorioso
1526 827 1826 904 martyrio
1857 827 2205 898 coronavit;
2230 827 2461 886 Romae
2495 839 2646 902 quo-

147 942 253 1000 que
280 924 432 985 duas
459 943 599 986 suas
632 925 929 1004 epistolas
957 923 1231 1001 scripsit.

202 1037 343 1106 Quae
366 1038 424 1092 in
446 1037 754 1110 Evangeliis
784 1035 853 1093 de
876 1038 938 1092 B.
964 1039 1131 1092 Petro
1158 1044 1476 1105 narrantur,
1504 1035 1613 1092 hoc
1643 1035 1764 1096 loco
1783 1036 2043 1106 'repetere
2075 1050 2214 1107 opus
2235 1050 2356 1091 non
2383 1041 2494 1101 est,
2517 1032 2646 1103 quia

142 1123 281 1196 longe
298 1125 559 1196 pleraque
587 1124 717 1182 alibi
736 1125 854 1180 iam
868 1123 1180 1196 attigimus;
1203 1121 1499 1179 duodecim
1526 1123 1706 1193 prima
1729 1127 1976 1179 Actuum
1991 1122 2175 1194 capita
2199 1123 2419 1193 integra
2449 1118 2564 1175 fere
2579 1117 2648 1174 de

140 1226 195 1266 eo
211 1221 373 1283 agunt
390 1214 617 1284 eiusque
642 1213 836 1268 merita
856 1211 912 1266 in
940 1209 1236 1268 fundandis
1250 1218 1307 1266 et
1324 1209 1720 1266 confirmandis
1745 1209 1992 1266 ecclesiis
2011 1207 2526 1266 iudaeochristianis
2548 1209 2648 1262 Pa·

141 1298 381 1356 laestinae
422 1308 479 1360 et
500 1299 558 1355 in
588 1297 961 1356 fundamentis
1007 1298 1365 1354 ecclesiarum
1393 1297 2048 1354 ethnicochristianarum
2091 1295 2356 1354 iaciendis
2391 1303 2642 1350 narrant.

138 1385 260 1442 Cum
285 1387 559 1458 plerisque
585 1387 873 1444 catholicis
902 1385 1263 1456 scriptoribus
1292 1401 1391 1457 pro
1428 1395 1583 1442 certo
1621 1384 1992 1453 admittimus,
2025 1385 2329 1456 principem
2358 1382 2648 1454 Apostolo-

140 1488 245 1528 rum
267 1489 315 1530 a.
347 1479 434 1530 42.
470 1477 708 1531 Romam
734 1475 969 1544 venisse,
1001 1488 1295 1530 romanam
1318 1472 1608 1530 ecclesiam
1631 1471 1890 1529 fundasse
1905 1515 1919 1538 ,
1953 1487 2187 1544 eamque
2212 1487 2385 1544 usque
2413 1469 2484 1526 ad
2508 1469 2650 1526 vitae

140 1559 285 1615 [inem
307 1561 658 1632 gubernasse.
692 1561 883 1632 Neque
915 1571 1099 1618 tamen
1134 1561 1213 1616 ita
1238 1561 1455 1616 Romae
1483 1576 1613 1616 eum
1641 1559 1955 1616 consedisse
1987 1559 2252 1628 dicimuS,
2283 1567 2346 1613 ut
2369 1558 2527 1614 novis
2552 1556 2648 1612 iti-

138 1647 342 1703 neribus
372 1648 691 1720 apostolieis
724 1647 1087 1720 Evangelium
1110 1647 1234 1702 aliis
1260 1645 1319 1702 in
1348 1648 1509 1703 terris
1539 1663 1845 1720 propagare
1873 1647 2146 1715 omiserit3
2187 1645 2274 1703 bis
2301 1645 2501 1702 saltem
2526 1651 2651 1715 post

139 1748 181 1788 a.
206 1741 290 1791 42.
310 1751 441 1791 eum
470 1735 822 1808 lerosolymis
846 1733 1016 1790 fuisse
1038 1741 1275 1790 testatur
1296 1735 1355 1792 S.
1380 1735 1560 1790 Lucas
1585 1735 1656 1806 (a.
1683 1740 1773 1791 44.
1806 1742 1863 1790 et
1888 1750 1942 1802 a.
1967 1739 2052 1790 51.
2083 1733 2167 1790 cfr
2187 1734 2316 1788 Act.
2347 1739 2468 1800 12,1
2499 1747 2646 1804 sqq.;

141 1826 243 1887 15,1
272 1824 451 1894 sqq.);
493 1821 833 1894 aliquamdiu
862 1837 994 1878 eum
1025 1821 1352 1878 Antiochiae
1380 1831 1788 1878 commoratum
1817 1837 1938 1878 esse
1973 1820 2144 1878 refert
2169 1823 2226 1876 S.
2255 1819 2462 1876 Paulus
2498 1819 2646 1890 (Gal.

138 1913 295 1978 2,11);
332 1925 465 1966 eum
496 1909 748 1966 Corinthi
774 1909 944 1966 fuisse
983 1918 1038 1964 et
1064 1907 1317 1965 docuisse
1353 1910 1551 1966 asserit
1581 1910 1638 1966 S.
1673 1911 1984 1978 Dionysius
2017 1910 2149 1966 Cor.
2183 1909 2332 1975 (Eus.
2365 1908 2438 1962 H.
2474 1908 2537 1962 Ε.
2571 1907 2643 1960 ΙΙ.

138 1999 210 2060 25)
236 1998 611 2052 consentiente
637 2000 695 2053 S.
732 1996 1022 2052 Clemente
1048 2001 1214 2051 Rom.
1246 2001 1293 2063 (ι
1326 1997 1455 2052 Cor.
1498 2000 1621 2064 47),
1659 1997 1766 2052 alia
1801 2012 2022 2068 quoque
2059 1995 2254 2052 itinera
2291 2010 2417 2050 eum
2461 1991 2650 2048 fecisse

137 2083 425 2155 colligimus
448 2099 515 2139 ex
542 2085 669 2140 Gal.
701 2089 753 2152 2,
784 2090 817 2138 8
840 2091 897 2138 et
929 2090 954 2139 1
990 2084 1126 2139 Cor.
1158 2089 1271 2150 9,5.

196 2169 483 2238 Quaeritur
506 2179 712 2240 autem,
742 2185 878 2226 num
907 2171 1074 2226 etiam
1103 2171 1165 2226 in
1191 2172 1461 2238 Pontum,
1492 2169 1800 2236 Galatiam,
1831 2167 2264 2240 Cappadociam,
2303 2166 2522 2232 Asiam,
2558 2166 2646 2219 Bi-

136 2255 396 2329 thyniam,
432 2273 667 2330 quarum
695 2257 1105 2330 provinciarum
1125 2257 1317 2313 incolis
1345 2273 1473 2312 suas
1500 2257 1761 2329 epistolas
1794 2256 2012 2327 scripsit
2044 2260 2089 2322 (1
2127 2261 2280 2312 Petr.
2323 2257 2448 2322 1,1),
2482 2267 2649 2323 expc-

140 2341 385 2402 ditionem
404 2344 768 2417 apostolicam
790 2345 1109 2414 instituerit,
1130 2343 1189 2400 id
1208 2343 1357 2417 quod
1378 2353 1502 2415 post
1522 2345 1820 2417 origenem
1839 2343 2009 2415 aliqui
2039 2351 2251 2399 veteres
2277 2339 2646 2405 tradiderunt,

138 2440 185 2486 et
204 2447 332 2488 num
364 2432 650 2504 Babylone
680 2433 741 2488 in
773 2433 1172 2505 Mesopotamia
1204 2430 1485 2488 resederit
1503 2430 1742 2504 indeque
1781 2433 1993 2502 priores
2025 2446 2155 2486 suas
2191 2430 2375 2485 literas
2405 2427 2644 2494 dederit,

141 2518 185 2572 id
204 2521 346 2591 quod
369 2537 439 2576 ex
468 2527 491 2575 1
522 2525 673 2577 Petr.
704 2525 758 2589 5,
772 2526 831 2576 13
856 2521 1083 2592 plurimi
1104 2521 1437 2590 interpretes
1465 2518 1844 2590 protestantici
1872 2518 2189 2574 desumunt.

196 2610 273 2664 De
294 2611 356 2664 B.
386 2609 541 2664 Petri
574 2608 769 2663 itinere
812 2608 1112 2679 apostolico
1134 2607 1193 2663 in
1224 2606 1419 2662 Asiam
1444 2607 1582 2662 Min.
1623 2614 1876 2678 suscepto
1905 2614 2116 2662 certam
2156 2603 2509 2660 traditionem
2535 2618 2648 2658 non

140 2692 411 2764 habemus3
448 2697 751 2766 Oriqenes‚
786 2696 879 2766 qui
908 2695 1118 2765 primus
1145 2693 1217 2750 de
1242 2693 1340 2750 illo
1367 2693 1636 2765 loquitur,
1664 2693 1802 2750 illud
1830 2709 1896 2749 ex
1924 2693 2280 2764 inscriptione
2306 2691 2504 2763 prioris
2533 2690 2647 2760 epi-

138 2783 291 2838 stolae
315 2783 550 2839 coniecit
590 2785 773 2855 (Or-ty.
803 2784 861 2838 in
888 2783 1030 2838 Gen.
1070 2790 1112 2837 t.
1142 2783 1271 2851 111),
1316 2789 1482 2853 atque
1521 2779 1719 2837 eodem
1754 2779 1923 2836 modo
1950 2779 2088 2836 illud
2117 2795 2183 2836 ex
2224 2779 2356 2835 solis
2382 2777 2650 2848 epistolae

140 2869 300 2926 verbis
331 2869 556 2942 collegit
590 2869 880 2926 Eusebius
910 2871 1005 2940 (H.
1051 2871 1111 2925 E.
1150 2870 1253 2924 111.
1284 2867 1370 2940 4);
1410 2870 1509 2924 SS.
1551 2868 1918 2940 Epiphanius
1951 2869 2136 2939 (Haer.
2183 2871 2331 2936 27,6)
2375 2873 2561 2921 autem
2595 2872 2652 2918 et

140 2957 503 3029 Hieronymus
524 2955 615 3025 (de
638 2956 759 3012 Vir.
779 2957 857 3013 ill.
892 2961 941 3024 1)
967 2956 1170 3028 aliique
1190 2955 1548 3025 recentiora,
1573 2955 1667 3027 qui
1689 2954 1829 3011 illud
1854 2954 2105 3010 absolute
2130 2961 2399 3020 asserunt,
2423 2968 2484 3007 se
2501 2949 2650 3007 aliud

140 3045 436 3102 assertionis
476 3042 897 3100 fundamentum
926 3051 1147 3114 praeter
1183 3043 1445 3113 epistolae
1480 3042 1895 3114 inscriptionem
1932 3057 2045 3098 non
2074 3041 2282 3099 habere
2319 3039 2500 3095 verbis
2538 3038 2652 3094 suis

139 3131 369 3188 innuunt.
402 3132 595 3187 Altera
616 3139 805 3188 tamen
830 3147 896 3187 ex
923 3139 1081 3202 parte
1110 3131 1169 3187 S.
1200 3131 1399 3186 Petrus
1426 3130 1660 3186 lectores
1696 3129 1962 3201 epistolae
1992 3145 2123 3185 suae
2154 3125 2436 3184 interdum
2463 3127 2540 3183 ita
2569 3126 2650 3180 al-

138 3219 385 3288 loquitur,
414 3226 479 3274 ut
505 3233 601 3274 eos
626 3234 741 3274 non
769 3235 802 3274 a
827 3235 885 3274 se
911 3219 1057 3289 ipso,
1092 3215 1191 3273 sed
1218 3217 1290 3274 ab
1315 3217 1437 3273 aliis
1466 3217 1828 3290 Evangelium
1852 3217 2126 3288 accepisse
2151 3215 2389 3271 insinuet
2408 3218 2456 3282 <1
2489 3219 2648 3269 Petr.

142 3311 267 3372 1,12.
292 3311 393 3375 253
424 3311 583 3374 5‚12;
612 3313 646 3361 2
683 3310 843 3361 Petr.
885 3307 1018 3374 33).
1054 3307 1250 3376 ltaque
1286 3304 1415 3359 licet
1451 3319 1580 3360 eum
1608 3302 1904 3375 aliquando
1941 3304 2238 3359 nonnullas
2271 3303 2434 3357 Asiae
2469 3310 2653 3372 partes

138 3407 440 3466 peragrasse
464 3409 578 3448 non
605 3407 901 3465 negemus,
925 3407 1055 3448 enm
1080 3399 1271 3448 tamen
1302 3390 1618 3448 Occidentis
1645 3391 1828 3463 potius
1860 3406 2030 3462 quam
2055 3391 2296 3447 Orientis
2322 3389 2653 3460 Apostolum

138 3477 287 3536 fuisse
314 3495 636 3550 censemus;
666 3495 847 3552 neque
875 3478 1001 3536 ideo
1034 3495 1163 3535 eum
1202 3479 1447 3534 ecelesiis
1494 3479 1656 3534 Ponti
1693 3487 1800 3534 etc.
1849 3479 2160 3550 scripsisse,
2191 3477 2320 3549 quia
2352 3483 2541 3548 utpote
2583 3476 2652 3531 ab

137 3566 219 3622 illo
242 3565 504 3624 fundatae
532 3566 635 3624 sub
663 3567 810 3624 illius
835 3567 1059 3638 speciali
1080 3581 1213 3622 cura
1239 3573 1441 3636 essent,
1467 3581 1571 3637 pro
1595 3574 1747 3622 certo
1773 3567 2088 3622 asserimus.

196 3657 275 3710 De
301 3655 475 3711 altera
505 3655 826 3726 quaestione
854 3653 1155 3710 traditione
1180 3661 1331 3710 certa
1361 3662 1604 3722 constat3
1637 3653 1842 3709 etenim
1874 3669 2045 3726 usque
2075 3651 2146 3710 ad
2177 3656 2262 3708 16.
2294 3668 2437 3708 saec.
2469 3650 2596 3706 inde
2619 3665 2651 3706 a

136 3741 347 3798 Patrum
373 3749 556 3798 aetate
581 3757 773 3798 omnes
795 3740 1038 3797 unanimi
1062 3756 1334 3797 consensu
1355 3740 1721 3808 tradiderunt,
1754 3741 1808 3796 S.
1843 3742 2070 3797 Petrum
2093 3740 2154 3796 in
2179 3755 2281 3796 sua
2300 3739 2530 3811 epistola
2546 3755 2650 3793 no-

136 3828 269 3898 mine
295 3830 617 3900 Babylonis
642 3832 881 3885 Romam
906 3827 1242 3900 designasse.
1274 3829 1333 3884 S.
1366 3827 1615 3901 Papias,
1650 3829 1899 3884 Clemens
1925 3827 2116 3893 Alex„
2148 3827 2438 3883 Eusebius
2467 3828 2559 3892 (H.
2585 3827 2648 3881 Ε.

138 3916 204 3971 11.
235 3919 313 3988 15)
344 3916 467 3972 sine
491 3917 606 3972 ulla
628 3915 996 3973 haesitatione
1018 3914 1077 3971 id
1105 3920 1380 3984 asserunt,
1411 3930 1616 3986 eosque
1643 3916 1887 3971 iuniores
1913 3917 1970 3972 S.
2001 3918 2390 3986 Hieronymus
2414 3912 2504 3980 (de
2531 3913 2645 3968 Vir.

135 4001 208 4057 ill.
236 4007 309 4072 8),
336 4007 481 4060 Ven.
504 4003 669 4060 Beda
696 4004 821 4071 (inl
853 4007 1005 4060 Petr.
1038 4003 1209 4076 5,13),
1242 4003 1618 4059 oecumenius
1645 4003 1703 4074 (i.
1733 4019 1783 4058 e.
1816 4003 1903 4070 l.),
1940 4002 2392 4072 Theophylaotus
2415 4001 2472 4068 (i.
2505 4016 2556 4055 e.
2587 3999 2651 4066 l.)

136 4099 459 4162 sequuntur3
490 4091 845 4163 excipiendus
871 4092 1025 4147 solus
1052 4098 1137 4146 est
1168 4094 1413 4147 Cosmas
1452 4089 1740 4163 Indicopl.
1773 4091 2013 4161 scriptor
2047 4090 2254 4146 nullius
2287 4089 2648 4146 auctoritatis.

134 4177 260 4233 Cum
287 4179 394 4235 hac
422 4178 717 4235 traditione
743 4179 1019 4236 consentit
1060 4179 1293 4236 historia
1322 4179 1550 4251 antiqua
1569 4221 1582 4248 ,
1615 4193 1755 4250 quae
1796 4177 1984 4233 sedem
2020 4177 2390 4249 episcopalem
2417 4193 2450 4233 a
2488 4178 2652 4232 Petro

139 4263 403 4337 Babylone
436 4276 531 4322 aut
566 4267 627 4323 in
662 4266 1059 4338 Mesopotamia
1098 4264 1387 4322 fundatam
1417 4281 1645 4338 prorsus
1682 4266 1929 4338 ignorat3
1962 4265 2167 4321 etenim
2207 4266 2357 4336 ipsae
2395 4264 2654 4320 ecclesiae

136 4353 580 4424 Mesopotamiae,
612 4355 741 4410 licet
768 4353 1092 4411 fundatores
1120 4369 1251 4410 suos
1278 4353 1421 4409 inter
1456 4354 1756 4425 Apostolos
1783 4361 1839 4408 et
1867 4353 2200 4424 apostolicos
2229 4353 2374 4408 viros
2401 4352 2652 4425 quaesie-

138 4437 255 4508 rint,
282 4439 351 4498 de
376 4443 536 4497 Petro
564 4442 725 4513 plane
754 4449 955 4498 tacent.
984 4440 1166 4507 Adde,
1192 4440 1531 4513 Babylonem
1551 4449 1802 4512 tempore
1829 4439 2032 4496 Christi
2055 4447 2194 4496 teste
2222 4440 2492 4498 Strabone
2514 4439 2652 4492 οὐδὲν

138 4523 263 4596 εἰμὴ
290 4530 477 4600 τεῖχος,
509 4537 649 4586 teste
674 4529 855 4586 Plinio
897 4529 1269 4585 solitudinem
1303 4527 1490 4584 fuisse.
1533 4528 1679 4584 Hinc
1703 4527 1910 4583 mirum
1947 4542 2059 4584 non
2102 4536 2206 4594 est,
2250 4524 2398 4600 quod
2441 4525 2656 4582 mediae

139 4616 317 4672 aetatis
336 4624 393 4673 et
414 4617 737 4674 recentioris
758 4617 1027 4690 temporis
1045 4617 1375 4689 interpretes
1402 4615 1670 4674 catholici
1691 4630 1886 4674 omnes
1908 4614 2253 4687 paucissimis
2281 4615 2525 4687 exceptis
2550 4630 2654 4670 no-
