3050 5184
373 302 488 361 190
595 318 668 361 ns
713 318 848 359 ver.
897 315 1155 361 result.
1205 314 1394 357 maius
1435 312 1788 357 msromcis.
1836 330 1915 339 -—
1958 313 2089 357 cAP.
2140 316 2183 357 1.
2232 313 2306 357 ne
2348 307 2803 357 Pssurxreucno.

439 449 767 517 Argumenti
793 446 1180 505 nostriminor
1208 444 1472 516 probatur
1501 444 1589 515 a.)
1618 443 1730 499 illis
1758 443 2014 509 textibus,
2044 444 2103 499 in
2132 442 2330 515 quibus
2357 441 2631 497 Dominus
2658 439 2729 495 de
2755 439 2899 493 libro

372 536 589 603 Moysi,
620 534 688 589 de
716 534 836 607 leqe
861 534 1048 604 Moysi
1077 531 1329 605 loquitur
1357 535 1561 604 (Marc.
1600 537 1786 601 12,26;
1824 537 1959 587 Luc.
1990 530 2203 602 24‚44)‚
2238 530 2438 603 quibus
2472 526 2901 599 expressionibus

373 623 542 677 alium
569 637 794 677 sensum
822 623 1130 693 exprimere
1157 636 1268 675 non
1297 619 1476 691 potuit
1504 620 1613 675 nisi
1640 635 1767 675 eum
1784 663 1799 687 ‚
1826 634 1937 689 quo
1974 620 2095 675 solo
2124 619 2195 675 ab
2224 620 2342 675 eius
2370 617 2719 673 auditoribus
2746 615 2899 671 iutel-

373 710 684 782 ligebantur
712 731 723 764 :
761 729 786 761 ‹
819 710 876 763 in
907 708 1066 777 libro,
1100 723 1268 779 quem
1292 710 1509 779 Moyses
1538 706 1754 779 scripsit
1784 726 1833 761 ».
1864 706 2075 775 Quibus
2102 706 2273 762 vicini
2300 714 2429 761 sunt
2458 705 2550 760 alii
2574 712 2786 771 textus,
2816 704 2903 775 qui

373 806 664 869 praecepta
694 796 1138 867 pentateuchica,
1171 810 1510 867 quamquam
1539 794 1721 850 divina
1752 810 1873 850 esse
1909 794 2294 863 credebantur,
2324 794 2500 865 Moysi
2530 794 2734 847 diserte
2764 790 2905 847 attri-

374 885 552 940 buunt
580 884 810 955 (Mutila.
844 890 963 949 8,-1;
999 888 1150 951 19‚8;
1183 886 1370 939 Marc.
1405 887 1560 951 1‚44;
1592 888 1749 951 7,10;
1783 888 1934 951 10,5;
1964 886 2099 938 Luc.
2132 888 2292 951 5,14;
2324 887 2516 948 2⁰38,
2551 884 2719 936 Ιοαπ.
2752 885 2905 946 mo,

375 978 466 1041 8,5
492 973 639 1042 etc.).
670 1002 741 1011 --
773 972 850 1042 b.)
881 972 961 1027 Ne
991 972 1113 1042 quis
1139 987 1267 1027 vero
1295 970 1465 1039 dicat,
1498 970 1802 1027 Dominum
1827 970 2090 1043 loquendi
2113 970 2281 1025 modo
2312 968 2649 1025 Iudaeorum
2670 982 2791 1023 sese
2818 982 2909 1021 ac-

376 1058 760 1115 commodasse
799 1060 886 1130 (ea
921 1058 1036 1114 fere
1077 1059 1320 1127 ratione,
1365 1074 1474 1131 qua
1513 1058 1595 1113 illi
1648 1074 1897 1130 quoque,
1948 1058 2043 1129 qui
2084 1060 2395 1113 Homerum
2436 1058 2633 1111 vixisse
2678 1064 2907 1127 negant,

375 1156 563 1202 tamen
610 1146 848 1203 formula
895 1168 907 1201 :
967 1168 992 1197 α
1039 1148 1316 1203 Homerus
1365 1147 1584 1218 scripsit
1628 1166 1652 1197 ι)
1700 1146 1984 1217 utuntur),
2032 1145 2103 1201 ad
2142 1148 2311 1202 Ioan.
2358 1150 2487 1213 5,⁴5
2534 1160 2658 1216 sqq.
2712 1160 2911 1214 provo—

377 1249 586 1291 camus
628 1233 845 1289 ludaeis
877 1236 1026 1291 enim
1054 1235 1234 1305 ipsum
1271 1234 1581 1290 interficere
1608 1233 1999 1306 quaerentibus
2026 1233 2163 1289 dixit
2194 1254 2207 1290 ε
2250 1252 2275 1285 «
2310 1233 2494 1289 Nolite
2528 1242 2753 1303 putare,
2782 1232 2911 1303 quia

377 1338 479 1395 ego
509 1330 864 1377 accusaturus
893 1322 998 1377 sim
1035 1338 1131 1378 vos
1167 1322 1312 1393 apud
1349 1325 1603 1389 Patrem;
1634 1330 1718 1377 est
1748 1322 1843 1392 qui
1876 1331 2098 1377 accusat
2132 1338 2259 1389 vos,
2288 1324 2535 1393 MoyseS,
2572 1322 2629 1375 in
2666 1336 2779 1391 quo
2818 1336 2915 1373 vos

377 1408 622 1480 speratis,
664 1410 718 1466 Si
751 1410 896 1465 enim
935 1410 1232 1466 crederetis
1263 1412 1466 1483 Moysi,
1495 1408 1795 1466 crederetis
1828 1418 1883 1464 et
1910 1410 2076 1476 mihi;
2112 1408 2186 1465 de
2214 1426 2302 1465 mc
2329 1410 2485 1464 enim
2520 1409 2625 1464 ille
2655 1408 2911 1479 scripsit.

377 1496 432 1552 Si
459 1506 642 1552 autem
672 1497 816 1553 illius
843 1498 1014 1553 literis
1051 1500 1176 1566 (τοῖς
1211 1497 1396 1550 ἐκείνου
1431 1499 1717 1569 γράμμασι,
1755 1499 1987 1567 scriptis
2020 1498 2105 1553 vel
2134 1497 2313 1553 libris
2350 1498 2497 1567 eius)
2526 1512 2640 1551 non
2668 1494 2911 1557 creditis,

376 1584 654 1655 quomodo
687 1586 863 1641 verbis
905 1586 1040 1641 meis
1081 1584 1356 1641 credetis?
1387 1606 1412 1635 »
1459 1588 1747 1657 integrum
1787 1584 2251 1653 Pentateuchum,
2280 1593 2554 1657 quatenus
2584 1586 2698 1640 sive
2733 1583 2915 1639 verbis

377 1672 490 1727 sive
523 1672 684 1729 rebus
709 1674 886 1744 (typis)
916 1672 1216 1729 adventum
1241 1674 1466 1729 Domini
1492 1672 1793 1746 praedixit,
1824 1672 1933 1729 hoc
1960 1681 2115 1729 textu
2140 1673 2448 1745 designari,
2475 1687 2641 1728 nemo
2672 1670 2915 1739 prudens

381 1760 659 1831 negaverit
687 1758 788 1827 (cl'r
817 1778 869 1815 v.
899 1765 1038 1828 39.);
1070 1777 1250 1832 neque
1277 1762 1460 1817 minus
1483 1771 1699 1837 certum
1728 1770 1832 1828 est,
1860 1776 1989 1817 eum
2016 1760 2193 1833 Moysi
2220 1763 2459 1818 auctori
2488 1759 2735 1815 attribui.
2768 1762 2912 1831 Ergo

377 1848 423 1901 si
445 1849 662 1920 Moyses
701 1848 818 1903 eius
845 1856 1037 1904 auctor
1063 1864 1178 1903 non
1210 1858 1382 1916 esset,
1413 1850 1683 1904 Dominus
1716 1864 1965 1904 errorem
2002 1850 2351 1905 asseruisset!
2386 1880 2459 1889 —
2492 1856 2565 1913 c.)
2602 1847 2911 1903 Confirma-

380 1934 542 1989 tionis
583 1937 756 2007 gratia
787 1934 1086 2003 addamuS,
1129 1938 1453 2007 Apostolos,
1485 1938 1537 1992 si
1563 1939 1797 2007 Moysen
1839 1938 1960 2010 leyc'
1998 1945 2249 1991 asserunt
2276 1937 2428 2003 (Act.
2477 1942 2666 2005 ¹52¹33
2698 1942 2733 1990 2
2779 1940 2909 1991 Cor.

380 2023 550 2093 3,15)‚
581 2032 676 2077 aut
702 2024 749 2078 si
779 2023 848 2079 de
879 2024 1020 2080 libro
1052 2025 1373 2095 loquuntur,
1406 2041 1573 2096 quem
1610 2027 1827 2097 Moyses
1861 2040 2049 2080 coram
2090 2025 2291 2095 populo
2334 2024 2526 2093 legerit
2556 2033 2613 2078 et
2644 2026 2913 2095 sanguine

379 2112 670 2180 asperserit
709 2111 907 2181 (Hebr.
939 2118 1098 2180 9‚19;
1136 2112 1218 2166 cfr
1241 2112 1431 2168 Exod.
1473 2112 1643 2182 ²⁴2⁷),
1684 2122 1781 2168 aut
1817 2112 1863 2167 si
1902 2120 2212 2183 praecepta,
2252 2111 2536 2179 vaticinia,
2568 2114 2914 2169 narrationes

380 2198 737 2255 pentateuchi
771 2200 840 2255 ad
873 2202 1098 2271 Moysen
1133 2199 1380 2255 referunt
1416 2200 1571 2269 (Luc.
1610 2206 1766 2267 2‚22;
1807 2203 1973 2256 Ioan.
2028 2206 2172 2268 1‚17.
2216 2206 2316 2268 453
2349 2202 2477 2255 Act.
2526 2205 2682 2267 3323
2716 2206 2909 2268 2833.

380 2290 540 2341 Rom.
571 2292 727 2355 9,15;
760 2294 783 2342 1
817 2288 952 2342 Cor.
983 2294 1077 2356 9,9
1102 2288 1262 2356 etc.),
1291 2286 1535 2358 profecto
1562 2303 1592 2343 a
1619 2288 1856 2343 Domino
1884 2304 1997 2343 non
2024 2302 2143 2343 esse
2173 2286 2416 2357 edoctOS,
2446 2288 2617 2343 libros
2644 2290 2781 2344 istos
2804 2306 2912 2344 non

379 2373 483 2428 nisi
504 2389 601 2444 per
615 2390 858 2430 errorem
881 2376 1058 2445 Moysi
1073 2375 1315 2443 attribui,
1341 2392 1436 2431 eos
1458 2390 1590 2431 vero
1614 2377 1791 2431 Iosiae
1812 2384 1905 2431 aut
1922 2376 2129 2431 Esdrae
2149 2384 2399 2447 tempore
2416 2390 2535 2431 esse
2554 2378 2910 2447 compositos.

457 2526 516 2583 3.
549 2558 626 2566 —
653 2524 938 2585 Alterum
975 2529 1416 2603 argumentum
1457 2524 1815 2587 desumitur
1852 2544 1927 2585 ex
1962 2528 2313 2587 Iunxeonuu
2354 2542 2726 2589 ‘raxm‘riomz
2759 2546 2819 2587 ix
2848 2546 2912 2589 si:

379 2634 510 2681 1PsA
541 2636 964 2683 CONSIDERATA.
997 2657 1076 2667 —
1103 2622 1254 2683 Inde
1284 2640 1322 2682 a
1351 2640 1508 2682 saec.
1542 2625 1602 2683 5.
1636 2628 1743 2682 aut
1772 2622 1993 2683 saltem
2022 2640 2059 2682 a
2086 2640 2244 2685 saec.
2279 2625 2337 2683 3.
2368 2640 2425 2683 a.
2462 2623 2603 2683 Chr.
2637 2642 2914 2685 commu-

379 2716 476 2775 nis
503 2721 568 2776 et
587 2721 878 2779 constans
895 2719 1022 2779 fuit
1041 2718 1329 2779 omnium
1349 2719 1723 2779 Iudaeorum
1748 2719 2069 2796 persuasio
2086 2764 2100 2791 ‚
2125 2718 2623 2779 pentateuchum
2647 2738 2685 2780 a
2710 2723 2911 2799 Moyse

379 2812 732 2890 legislatore
779 2832 892 2875 suo
936 2833 1070 2876 esse
1119 2816 1575 2893 conscriptum;
1610 2815 1787 2891 atqui
1833 2814 1986 2875 haec
2030 2820 2163 2875 tam
2202 2816 2489 2893 antiqua,
2524 2820 2907 2887 communis,

379 2914 669 2969 constans
699 2912 1024 2988 persuasio
1054 2912 1118 2970 in
1148 2928 1214 2971 re
1243 2911 1402 2970 tanti
1431 2912 1739 2971 momenti
1768 2928 1895 2971 non
1926 2912 2287 2989 explicatur,
2319 2912 2441 2971 nisi
2472 2911 2539 2971 in
2576 2914 2725 2974 facti
2756 2915 2911 2975 veri—

377 3008 502 3065 tate
531 3006 785 3067 fundata
817 3009 916 3067 sit.

449 3118 642 3174 Libros
669 3129 887 3175 nostros
915 3136 1000 3185 ea,
1030 3136 1136 3192 qua
1170 3119 1332 3177 hodie
1356 3129 1594 3192 exstant,
1624 3121 1799 3177 forma
1828 3136 1970 3178 saec.
1992 3128 2045 3177 5.
2071 3123 2157 3178 vel
2184 3123 2381 3179 saltem
2408 3136 2552 3179 saec.
2580 3126 2632 3177 3.
2658 3139 2775 3179 non
2795 3141 2911 3180 csse

381 3207 738 3274 recentiores,
770 3207 971 3262 docent
997 3209 1404 3263 Pentateuclius
1431 3210 1820 3277 samaritanus,
1853 3210 1946 3281 qui
1972 3210 2331 3281 probabiliter
2357 3211 2469 3266 iam
2499 3220 2627 3266 ante
2655 3226 2803 3268 saec.
2834 3219 2907 3278 5.,

376 3300 526 3347 certo
550 3309 663 3348 non
683 3303 808 3365 post
833 3310 980 3350 saec.
1009 3302 1064 3351 4.
1093 3295 1162 3351 ad
1189 3294 1565 3353 Samaritanos
1590 3299 1756 3365 venit,
1781 3306 1837 3354 et
1862 3298 2037 3353 versio
2062 3298 2415 3353 alexandrina
2440 3299 2667 3354 ineunte
2684 3314 2833 3355 saec.
2859 3308 2903 3355 3.

378 3389 618 3435 exarata.
653 3384 758 3437 Eos
793 3383 958 3438 etiam
999 3398 1215 3455 semper
1252 3386 1427 3456 Moysi
1455 3386 1669 3440 auctori
1700 3385 1997 3441 attributos
2034 3402 2154 3441 esse
2192 3392 2407 3440 constat
2442 3387 2777 3443 testimoniis
2802 3404 2905 3443 non

377 3475 592 3522 tantum
631 3468 900 3526 Philonis
937 3470 1080 3542 (Vita
1117 3472 1319 3545 Moysis
1357 3474 1458 3527 111.
1494 3478 1579 3541 39)
1612 3481 1668 3528 ct
1698 3474 1779 3529 Fe.
1818 3470 2049 3547 Iosepln'
2084 3474 2331 3545 (Antiqu.
2373 3474 2467 3527 Ν.
2505 3480 2675 3542 8,48),
2708 3478 2805 3547 qui
2832 3476 2905 3529 vel

378 3554 550 3625 ipsam
585 3572 742 3612 suam
777 3566 1012 3614 mortem
1041 3560 1268 3632 Moysen
1297 3560 1577 3632 scripsisse
1615 3569 1940 3629 tenuerunt,
1973 3561 2072 3616 sed
2098 3560 2263 3616 etiam
2292 3560 2641 3617 ethnicorum
2679 3565 2905 3636 scripto-

378 3658 500 3697 rum
516 3686 529 3711 ,
552 3644 895 3701 Alexandri
915 3646 1187 3715 Polyliz'st.
1217 3648 1376 3719 (saec.
1405 3655 1452 3704 1.
1475 3664 1523 3703 a.
1558 3649 1735 3719 Chr.)‚
1758 3649 2070 3721 Eupolemz'
2090 3652 2255 3715 (saec.
2278 3654 2332 3704 2.
2356 3664 2406 3703 a.
2430 3648 2612 3719 Chr.),
2634 3654 2908 3707 Hecataei

379 3736 538 3786 -‘saec.
563 3740 617 3786 4.
638 3749 687 3788 a.
707 3733 883 3803 cun),
909 3735 1004 3804 qui
1024 3756 1046 3785 a
1069 3736 1296 3807 Moysen
1315 3736 1687 3807 legislatorem
1714 3736 1997 3791 historiam
2012 3752 2199 3791 rerum
2220 3734 2561 3792 iudaicarum
2581 3754 2837 3795 narrasse
2858 3760 2902 3805 a,
3006 3796 3008 3805 Ι

383 3840 408 3869 ιι
435 3820 651 3875 Iudaeis
677 3822 826 3893 leges
849 3822 1129 3893 scripsisse
1158 3844 1183 3873 υ
1213 3823 1520 3879 asserentes
1547 3838 1609 3879 ea
1640 3822 1917 3891 referunt,
1946 3840 2089 3895 quae
2116 3824 2219 3895 ipsi
2248 3838 2279 3879 a
2309 3823 2528 3879 Iudaeis
2556 3840 2690 3881 suae
2718 3828 2905 3883 aetatis
3006 3812 3008 3837 ²

376 3906 680 3964 audierant.
716 3910 924 3965 Eadem
953 3912 1303 3967 veneratione
1339 3912 1571 3985 Moysen
1607 3912 1757 3967 velut
1793 3910 2153 3967 Pentateuchi
2182 3920 2465 3967 auctorem
2498 3921 2554 3967 et
2586 3914 2751 3985 Legis
2784 3930 2903 3970 suae

377 3995 844 4069 promulgatorem
875 3998 1352 4070 prosequebantur
1375 3999 1657 4054 Pharisaei
1682 4009 1739 4054 et
1766 3997 2101 4069 Sadducaei,
2132 3998 2465 4057 Samaritani
2491 4008 2547 4056 et
2570 4002 2785 4069 Esseni,
2819 4004 2901 4058 lu·
3004 4018 3006 4033 ³

375 4082 498 4139 daei
525 4084 954 4155 palaestinenses
983 4095 1038 4142 et
1075 4085 1424 4155 hellenistae‚
1465 4107 1489 4138 α
1521 4086 1887 4158 omnibusque
1926 4088 2113 4143 statim
2144 4086 2215 4142 ab
2245 4086 2364 4158 ipso
2392 4086 2654 4143 nascendi
2682 4090 2901 4147 exordio

375 4170 479 4226 hoc
509 4172 732 4228 insitum
757 4180 812 4228 et
841 4174 1088 4229 innatum
1119 4183 1265 4241 erat,
1298 4180 1360 4229 ut
1389 4176 1491 4230 Dei
1521 4174 1659 4230 haec
1691 4190 1807 4230 esse
1840 4183 2129 4244 praecepta
2158 4174 2447 4231 crederent
2472 4176 2901 4250 eorumdemque
3002 4200 3004 4203 ⁴

311 4310 316 4317 .
372 4274 563 4327 causa,
597 4262 641 4315 si
675 4276 814 4331 opus
850 4271 1018 4329 esset,
1055 4262 1415 4317 libentissime
1449 4271 1687 4317 mortem
1726 4262 2032 4333 perferrent
2069 4284 2094 4313 n
2129 4262 2237 4329 (Fe.
2271 4266 2384 4318 Ios.
2417 4280 2463 4319 c.
2501 4266 2643 4335 App.
2680 4266 2725 4321 1.
2768 4274 2802 4321 8
2828 4264 2899 4320 cl'r

373 4352 404 4399 2
433 4348 612 4403 Maeli.
640 4354 803 4419 7‚30;
843 4358 870 4405 1
910 4350 1103 4405 ΜαοΙι.
1139 4356 1290 4417 1,65;
1323 4354 1451 4417 2,20
1479 4366 1603 4422 sqq.
1637 4354 1762 4418 etc).
1796 4352 1915 4405 lam
1938 4366 2070 4405 vero
2098 4350 2189 4421 qui
2215 4350 2334 4407 lieri
2360 4351 2567 4422 potuit,
2598 4360 2660 4406 ut
2690 4352 2897 4409 Iudaeis

371 4434 496 4489 inde
534 4451 565 4490 a
595 4452 737 4491 saec.
769 4444 822 4491 7.
867 4453 919 4493 3.
952 4437 1082 4493 Chr.
1117 4437 1176 4492 in
1203 4439 1384 4493 varias
1419 4447 1597 4494 terras
1626 4437 1886 4510 dispersis
1924 4446 1981 4494 ct
2020 4439 2079 4494 in
2119 4446 2297 4494 sectas
2326 4437 2639 4494 dilaceratis
2678 4454 2895 4511 persua-

370 4520 612 4591 deretur,
639 4522 807 4579 libros
837 4533 1085 4581 recenter
1111 4524 1288 4581 editos
1315 4528 1546 4597 Moysen
1572 4526 1817 4599 legatum
1842 4526 1944 4582 Dei
1970 4526 2172 4583 habere
2196 4530 2514 4583 auctorem?
2542 4528 2738 4599 Neque
2760 4529 2893 4583 enim

367 4608 438 4666 de
474 4610 628 4691 libris
655 4610 939 4682 agebatur,
973 4628 1212 4685 quorum
1247 4614 1516 4687 originem
1554 4613 1832 4687 negligere
1872 4614 2051 4685 licuit,
2086 4612 2181 4671 sed
2219 4612 2289 4669 de
2326 4613 2505 4679 libris,
2540 4614 2665 4686 qui,
2708 4617 2831 4687 quia
2866 4629 2890 4667 a
