<?xml version="1.0" encoding="UTF-8"?>
<!DOCTYPE html PUBLIC "-//W3C//DTD XHTML 1.0 Transitional//EN"
    "http://www.w3.org/TR/xhtml1/DTD/xhtml1-transitional.dtd">
<html xmlns="http://www.w3.org/1999/xhtml" xml:lang="en" lang="en">
 <head>
  <title>
</title>
<meta http-equiv="Content-Type" content="text/html;charset=utf-8" />
  <meta name='ocr-system' content='tesseract 3.04.00' />
  <meta name='ocr-capabilities' content='ocr_page ocr_carea ocr_par ocr_line ocrx_word'/>
</head>
<body>
  <div class='ocr_page' id='page_1' title='image "./historicaeetcri00corngoog_0379.png"; bbox 0 0 3050 5184; ppageno 0'>
   <div class='ocr_carea' id='block_1_1' title="bbox 747 337 2644 398">
    <p class='ocr_par' dir='ltr' id='par_1_1' title="bbox 747 337 2644 398">
     <span class='ocr_line' id='line_1_1' title="bbox 747 337 2644 398; baseline 0 -2"><span class='ocrx_word' id='word_1_1' title='bbox 747 353 824 396; x_wconf 75' lang='lat' dir='ltr'><strong>nn</strong></span> <span class='ocrx_word' id='word_1_2' title='bbox 865 351 1166 396; x_wconf 73' lang='lat' dir='ltr'><strong>manorum</strong></span> <span class='ocrx_word' id='word_1_3' title='bbox 1211 351 1702 398; x_wconf 76' lang='lat' dir='ltr'><strong>Pnornnricontm</strong></span> <span class='ocrx_word' id='word_1_4' title='bbox 1745 351 2015 396; x_wconf 74' lang='lat' dir='ltr'><strong>mucius.</strong></span> <span class='ocrx_word' id='word_1_5' title='bbox 2526 337 2644 396; x_wconf 88' lang='grc'><strong>369</strong></span> 
     </span>
    </p>
   </div>
   <div class='ocr_carea' id='block_1_2' title="bbox 125 481 2645 728">
    <p class='ocr_par' dir='ltr' id='par_1_2' title="bbox 125 481 2645 728">
     <span class='ocr_line' id='line_1_2' title="bbox 129 481 2645 556; baseline -0.002 -14"><span class='ocrx_word' id='word_1_6' title='bbox 129 493 204 553; x_wconf 86' lang='grc'><strong>1,1</strong></span> <span class='ocrx_word' id='word_1_7' title='bbox 245 501 397 556; x_wconf 84' lang='lat' dir='ltr'><strong>sqq.;</strong></span> <span class='ocrx_word' id='word_1_8' title='bbox 430 489 552 552; x_wconf 80' lang='lat'><strong>6,1;</strong></span> <span class='ocrx_word' id='word_1_9' title='bbox 579 489 668 552; x_wconf 85' lang='lat'><strong>7‚1</strong></span> <span class='ocrx_word' id='word_1_10' title='bbox 714 487 1036 552; x_wconf 76' lang='lat' dir='ltr'><strong>etc.;&#39;Dan.</strong></span> <span class='ocrx_word' id='word_1_11' title='bbox 1078 487 1322 552; x_wconf 78' lang='lat'><strong>⁷,1;8,1</strong></span> <span class='ocrx_word' id='word_1_12' title='bbox 1367 491 1506 550; x_wconf 87' lang='lat' dir='ltr'><strong>etc.;</strong></span> <span class='ocrx_word' id='word_1_13' title='bbox 1538 483 1682 555; x_wconf 69' lang='grc'><strong>1199.</strong></span> <span class='ocrx_word' id='word_1_14' title='bbox 1734 488 1818 552; x_wconf 85' lang='grc'><strong>1,1</strong></span> <span class='ocrx_word' id='word_1_15' title='bbox 1867 487 2020 552; x_wconf 87' lang='lat' dir='ltr'><strong>etc.).</strong></span> <span class='ocrx_word' id='word_1_16' title='bbox 2048 481 2305 540; x_wconf 81' lang='lat' dir='ltr'><strong>Profecto</strong></span> <span class='ocrx_word' id='word_1_17' title='bbox 2334 483 2645 538; x_wconf 86' lang='lat' dir='ltr'><strong>nisitotum</strong></span> 
     </span>
     <span class='ocr_line' id='line_1_3' title="bbox 125 569 2641 641; baseline -0.003 -14"><span class='ocrx_word' id='word_1_18' title='bbox 125 589 278 628; x_wconf 90' lang='lat' dir='ltr'><strong>suum</strong></span> <span class='ocrx_word' id='word_1_19' title='bbox 305 571 508 628; x_wconf 81' lang='lat' dir='ltr'><strong>librum</strong></span> <span class='ocrx_word' id='word_1_20' title='bbox 536 587 601 626; x_wconf 86' lang='lat' dir='ltr'><strong>ex</strong></span> <span class='ocrx_word' id='word_1_21' title='bbox 631 571 812 627; x_wconf 86' lang='lat' dir='ltr'><strong>divina</strong></span> <span class='ocrx_word' id='word_1_22' title='bbox 841 569 1202 641; x_wconf 83' lang='lat' dir='ltr'><strong>inspiratione</strong></span> <span class='ocrx_word' id='word_1_23' title='bbox 1231 586 1352 627; x_wconf 88' lang='lat' dir='ltr'><strong>esse</strong></span> <span class='ocrx_word' id='word_1_24' title='bbox 1380 571 1647 641; x_wconf 85' lang='lat' dir='ltr'><strong>scivisset,</strong></span> <span class='ocrx_word' id='word_1_25' title='bbox 1680 569 1852 626; x_wconf 81' lang='lat' dir='ltr'><strong>isaias</strong></span> <span class='ocrx_word' id='word_1_26' title='bbox 1878 569 2038 626; x_wconf 89' lang='lat' dir='ltr'><strong>illum</strong></span> <span class='ocrx_word' id='word_1_27' title='bbox 2070 589 2097 622; x_wconf 72' lang='grc' dir='ltr'><strong>α</strong></span> <span class='ocrx_word' id='word_1_28' title='bbox 2126 569 2333 627; x_wconf 87' lang='lat' dir='ltr'><strong>librum</strong></span> <span class='ocrx_word' id='word_1_29' title='bbox 2359 570 2586 626; x_wconf 87' lang='lat' dir='ltr'><strong>Domini</strong></span> <span class='ocrx_word' id='word_1_30' title='bbox 2616 591 2641 620; x_wconf 65' lang='grc' dir='ltr'><strong>ι»</strong></span> 
     </span>
     <span class='ocr_line' id='line_1_4' title="bbox 125 658 2423 728; baseline -0.002 -13"><span class='ocrx_word' id='word_1_31' title='bbox 125 665 210 726; x_wconf 73' lang='lat' dir='ltr'><strong>(Is.</strong></span> <span class='ocrx_word' id='word_1_32' title='bbox 240 665 421 728; x_wconf 79' lang='lat'><strong>34‚16)</strong></span> <span class='ocrx_word' id='word_1_33' title='bbox 450 675 562 715; x_wconf 88' lang='lat' dir='ltr'><strong>non</strong></span> <span class='ocrx_word' id='word_1_34' title='bbox 585 658 885 715; x_wconf 77' lang='lat' dir='ltr'><strong>vocasset⁸.</strong></span> <span class='ocrx_word' id='word_1_35' title='bbox 2420 658 2423 660; x_wconf 71' lang='grc'>’</span> 
     </span>
    </p>
   </div>
   <div class='ocr_carea' id='block_1_3' title="bbox 123 797 2647 1274">
    <p class='ocr_par' dir='ltr' id='par_1_3' title="bbox 123 797 2647 1274">
     <span class='ocr_line' id='line_1_5' title="bbox 192 797 2644 888; baseline -0.001 -18"><span class='ocrx_word' id='word_1_36' title='bbox 192 813 250 870; x_wconf 77' lang='grc'><strong>2.</strong></span> <span class='ocrx_word' id='word_1_37' title='bbox 281 843 364 852; x_wconf 84' lang='grc'>-</span> <span class='ocrx_word' id='word_1_38' title='bbox 389 808 682 886; x_wconf 84' lang='lat' dir='ltr'><strong>Plerique</strong></span> <span class='ocrx_word' id='word_1_39' title='bbox 710 809 857 870; x_wconf 81' lang='lat' dir='ltr'><strong>libri</strong></span> <span class='ocrx_word' id='word_1_40' title='bbox 882 808 1236 887; x_wconf 80' lang='lat' dir='ltr'><strong>prophetici</strong></span> <span class='ocrx_word' id='word_1_41' title='bbox 1264 825 1392 868; x_wconf 89' lang='lat' dir='ltr'><strong>non</strong></span> <span class='ocrx_word' id='word_1_42' title='bbox 1409 797 1710 870; x_wconf 85' lang='lat' dir='ltr'><strong>videntur</strong></span> <span class='ocrx_word' id='word_1_43' title='bbox 1730 826 1867 870; x_wconf 90' lang='lat' dir='ltr'><strong>esse</strong></span> <span class='ocrx_word' id='word_1_44' title='bbox 1887 809 2011 869; x_wconf 91' lang='lat' dir='ltr'><strong>nisi</strong></span> <span class='ocrx_word' id='word_1_45' title='bbox 2036 809 2315 888; x_wconf 80' lang='lat' dir='ltr'><strong>epitome</strong></span> <span class='ocrx_word' id='word_1_46' title='bbox 2340 809 2644 886; x_wconf 84' lang='lat' dir='ltr'><strong>quaedam</strong></span> 
     </span>
     <span class='ocr_line' id='line_1_6' title="bbox 126 904 2645 984; baseline -0 -18"><span class='ocrx_word' id='word_1_47' title='bbox 126 906 522 975; x_wconf 82' lang='lat' dir='ltr'><strong>concionum,</strong></span> <span class='ocrx_word' id='word_1_48' title='bbox 557 923 710 984; x_wconf 90' lang='lat' dir='ltr'><strong>quas</strong></span> <span class='ocrx_word' id='word_1_49' title='bbox 749 905 895 965; x_wconf 80' lang='lat' dir='ltr'><strong>viva</strong></span> <span class='ocrx_word' id='word_1_50' title='bbox 931 921 1081 966; x_wconf 85' lang='lat' dir='ltr'><strong>voce</strong></span> <span class='ocrx_word' id='word_1_51' title='bbox 1113 904 1454 982; x_wconf 77' lang='lat' dir='ltr'><strong>prophetae</strong></span> <span class='ocrx_word' id='word_1_52' title='bbox 1503 922 1711 966; x_wconf 86' lang='lat' dir='ltr'><strong>coram</strong></span> <span class='ocrx_word' id='word_1_53' title='bbox 1740 906 1976 984; x_wconf 91' lang='lat' dir='ltr'><strong>populo</strong></span> <span class='ocrx_word' id='word_1_54' title='bbox 2021 905 2385 968; x_wconf 82' lang='lat' dir='ltr'><strong>habuerant.</strong></span> <span class='ocrx_word' id='word_1_55' title='bbox 2432 908 2645 983; x_wconf 89' lang='lat' dir='ltr'><strong>Neque</strong></span> 
     </span>
     <span class='ocr_line' id='line_1_7' title="bbox 125 1001 2645 1080; baseline 0 -18"><span class='ocrx_word' id='word_1_56' title='bbox 125 1007 325 1062; x_wconf 89' lang='lat' dir='ltr'><strong>tamen</strong></span> <span class='ocrx_word' id='word_1_57' title='bbox 344 1002 632 1062; x_wconf 87' lang='lat' dir='ltr'><strong>omnium</strong></span> <span class='ocrx_word' id='word_1_58' title='bbox 657 1002 961 1062; x_wconf 89' lang='lat' dir='ltr'><strong>librorum</strong></span> <span class='ocrx_word' id='word_1_59' title='bbox 981 1005 1085 1062; x_wconf 90' lang='lat' dir='ltr'><strong>aut</strong></span> <span class='ocrx_word' id='word_1_60' title='bbox 1105 1001 1541 1080; x_wconf 87' lang='lat' dir='ltr'><strong>pericoparum</strong></span> <span class='ocrx_word' id='word_1_61' title='bbox 1568 1003 1789 1062; x_wconf 87' lang='lat' dir='ltr'><strong>eadem</strong></span> <span class='ocrx_word' id='word_1_62' title='bbox 1818 1006 1917 1062; x_wconf 86' lang='lat' dir='ltr'><strong>est</strong></span> <span class='ocrx_word' id='word_1_63' title='bbox 1940 1003 2121 1063; x_wconf 87' lang='lat' dir='ltr'><strong>ratio.</strong></span> <span class='ocrx_word' id='word_1_64' title='bbox 2143 1003 2450 1064; x_wconf 86' lang='lat' dir='ltr'><strong>Nonnulla</strong></span> <span class='ocrx_word' id='word_1_65' title='bbox 2478 1003 2645 1062; x_wconf 90' lang='lat' dir='ltr'><strong>enim</strong></span> 
     </span>
     <span class='ocr_line' id='line_1_8' title="bbox 124 1098 2647 1178; baseline 0 -20"><span class='ocrx_word' id='word_1_66' title='bbox 124 1099 648 1178; x_wconf 87' lang='lat' dir='ltr'><strong>conscripserunt,</strong></span> <span class='ocrx_word' id='word_1_67' title='bbox 671 1101 1007 1176; x_wconf 74' lang='lat' dir='ltr'><strong>postquam</strong></span> <span class='ocrx_word' id='word_1_68' title='bbox 1038 1115 1111 1158; x_wconf 89' lang='lat' dir='ltr'><strong>ea</strong></span> <span class='ocrx_word' id='word_1_69' title='bbox 1133 1115 1246 1176; x_wconf 92' lang='lat' dir='ltr'><strong>pro</strong></span> <span class='ocrx_word' id='word_1_70' title='bbox 1277 1099 1581 1158; x_wconf 88' lang='lat' dir='ltr'><strong>concione</strong></span> <span class='ocrx_word' id='word_1_71' title='bbox 1609 1098 1930 1170; x_wconf 87' lang='lat' dir='ltr'><strong>dixerunt,</strong></span> <span class='ocrx_word' id='word_1_72' title='bbox 1960 1099 2072 1159; x_wconf 88' lang='lat' dir='ltr'><strong>sed</strong></span> <span class='ocrx_word' id='word_1_73' title='bbox 2093 1099 2219 1160; x_wconf 86' lang='lat' dir='ltr'><strong>alia</strong></span> <span class='ocrx_word' id='word_1_74' title='bbox 2252 1100 2469 1159; x_wconf 88' lang='lat' dir='ltr'><strong>statim</strong></span> <span class='ocrx_word' id='word_1_75' title='bbox 2498 1115 2647 1160; x_wconf 90' lang='lat' dir='ltr'><strong>con-</strong></span> 
     </span>
     <span class='ocr_line' id='line_1_9' title="bbox 123 1195 2381 1274; baseline 0 -19"><span class='ocrx_word' id='word_1_76' title='bbox 123 1198 348 1273; x_wconf 87' lang='lat' dir='ltr'><strong>scripta</strong></span> <span class='ocrx_word' id='word_1_77' title='bbox 373 1211 580 1272; x_wconf 88' lang='lat' dir='ltr'><strong>neque</strong></span> <span class='ocrx_word' id='word_1_78' title='bbox 611 1211 910 1272; x_wconf 88' lang='lat' dir='ltr'><strong>umquam</strong></span> <span class='ocrx_word' id='word_1_79' title='bbox 935 1195 1077 1255; x_wconf 89' lang='lat' dir='ltr'><strong>viva</strong></span> <span class='ocrx_word' id='word_1_80' title='bbox 1103 1212 1258 1256; x_wconf 85' lang='lat' dir='ltr'><strong>voce</strong></span> <span class='ocrx_word' id='word_1_81' title='bbox 1285 1197 1679 1274; x_wconf 83' lang='lat' dir='ltr'><strong>promulgata</strong></span> <span class='ocrx_word' id='word_1_82' title='bbox 1706 1212 1842 1256; x_wconf 88' lang='lat' dir='ltr'><strong>esse</strong></span> <span class='ocrx_word' id='word_1_83' title='bbox 1872 1201 2041 1257; x_wconf 87' lang='lat' dir='ltr'><strong>recte</strong></span> <span class='ocrx_word' id='word_1_84' title='bbox 2067 1196 2381 1258; x_wconf 89' lang='lat' dir='ltr'><strong>dicuntur.</strong></span> 
     </span>
    </p>
   </div>
   <div class='ocr_carea' id='block_1_4' title="bbox 115 1307 2651 3400">
    <p class='ocr_par' dir='ltr' id='par_1_4' title="bbox 115 1307 2651 3400">
     <span class='ocr_line' id='line_1_10' title="bbox 188 1307 2649 1378; baseline 0 -14"><span class='ocrx_word' id='word_1_85' title='bbox 188 1309 448 1365; x_wconf 86' lang='lat' dir='ltr'><strong>Ieremias</strong></span> <span class='ocrx_word' id='word_1_86' title='bbox 479 1326 508 1360; x_wconf 76' lang='lat' dir='ltr'><strong>e</strong></span> <span class='ocrx_word' id='word_1_87' title='bbox 537 1309 748 1364; x_wconf 78' lang='lat' dir='ltr'><strong>omnia</strong></span> <span class='ocrx_word' id='word_1_88' title='bbox 773 1307 988 1374; x_wconf 83' lang='lat' dir='ltr'><strong>verba,</strong></span> <span class='ocrx_word' id='word_1_89' title='bbox 1019 1323 1160 1378; x_wconf 91' lang='lat' dir='ltr'><strong>quae</strong></span> <span class='ocrx_word' id='word_1_90' title='bbox 1196 1307 1489 1362; x_wconf 85' lang='lat' dir='ltr'><strong>adversum</strong></span> <span class='ocrx_word' id='word_1_91' title='bbox 1534 1308 1707 1364; x_wconf 87' lang='lat' dir='ltr'><strong>lsrael</strong></span> <span class='ocrx_word' id='word_1_92' title='bbox 1747 1317 1803 1363; x_wconf 90' lang='lat' dir='ltr'><strong>et</strong></span> <span class='ocrx_word' id='word_1_93' title='bbox 1843 1308 1981 1364; x_wconf 88' lang='lat' dir='ltr'><strong>Iuda</strong></span> <span class='ocrx_word' id='word_1_94' title='bbox 2025 1316 2081 1363; x_wconf 92' lang='lat' dir='ltr'><strong>et</strong></span> <span class='ocrx_word' id='word_1_95' title='bbox 2121 1307 2416 1364; x_wconf 84' lang='lat' dir='ltr'><strong>adversum</strong></span> <span class='ocrx_word' id='word_1_96' title='bbox 2455 1325 2649 1365; x_wconf 89' lang='lat' dir='ltr'><strong>omnes</strong></span> 
     </span>
     <span class='ocr_line' id='line_1_11' title="bbox 123 1394 2647 1470; baseline 0 -18"><span class='ocrx_word' id='word_1_97' title='bbox 123 1407 306 1469; x_wconf 82' lang='lat' dir='ltr'><strong>gentes</strong></span> <span class='ocrx_word' id='word_1_98' title='bbox 334 1399 486 1452; x_wconf 84' lang='lat' dir='ltr'><strong>Deus</strong></span> <span class='ocrx_word' id='word_1_99' title='bbox 513 1395 566 1452; x_wconf 88' lang='lat' dir='ltr'><strong>ei</strong></span> <span class='ocrx_word' id='word_1_100' title='bbox 592 1395 810 1452; x_wconf 88' lang='lat' dir='ltr'><strong>locutus</strong></span> <span class='ocrx_word' id='word_1_101' title='bbox 832 1405 956 1452; x_wconf 85' lang='lat' dir='ltr'><strong>erat</strong></span> <span class='ocrx_word' id='word_1_102' title='bbox 980 1411 1050 1451; x_wconf 82' lang='lat' dir='ltr'><strong>ex</strong></span> <span class='ocrx_word' id='word_1_103' title='bbox 1078 1394 1272 1451; x_wconf 89' lang='lat' dir='ltr'><strong>diebus</strong></span> <span class='ocrx_word' id='word_1_104' title='bbox 1300 1396 1475 1452; x_wconf 90' lang='lat' dir='ltr'><strong>Iosiae</strong></span> <span class='ocrx_word' id='word_1_105' title='bbox 1501 1396 1558 1467; x_wconf 90' lang='grc'><strong>(1.</strong></span> <span class='ocrx_word' id='word_1_106' title='bbox 1596 1413 1649 1451; x_wconf 84' lang='lat' dir='ltr'><strong>e.</strong></span> <span class='ocrx_word' id='word_1_107' title='bbox 1676 1395 1747 1451; x_wconf 88' lang='lat' dir='ltr'><strong>ab</strong></span> <span class='ocrx_word' id='word_1_108' title='bbox 1774 1411 1826 1452; x_wconf 86' lang='lat' dir='ltr'><strong>a.</strong></span> <span class='ocrx_word' id='word_1_109' title='bbox 1861 1401 1946 1453; x_wconf 77' lang='lat'><strong>13.</strong></span> <span class='ocrx_word' id='word_1_110' title='bbox 1980 1397 2174 1464; x_wconf 86' lang='lat' dir='ltr'><strong>Iosiae)</strong></span> <span class='ocrx_word' id='word_1_111' title='bbox 2203 1411 2379 1470; x_wconf 86' lang='lat' dir='ltr'><strong>usque</strong></span> <span class='ocrx_word' id='word_1_112' title='bbox 2405 1395 2476 1453; x_wconf 86' lang='lat' dir='ltr'><strong>ad</strong></span> <span class='ocrx_word' id='word_1_113' title='bbox 2500 1395 2647 1452; x_wconf 90' lang='lat' dir='ltr'><strong>diem</strong></span> 
     </span>
     <span class='ocr_line' id='line_1_12' title="bbox 121 1481 2649 1556; baseline 0 -16"><span class='ocrx_word' id='word_1_114' title='bbox 121 1487 274 1540; x_wconf 87' lang='lat' dir='ltr'><strong>istam</strong></span> <span class='ocrx_word' id='word_1_115' title='bbox 301 1505 330 1536; x_wconf 73' lang='grc'><strong>1»</strong></span> <span class='ocrx_word' id='word_1_116' title='bbox 363 1485 421 1550; x_wconf 92' lang='grc'><strong>(1.</strong></span> <span class='ocrx_word' id='word_1_117' title='bbox 451 1499 502 1540; x_wconf 89' lang='lat' dir='ltr'><strong>e.</strong></span> <span class='ocrx_word' id='word_1_118' title='bbox 537 1499 710 1556; x_wconf 88' lang='lat' dir='ltr'><strong>usque</strong></span> <span class='ocrx_word' id='word_1_119' title='bbox 743 1483 818 1539; x_wconf 90' lang='lat' dir='ltr'><strong>ad</strong></span> <span class='ocrx_word' id='word_1_120' title='bbox 844 1498 897 1539; x_wconf 88' lang='lat' dir='ltr'><strong>a.</strong></span> <span class='ocrx_word' id='word_1_121' title='bbox 928 1489 984 1537; x_wconf 86' lang='lat'><strong>4.</strong></span> <span class='ocrx_word' id='word_1_122' title='bbox 1017 1482 1251 1553; x_wconf 84' lang='lat' dir='ltr'><strong>Ioakim)</strong></span> <span class='ocrx_word' id='word_1_123' title='bbox 1281 1481 1522 1539; x_wconf 89' lang='lat' dir='ltr'><strong>scribere</strong></span> <span class='ocrx_word' id='word_1_124' title='bbox 1548 1484 1727 1539; x_wconf 85' lang='lat' dir='ltr'><strong>iussus</strong></span> <span class='ocrx_word' id='word_1_125' title='bbox 1755 1493 1837 1540; x_wconf 90' lang='lat' dir='ltr'><strong>est</strong></span> <span class='ocrx_word' id='word_1_126' title='bbox 1870 1487 2001 1550; x_wconf 83' lang='lat' dir='ltr'><strong>(Ier.</strong></span> <span class='ocrx_word' id='word_1_127' title='bbox 2028 1490 2207 1552; x_wconf 76' lang='lat'>36‚2);</span> <span class='ocrx_word' id='word_1_128' title='bbox 2238 1493 2297 1540; x_wconf 85' lang='lat' dir='ltr'><strong>at</strong></span> <span class='ocrx_word' id='word_1_129' title='bbox 2328 1485 2376 1540; x_wconf 90' lang='lat' dir='ltr'><strong>is</strong></span> <span class='ocrx_word' id='word_1_130' title='bbox 2401 1501 2517 1540; x_wconf 88' lang='lat' dir='ltr'><strong>non</strong></span> <span class='ocrx_word' id='word_1_131' title='bbox 2548 1485 2649 1542; x_wconf 79' lang='lat' dir='ltr'><strong>fuit</strong></span> 
     </span>
     <span class='ocr_line' id='line_1_13' title="bbox 123 1571 2643 1646; baseline 0.001 -20"><span class='ocrx_word' id='word_1_132' title='bbox 123 1573 396 1643; x_wconf 71' lang='lat' dir='ltr'><strong>praecepti</strong></span> <span class='ocrx_word' id='word_1_133' title='bbox 432 1587 654 1641; x_wconf 82' lang='lat' dir='ltr'><strong>sensus,</strong></span> <span class='ocrx_word' id='word_1_134' title='bbox 684 1580 748 1626; x_wconf 89' lang='lat' dir='ltr'><strong>ut</strong></span> <span class='ocrx_word' id='word_1_135' title='bbox 790 1586 981 1627; x_wconf 86' lang='lat' dir='ltr'><strong>omnes</strong></span> <span class='ocrx_word' id='word_1_136' title='bbox 1019 1579 1075 1626; x_wconf 88' lang='lat' dir='ltr'><strong>et</strong></span> <span class='ocrx_word' id='word_1_137' title='bbox 1109 1571 1352 1643; x_wconf 85' lang='lat' dir='ltr'><strong>singulos</strong></span> <span class='ocrx_word' id='word_1_138' title='bbox 1389 1586 1701 1638; x_wconf 77' lang='lat' dir='ltr'><strong>sermoneS,</strong></span> <span class='ocrx_word' id='word_1_139' title='bbox 1734 1587 1873 1644; x_wconf 91' lang='lat' dir='ltr'><strong>quos</strong></span> <span class='ocrx_word' id='word_1_140' title='bbox 1915 1588 1981 1627; x_wconf 87' lang='lat' dir='ltr'><strong>ex</strong></span> <span class='ocrx_word' id='word_1_141' title='bbox 2019 1573 2122 1629; x_wconf 88' lang='lat' dir='ltr'><strong>Dei</strong></span> <span class='ocrx_word' id='word_1_142' title='bbox 2150 1571 2415 1628; x_wconf 87' lang='lat' dir='ltr'><strong>instinctu</strong></span> <span class='ocrx_word' id='word_1_143' title='bbox 2454 1573 2643 1646; x_wconf 82' lang='lat' dir='ltr'><strong>viginti</strong></span> 
     </span>
     <span class='ocr_line' id='line_1_14' title="bbox 121 1657 2647 1732; baseline 0.002 -19"><span class='ocrx_word' id='word_1_144' title='bbox 121 1659 288 1716; x_wconf 86' lang='lat' dir='ltr'><strong>tribus</strong></span> <span class='ocrx_word' id='word_1_145' title='bbox 328 1659 490 1715; x_wconf 87' lang='lat' dir='ltr'><strong>annis</strong></span> <span class='ocrx_word' id='word_1_146' title='bbox 517 1657 588 1714; x_wconf 91' lang='lat' dir='ltr'><strong>ad</strong></span> <span class='ocrx_word' id='word_1_147' title='bbox 629 1658 893 1731; x_wconf 90' lang='lat' dir='ltr'><strong>populum</strong></span> <span class='ocrx_word' id='word_1_148' title='bbox 925 1657 1165 1726; x_wconf 80' lang='lat' dir='ltr'><strong>dixerat,</strong></span> <span class='ocrx_word' id='word_1_149' title='bbox 1203 1657 1322 1713; x_wconf 81' lang='lat' dir='ltr'><strong>fuse</strong></span> <span class='ocrx_word' id='word_1_150' title='bbox 1348 1658 1749 1728; x_wconf 80' lang='lat' dir='ltr'><strong>conscriberet,</strong></span> <span class='ocrx_word' id='word_1_151' title='bbox 1786 1658 1885 1715; x_wconf 83' lang='lat' dir='ltr'><strong>sed</strong></span> <span class='ocrx_word' id='word_1_152' title='bbox 1916 1668 1979 1714; x_wconf 89' lang='lat' dir='ltr'><strong>ut</strong></span> <span class='ocrx_word' id='word_1_153' title='bbox 2017 1675 2211 1715; x_wconf 88' lang='lat' dir='ltr'><strong>eorum</strong></span> <span class='ocrx_word' id='word_1_154' title='bbox 2240 1659 2523 1732; x_wconf 88' lang='lat' dir='ltr'><strong>epitomen</strong></span> <span class='ocrx_word' id='word_1_155' title='bbox 2546 1661 2647 1717; x_wconf 91' lang='lat' dir='ltr'><strong>ali-</strong></span> 
     </span>
     <span class='ocr_line' id='line_1_15' title="bbox 123 1745 2646 1820; baseline 0 -17"><span class='ocrx_word' id='word_1_156' title='bbox 123 1763 284 1818; x_wconf 88' lang='lat' dir='ltr'><strong>quam</strong></span> <span class='ocrx_word' id='word_1_157' title='bbox 311 1745 604 1815; x_wconf 80' lang='lat' dir='ltr'><strong>conderet3</strong></span> <span class='ocrx_word' id='word_1_158' title='bbox 630 1745 692 1802; x_wconf 88' lang='lat' dir='ltr'><strong>id</strong></span> <span class='ocrx_word' id='word_1_159' title='bbox 719 1747 870 1802; x_wconf 88' lang='lat' dir='ltr'><strong>enim</strong></span> <span class='ocrx_word' id='word_1_160' title='bbox 906 1745 1186 1802; x_wconf 78' lang='lat' dir='ltr'><strong>evidenter</strong></span> <span class='ocrx_word' id='word_1_161' title='bbox 1213 1746 1396 1802; x_wconf 90' lang='lat' dir='ltr'><strong>elucet</strong></span> <span class='ocrx_word' id='word_1_162' title='bbox 1419 1761 1486 1800; x_wconf 89' lang='lat' dir='ltr'><strong>ex</strong></span> <span class='ocrx_word' id='word_1_163' title='bbox 1515 1763 1610 1814; x_wconf 88' lang='lat' dir='ltr'><strong>eo,</strong></span> <span class='ocrx_word' id='word_1_164' title='bbox 1640 1746 1791 1814; x_wconf 85' lang='lat' dir='ltr'><strong>quod</strong></span> <span class='ocrx_word' id='word_1_165' title='bbox 1820 1762 1993 1818; x_wconf 91' lang='lat' dir='ltr'><strong>quum</strong></span> <span class='ocrx_word' id='word_1_166' title='bbox 2027 1763 2124 1804; x_wconf 87' lang='lat' dir='ltr'><strong>rex</strong></span> <span class='ocrx_word' id='word_1_167' title='bbox 2165 1747 2380 1804; x_wconf 86' lang='lat' dir='ltr'><strong>loakim</strong></span> <span class='ocrx_word' id='word_1_168' title='bbox 2406 1749 2646 1820; x_wconf 87' lang='lat' dir='ltr'><strong>priorem</strong></span> 
     </span>
     <span class='ocr_line' id='line_1_16' title="bbox 121 1833 2649 1908; baseline 0.001 -20"><span class='ocrx_word' id='word_1_169' title='bbox 121 1834 318 1890; x_wconf 89' lang='lat' dir='ltr'><strong>librum</strong></span> <span class='ocrx_word' id='word_1_170' title='bbox 355 1833 774 1904; x_wconf 82' lang='lat' dir='ltr'><strong>combussisset,</strong></span> <span class='ocrx_word' id='word_1_171' title='bbox 810 1834 1080 1905; x_wconf 83' lang='lat' dir='ltr'><strong>propheta</strong></span> <span class='ocrx_word' id='word_1_172' title='bbox 1115 1835 1354 1890; x_wconf 86' lang='lat' dir='ltr'><strong>alterum</strong></span> <span class='ocrx_word' id='word_1_173' title='bbox 1393 1833 1700 1890; x_wconf 83' lang='lat' dir='ltr'><strong>eorundem</strong></span> <span class='ocrx_word' id='word_1_174' title='bbox 1731 1850 2053 1890; x_wconf 83' lang='lat' dir='ltr'><strong>sermonum</strong></span> <span class='ocrx_word' id='word_1_175' title='bbox 2095 1837 2374 1907; x_wconf 87' lang='lat' dir='ltr'><strong>exemplar</strong></span> <span class='ocrx_word' id='word_1_176' title='bbox 2414 1837 2649 1908; x_wconf 80' lang='lat' dir='ltr'><strong>dictaret</strong></span> 
     </span>
     <span class='ocr_line' id='line_1_17' title="bbox 119 1921 2649 1999; baseline 0.002 -23"><span class='ocrx_word' id='word_1_177' title='bbox 119 1923 457 1990; x_wconf 85' lang='lat' dir='ltr'><strong>adderetque</strong></span> <span class='ocrx_word' id='word_1_178' title='bbox 489 1941 516 1974; x_wconf 75' lang='grc' dir='ltr'><strong>α</strong></span> <span class='ocrx_word' id='word_1_179' title='bbox 559 1937 847 1978; x_wconf 73' lang='lat' dir='ltr'><strong>sermones</strong></span> <span class='ocrx_word' id='word_1_180' title='bbox 876 1921 1110 1994; x_wconf 78' lang='lat' dir='ltr'><strong>plures,</strong></span> <span class='ocrx_word' id='word_1_181' title='bbox 1157 1937 1332 1995; x_wconf 80' lang='lat' dir='ltr'><strong>quam</strong></span> <span class='ocrx_word' id='word_1_182' title='bbox 1383 1927 1569 1977; x_wconf 79' lang='lat' dir='ltr'><strong>antea</strong></span> <span class='ocrx_word' id='word_1_183' title='bbox 1606 1921 1851 1999; x_wconf 76' lang='lat' dir='ltr'><strong>fuerant</strong></span> <span class='ocrx_word' id='word_1_184' title='bbox 1898 1941 1925 1974; x_wconf 74' lang='grc' dir='ltr'><strong>υ</strong></span> <span class='ocrx_word' id='word_1_185' title='bbox 1966 1926 2185 1990; x_wconf 88' lang='lat' dir='ltr'><strong>(Ierem.</strong></span> <span class='ocrx_word' id='word_1_186' title='bbox 2231 1928 2431 1992; x_wconf 57' lang='grc'><strong>3632).</strong></span> <span class='ocrx_word' id='word_1_187' title='bbox 2472 1925 2649 1981; x_wconf 82' lang='lat' dir='ltr'><strong>Simili</strong></span> 
     </span>
     <span class='ocr_line' id='line_1_18' title="bbox 121 2009 2647 2083; baseline 0.001 -17"><span class='ocrx_word' id='word_1_188' title='bbox 121 2009 280 2068; x_wconf 87' lang='lat' dir='ltr'><strong>modo</strong></span> <span class='ocrx_word' id='word_1_189' title='bbox 309 2011 554 2082; x_wconf 79' lang='lat' dir='ltr'><strong>reliquos</strong></span> <span class='ocrx_word' id='word_1_190' title='bbox 584 2009 880 2081; x_wconf 90' lang='lat' dir='ltr'><strong>prophetas</strong></span> <span class='ocrx_word' id='word_1_191' title='bbox 907 2009 1106 2066; x_wconf 90' lang='lat' dir='ltr'><strong>saltem</strong></span> <span class='ocrx_word' id='word_1_192' title='bbox 1135 2009 1425 2080; x_wconf 83' lang='lat' dir='ltr'><strong>aliquoties</strong></span> <span class='ocrx_word' id='word_1_193' title='bbox 1453 2010 1658 2083; x_wconf 78' lang='lat' dir='ltr'><strong>egisse,</strong></span> <span class='ocrx_word' id='word_1_194' title='bbox 1693 2009 1820 2066; x_wconf 90' lang='lat' dir='ltr'><strong>libri</strong></span> <span class='ocrx_word' id='word_1_195' title='bbox 1845 2026 2042 2066; x_wconf 90' lang='lat' dir='ltr'><strong>eorum</strong></span> <span class='ocrx_word' id='word_1_196' title='bbox 2068 2011 2470 2068; x_wconf 89' lang='lat' dir='ltr'><strong>demonstrant.</strong></span> <span class='ocrx_word' id='word_1_197' title='bbox 2495 2014 2647 2083; x_wconf 91' lang='lat' dir='ltr'><strong>Qua-</strong></span> 
     </span>
     <span class='ocr_line' id='line_1_19' title="bbox 117 2096 2649 2170; baseline 0 -16"><span class='ocrx_word' id='word_1_198' title='bbox 117 2109 244 2156; x_wconf 85' lang='lat' dir='ltr'><strong>tuor</strong></span> <span class='ocrx_word' id='word_1_199' title='bbox 265 2097 542 2170; x_wconf 84' lang='lat' dir='ltr'><strong>capitibus</strong></span> <span class='ocrx_word' id='word_1_200' title='bbox 569 2100 772 2154; x_wconf 70' lang='lat' dir='ltr'><strong>Isaiae</strong></span> <span class='ocrx_word' id='word_1_201' title='bbox 797 2102 1002 2162; x_wconf 80' lang='lat'><strong>(2.-5.)</strong></span> <span class='ocrx_word' id='word_1_202' title='bbox 1031 2113 1094 2153; x_wconf 84' lang='lat' dir='ltr'><strong>ea</strong></span> <span class='ocrx_word' id='word_1_203' title='bbox 1119 2096 1569 2167; x_wconf 81' lang='lat' dir='ltr'><strong>comprehendit,</strong></span> <span class='ocrx_word' id='word_1_204' title='bbox 1604 2113 1745 2167; x_wconf 89' lang='lat' dir='ltr'><strong>quae</strong></span> <span class='ocrx_word' id='word_1_205' title='bbox 1770 2098 2011 2154; x_wconf 83' lang='lat' dir='ltr'><strong>sedecim</strong></span> <span class='ocrx_word' id='word_1_206' title='bbox 2035 2100 2139 2166; x_wconf 83' lang='lat' dir='ltr'><strong>(vel</strong></span> <span class='ocrx_word' id='word_1_207' title='bbox 2167 2099 2281 2167; x_wconf 86' lang='lat' dir='ltr'><strong>sex)</strong></span> <span class='ocrx_word' id='word_1_208' title='bbox 2308 2099 2466 2156; x_wconf 90' lang='lat' dir='ltr'><strong>annis</strong></span> <span class='ocrx_word' id='word_1_209' title='bbox 2493 2103 2649 2170; x_wconf 79' lang='lat' dir='ltr'><strong>regni</strong></span> 
     </span>
     <span class='ocr_line' id='line_1_20' title="bbox 119 2183 2645 2259; baseline 0 -18"><span class='ocrx_word' id='word_1_210' title='bbox 119 2186 370 2242; x_wconf 90' lang='lat' dir='ltr'><strong>Ioatham</strong></span> <span class='ocrx_word' id='word_1_211' title='bbox 397 2185 726 2241; x_wconf 86' lang='lat' dir='ltr'><strong>vaticinatus</strong></span> <span class='ocrx_word' id='word_1_212' title='bbox 759 2194 870 2246; x_wconf 80' lang='lat' dir='ltr'><strong>est;</strong></span> <span class='ocrx_word' id='word_1_213' title='bbox 899 2183 1316 2256; x_wconf 87' lang='lat' dir='ltr'><strong>quatuordecim</strong></span> <span class='ocrx_word' id='word_1_214' title='bbox 1346 2183 1617 2256; x_wconf 86' lang='lat' dir='ltr'><strong>capitibus</strong></span> <span class='ocrx_word' id='word_1_215' title='bbox 1654 2186 1798 2241; x_wconf 85' lang='lat' dir='ltr'><strong>Osee</strong></span> <span class='ocrx_word' id='word_1_216' title='bbox 1834 2201 1899 2244; x_wconf 87' lang='lat' dir='ltr'><strong>ea</strong></span> <span class='ocrx_word' id='word_1_217' title='bbox 1936 2186 2341 2257; x_wconf 81' lang='lat' dir='ltr'><strong>complectitur,</strong></span> <span class='ocrx_word' id='word_1_218' title='bbox 2373 2202 2518 2259; x_wconf 86' lang='lat' dir='ltr'><strong>quae</strong></span> <span class='ocrx_word' id='word_1_219' title='bbox 2542 2187 2645 2242; x_wconf 90' lang='lat' dir='ltr'><strong>sub</strong></span> 
     </span>
     <span class='ocr_line' id='line_1_21' title="bbox 118 2271 2648 2346; baseline 0 -16"><span class='ocrx_word' id='word_1_220' title='bbox 118 2283 358 2344; x_wconf 84' lang='lat' dir='ltr'><strong>quatuor</strong></span> <span class='ocrx_word' id='word_1_221' title='bbox 383 2272 606 2346; x_wconf 85' lang='lat' dir='ltr'><strong>regibus</strong></span> <span class='ocrx_word' id='word_1_222' title='bbox 642 2273 1040 2346; x_wconf 85' lang='lat' dir='ltr'><strong>quinquaginta</strong></span> <span class='ocrx_word' id='word_1_223' title='bbox 1068 2273 1284 2328; x_wconf 84' lang='lat' dir='ltr'><strong>circiter</strong></span> <span class='ocrx_word' id='word_1_224' title='bbox 1321 2273 1482 2329; x_wconf 88' lang='lat' dir='ltr'><strong>annis</strong></span> <span class='ocrx_word' id='word_1_225' title='bbox 1518 2271 1777 2344; x_wconf 87' lang='lat' dir='ltr'><strong>operibus</strong></span> <span class='ocrx_word' id='word_1_226' title='bbox 1812 2283 1867 2329; x_wconf 87' lang='lat' dir='ltr'><strong>et</strong></span> <span class='ocrx_word' id='word_1_227' title='bbox 1903 2274 2085 2330; x_wconf 83' lang='lat' dir='ltr'><strong>verbis</strong></span> <span class='ocrx_word' id='word_1_228' title='bbox 2116 2274 2433 2341; x_wconf 86' lang='lat' dir='ltr'><strong>praedicare</strong></span> <span class='ocrx_word' id='word_1_229' title='bbox 2468 2276 2648 2332; x_wconf 88' lang='lat' dir='ltr'><strong>iussus</strong></span> 
     </span>
     <span class='ocr_line' id='line_1_22' title="bbox 120 2360 2649 2436; baseline 0.001 -20"><span class='ocrx_word' id='word_1_230' title='bbox 120 2371 252 2417; x_wconf 79' lang='lat' dir='ltr'><strong>erat.</strong></span> <span class='ocrx_word' id='word_1_231' title='bbox 295 2365 477 2433; x_wconf 79' lang='lat' dir='ltr'><strong>Atque</strong></span> <span class='ocrx_word' id='word_1_232' title='bbox 517 2363 696 2432; x_wconf 89' lang='lat' dir='ltr'><strong>ipsum</strong></span> <span class='ocrx_word' id='word_1_233' title='bbox 739 2360 954 2416; x_wconf 87' lang='lat' dir='ltr'><strong>dicendi</strong></span> <span class='ocrx_word' id='word_1_234' title='bbox 1001 2375 1174 2433; x_wconf 79' lang='lat' dir='ltr'><strong>genus</strong></span> <span class='ocrx_word' id='word_1_235' title='bbox 1201 2361 1482 2417; x_wconf 88' lang='lat' dir='ltr'><strong>concisum</strong></span> <span class='ocrx_word' id='word_1_236' title='bbox 1517 2368 1575 2417; x_wconf 91' lang='lat' dir='ltr'><strong>et</strong></span> <span class='ocrx_word' id='word_1_237' title='bbox 1614 2360 1779 2418; x_wconf 88' lang='lat' dir='ltr'><strong>rebus</strong></span> <span class='ocrx_word' id='word_1_238' title='bbox 1816 2360 2177 2434; x_wconf 86' lang='lat' dir='ltr'><strong>sensibusque</strong></span> <span class='ocrx_word' id='word_1_239' title='bbox 2211 2363 2506 2433; x_wconf 79' lang='lat' dir='ltr'><strong>refertum,</strong></span> <span class='ocrx_word' id='word_1_240' title='bbox 2538 2379 2649 2436; x_wconf 91' lang='lat' dir='ltr'><strong>quo</strong></span> 
     </span>
     <span class='ocr_line' id='line_1_23' title="bbox 121 2448 2647 2521; baseline 0.002 -17"><span class='ocrx_word' id='word_1_241' title='bbox 121 2450 366 2521; x_wconf 86' lang='lat' dir='ltr'><strong>plerique</strong></span> <span class='ocrx_word' id='word_1_242' title='bbox 393 2448 522 2505; x_wconf 87' lang='lat' dir='ltr'><strong>libri</strong></span> <span class='ocrx_word' id='word_1_243' title='bbox 545 2448 852 2520; x_wconf 86' lang='lat' dir='ltr'><strong>prophetici</strong></span> <span class='ocrx_word' id='word_1_244' title='bbox 874 2449 1172 2520; x_wconf 84' lang='lat' dir='ltr'><strong>conscripti</strong></span> <span class='ocrx_word' id='word_1_245' title='bbox 1197 2459 1344 2518; x_wconf 89' lang='lat' dir='ltr'><strong>sunt,</strong></span> <span class='ocrx_word' id='word_1_246' title='bbox 1375 2448 1602 2505; x_wconf 90' lang='lat' dir='ltr'><strong>omnino</strong></span> <span class='ocrx_word' id='word_1_247' title='bbox 1625 2449 1810 2519; x_wconf 88' lang='lat' dir='ltr'><strong>docet,</strong></span> <span class='ocrx_word' id='word_1_248' title='bbox 1836 2465 2121 2507; x_wconf 85' lang='lat' dir='ltr'><strong>sermones</strong></span> <span class='ocrx_word' id='word_1_249' title='bbox 2140 2449 2212 2506; x_wconf 87' lang='lat' dir='ltr'><strong>ad</strong></span> <span class='ocrx_word' id='word_1_250' title='bbox 2244 2451 2507 2521; x_wconf 89' lang='lat' dir='ltr'><strong>populum</strong></span> <span class='ocrx_word' id='word_1_251' title='bbox 2534 2468 2647 2508; x_wconf 91' lang='lat' dir='ltr'><strong>non</strong></span> 
     </span>
     <span class='ocr_line' id='line_1_24' title="bbox 122 2535 2651 2608; baseline 0.002 -16"><span class='ocrx_word' id='word_1_252' title='bbox 122 2538 358 2608; x_wconf 86' lang='lat' dir='ltr'><strong>potuisse</strong></span> <span class='ocrx_word' id='word_1_253' title='bbox 388 2551 456 2592; x_wconf 84' lang='lat' dir='ltr'><strong>ea</strong></span> <span class='ocrx_word' id='word_1_254' title='bbox 481 2537 696 2592; x_wconf 87' lang='lat' dir='ltr'><strong>ratione</strong></span> <span class='ocrx_word' id='word_1_255' title='bbox 725 2535 862 2603; x_wconf 83' lang='lat' dir='ltr'><strong>dici,</strong></span> <span class='ocrx_word' id='word_1_256' title='bbox 893 2551 1002 2608; x_wconf 90' lang='lat' dir='ltr'><strong>qua</strong></span> <span class='ocrx_word' id='word_1_257' title='bbox 1030 2536 1198 2592; x_wconf 90' lang='lat' dir='ltr'><strong>hodie</strong></span> <span class='ocrx_word' id='word_1_258' title='bbox 1233 2537 1573 2608; x_wconf 84' lang='lat' dir='ltr'><strong>conscriptos</strong></span> <span class='ocrx_word' id='word_1_259' title='bbox 1608 2551 1707 2594; x_wconf 84' lang='lat' dir='ltr'><strong>eos</strong></span> <span class='ocrx_word' id='word_1_260' title='bbox 1730 2537 2095 2608; x_wconf 59' lang='lat' dir='ltr'><strong>possidemus</strong></span> <span class='ocrx_word' id='word_1_261' title='bbox 2125 2569 2196 2580; x_wconf 84' lang='lat'><strong>—-</strong></span> <span class='ocrx_word' id='word_1_262' title='bbox 2228 2542 2491 2595; x_wconf 84' lang='lat' dir='ltr'><strong>Attamen</strong></span> <span class='ocrx_word' id='word_1_263' title='bbox 2520 2539 2651 2596; x_wconf 87' lang='lat' dir='ltr'><strong>licet</strong></span> 
     </span>
     <span class='ocr_line' id='line_1_25' title="bbox 120 2623 2645 2696; baseline 0.001 -15"><span class='ocrx_word' id='word_1_264' title='bbox 120 2627 292 2681; x_wconf 81' lang='lat' dir='ltr'><strong>multa</strong></span> <span class='ocrx_word' id='word_1_265' title='bbox 319 2625 434 2680; x_wconf 87' lang='lat' dir='ltr'><strong>sint</strong></span> <span class='ocrx_word' id='word_1_266' title='bbox 455 2623 844 2694; x_wconf 89' lang='lat' dir='ltr'><strong>compendiose</strong></span> <span class='ocrx_word' id='word_1_267' title='bbox 870 2625 1206 2696; x_wconf 87' lang='lat' dir='ltr'><strong>conscripta,</strong></span> <span class='ocrx_word' id='word_1_268' title='bbox 1239 2633 1531 2696; x_wconf 87' lang='lat' dir='ltr'><strong>postquam</strong></span> <span class='ocrx_word' id='word_1_269' title='bbox 1556 2624 1729 2680; x_wconf 77' lang='lat' dir='ltr'><strong>fusius</strong></span> <span class='ocrx_word' id='word_1_270' title='bbox 1752 2641 1853 2696; x_wconf 88' lang='lat' dir='ltr'><strong>pro</strong></span> <span class='ocrx_word' id='word_1_271' title='bbox 1884 2627 2153 2682; x_wconf 90' lang='lat' dir='ltr'><strong>concione</strong></span> <span class='ocrx_word' id='word_1_272' title='bbox 2174 2635 2306 2681; x_wconf 88' lang='lat' dir='ltr'><strong>sunt</strong></span> <span class='ocrx_word' id='word_1_273' title='bbox 2329 2625 2475 2684; x_wconf 90' lang='lat' dir='ltr'><strong>dicta</strong></span> <span class='ocrx_word' id='word_1_274' title='bbox 2490 2669 2505 2692; x_wconf 82' lang='grc'><em>,</em></span> <span class='ocrx_word' id='word_1_275' title='bbox 2538 2627 2645 2684; x_wconf 86' lang='grc'><strong>3113</strong></span> 
     </span>
     <span class='ocr_line' id='line_1_26' title="bbox 123 2711 2646 2786; baseline 0 -17"><span class='ocrx_word' id='word_1_276' title='bbox 123 2721 314 2769; x_wconf 85' lang='lat' dir='ltr'><strong>tamen</strong></span> <span class='ocrx_word' id='word_1_277' title='bbox 335 2727 642 2784; x_wconf 85' lang='lat' dir='ltr'><strong>numquam</strong></span> <span class='ocrx_word' id='word_1_278' title='bbox 672 2711 793 2768; x_wconf 84' lang='lat' dir='ltr'><strong>viva</strong></span> <span class='ocrx_word' id='word_1_279' title='bbox 817 2727 950 2768; x_wconf 85' lang='lat' dir='ltr'><strong>voce</strong></span> <span class='ocrx_word' id='word_1_280' title='bbox 981 2727 1014 2766; x_wconf 92' lang='lat' dir='ltr'><strong>a</strong></span> <span class='ocrx_word' id='word_1_281' title='bbox 1037 2713 1318 2783; x_wconf 88' lang='lat' dir='ltr'><strong>prophetis</strong></span> <span class='ocrx_word' id='word_1_282' title='bbox 1343 2720 1476 2768; x_wconf 86' lang='lat' dir='ltr'><strong>sunt</strong></span> <span class='ocrx_word' id='word_1_283' title='bbox 1497 2713 1874 2785; x_wconf 71' lang='lat' dir='ltr'><strong>promulgata,</strong></span> <span class='ocrx_word' id='word_1_284' title='bbox 1908 2729 2018 2786; x_wconf 88' lang='lat' dir='ltr'><strong>quo</strong></span> <span class='ocrx_word' id='word_1_285' title='bbox 2038 2729 2152 2768; x_wconf 91' lang='lat' dir='ltr'><strong>non</strong></span> <span class='ocrx_word' id='word_1_286' title='bbox 2174 2722 2391 2769; x_wconf 88' lang='lat' dir='ltr'><strong>tantum</strong></span> <span class='ocrx_word' id='word_1_287' title='bbox 2423 2714 2646 2770; x_wconf 89' lang='lat' dir='ltr'><strong>histori-</strong></span> 
     </span>
     <span class='ocr_line' id='line_1_27' title="bbox 122 2799 2642 2872; baseline 0 -15"><span class='ocrx_word' id='word_1_288' title='bbox 122 2817 216 2857; x_wconf 85' lang='lat' dir='ltr'><strong>cae</strong></span> <span class='ocrx_word' id='word_1_289' title='bbox 249 2799 600 2857; x_wconf 82' lang='lat' dir='ltr'><strong>narrationes</strong></span> <span class='ocrx_word' id='word_1_290' title='bbox 635 2799 914 2871; x_wconf 83' lang='lat' dir='ltr'><strong>pertinent</strong></span> <span class='ocrx_word' id='word_1_291' title='bbox 949 2803 1149 2868; x_wconf 68' lang='lat' dir='ltr'><strong>(Iona-³</strong></span> <span class='ocrx_word' id='word_1_292' title='bbox 1184 2800 1424 2872; x_wconf 70' lang='lat' dir='ltr'><strong>integen</strong></span> <span class='ocrx_word' id='word_1_293' title='bbox 1456 2802 1533 2854; x_wconf 82' lang='lat' dir='ltr'><strong>Is.</strong></span> <span class='ocrx_word' id='word_1_294' title='bbox 1567 2805 1820 2866; x_wconf 83' lang='grc'><strong>36.-39.;</strong></span> <span class='ocrx_word' id='word_1_295' title='bbox 1852 2804 2056 2856; x_wconf 83' lang='lat' dir='ltr'><strong>Ierem.</strong></span> <span class='ocrx_word' id='word_1_296' title='bbox 2096 2807 2327 2857; x_wconf 83' lang='grc'><strong>36.-43.</strong></span> <span class='ocrx_word' id='word_1_297' title='bbox 2355 2808 2453 2871; x_wconf 78' lang='lat'><strong>523</strong></span> <span class='ocrx_word' id='word_1_298' title='bbox 2488 2807 2642 2858; x_wconf 84' lang='lat' dir='ltr'><strong>Dan.</strong></span> 
     </span>
     <span class='ocr_line' id='line_1_28' title="bbox 122 2887 2645 2961; baseline 0.001 -18"><span class='ocrx_word' id='word_1_299' title='bbox 122 2895 304 2957; x_wconf 85' lang='lat'><strong>1.-6.)</strong></span> <span class='ocrx_word' id='word_1_300' title='bbox 327 2897 426 2944; x_wconf 86' lang='lat' dir='ltr'><strong>aut</strong></span> <span class='ocrx_word' id='word_1_301' title='bbox 445 2887 728 2944; x_wconf 78' lang='lat' dir='ltr'><strong>breviores</strong></span> <span class='ocrx_word' id='word_1_302' title='bbox 757 2896 924 2944; x_wconf 89' lang='lat' dir='ltr'><strong>notae</strong></span> <span class='ocrx_word' id='word_1_303' title='bbox 946 2887 1239 2944; x_wconf 88' lang='lat' dir='ltr'><strong>historicae</strong></span> <span class='ocrx_word' id='word_1_304' title='bbox 1273 2887 1621 2944; x_wconf 87' lang='lat' dir='ltr'><strong>sermonibus</strong></span> <span class='ocrx_word' id='word_1_305' title='bbox 1645 2897 1701 2943; x_wconf 89' lang='lat' dir='ltr'><strong>et</strong></span> <span class='ocrx_word' id='word_1_306' title='bbox 1730 2889 1995 2944; x_wconf 87' lang='lat' dir='ltr'><strong>vaticiniis</strong></span> <span class='ocrx_word' id='word_1_307' title='bbox 2020 2889 2381 2960; x_wconf 80' lang='lat' dir='ltr'><strong>praemissae,</strong></span> <span class='ocrx_word' id='word_1_308' title='bbox 2408 2899 2505 2947; x_wconf 92' lang='lat' dir='ltr'><strong>aut</strong></span> <span class='ocrx_word' id='word_1_309' title='bbox 2527 2891 2645 2961; x_wconf 89' lang='lat' dir='ltr'><strong>epi-</strong></span> 
     </span>
     <span class='ocr_line' id='line_1_29' title="bbox 116 2975 2649 3048; baseline 0.001 -18"><span class='ocrx_word' id='word_1_310' title='bbox 116 2979 292 3033; x_wconf 88' lang='lat' dir='ltr'><strong>stolae</strong></span> <span class='ocrx_word' id='word_1_311' title='bbox 320 2979 453 3044; x_wconf 80' lang='lat' dir='ltr'><strong>(Ier.</strong></span> <span class='ocrx_word' id='word_1_312' title='bbox 483 2981 582 3042; x_wconf 75' lang='lat'><strong>293</strong></span> <span class='ocrx_word' id='word_1_313' title='bbox 611 2980 762 3032; x_wconf 83' lang='lat' dir='ltr'><strong>Bar.</strong></span> <span class='ocrx_word' id='word_1_314' title='bbox 788 2977 888 3048; x_wconf 82' lang='grc'><strong>6.),</strong></span> <span class='ocrx_word' id='word_1_315' title='bbox 920 2985 1015 3031; x_wconf 89' lang='lat' dir='ltr'><strong>aut</strong></span> <span class='ocrx_word' id='word_1_316' title='bbox 1039 2975 1326 3047; x_wconf 84' lang='lat' dir='ltr'><strong>pericopae</strong></span> <span class='ocrx_word' id='word_1_317' title='bbox 1347 2976 1502 3046; x_wconf 89' lang='lat' dir='ltr'><strong>illae,</strong></span> <span class='ocrx_word' id='word_1_318' title='bbox 1537 2991 1677 3047; x_wconf 91' lang='lat' dir='ltr'><strong>quae</strong></span> <span class='ocrx_word' id='word_1_319' title='bbox 1706 2975 1988 3034; x_wconf 89' lang='lat' dir='ltr'><strong>concionis</strong></span> <span class='ocrx_word' id='word_1_320' title='bbox 2015 2976 2189 3033; x_wconf 80' lang='lat' dir='ltr'><strong>forma</strong></span> <span class='ocrx_word' id='word_1_321' title='bbox 2213 2992 2437 3048; x_wconf 89' lang='lat' dir='ltr'><strong>prorsus</strong></span> <span class='ocrx_word' id='word_1_322' title='bbox 2456 2987 2649 3034; x_wconf 88' lang='lat' dir='ltr'><strong>carent</strong></span> 
     </span>
     <span class='ocr_line' id='line_1_30' title="bbox 117 3063 2646 3139; baseline 0.001 -21"><span class='ocrx_word' id='word_1_323' title='bbox 117 3069 206 3120; x_wconf 78' lang='lat' dir='ltr'><strong>(Is.</strong></span> <span class='ocrx_word' id='word_1_324' title='bbox 233 3071 325 3132; x_wconf 76' lang='lat'><strong>6.;</strong></span> <span class='ocrx_word' id='word_1_325' title='bbox 355 3067 502 3121; x_wconf 81' lang='lat' dir='ltr'><strong>Dan.</strong></span> <span class='ocrx_word' id='word_1_326' title='bbox 529 3070 582 3118; x_wconf 86' lang='grc'><strong>7.</strong></span> <span class='ocrx_word' id='word_1_327' title='bbox 616 3079 734 3136; x_wconf 88' lang='lat' dir='ltr'><strong>sqq.</strong></span> <span class='ocrx_word' id='word_1_328' title='bbox 771 3071 921 3132; x_wconf 90' lang='lat' dir='ltr'><strong>etc.),</strong></span> <span class='ocrx_word' id='word_1_329' title='bbox 949 3063 1045 3120; x_wconf 91' lang='lat' dir='ltr'><strong>sed</strong></span> <span class='ocrx_word' id='word_1_330' title='bbox 1078 3065 1243 3119; x_wconf 84' lang='lat' dir='ltr'><strong>etiam</strong></span> <span class='ocrx_word' id='word_1_331' title='bbox 1269 3080 1384 3120; x_wconf 93' lang='lat' dir='ltr'><strong>non</strong></span> <span class='ocrx_word' id='word_1_332' title='bbox 1412 3078 1614 3135; x_wconf 82' lang='lat' dir='ltr'><strong>pauca,</strong></span> <span class='ocrx_word' id='word_1_333' title='bbox 1646 3065 1702 3118; x_wconf 90' lang='lat' dir='ltr'><strong>in</strong></span> <span class='ocrx_word' id='word_1_334' title='bbox 1732 3063 1932 3136; x_wconf 89' lang='lat' dir='ltr'><strong>quibus</strong></span> <span class='ocrx_word' id='word_1_335' title='bbox 1958 3065 2239 3121; x_wconf 86' lang='lat' dir='ltr'><strong>concionis</strong></span> <span class='ocrx_word' id='word_1_336' title='bbox 2267 3065 2447 3121; x_wconf 81' lang='lat' dir='ltr'><strong>forma</strong></span> <span class='ocrx_word' id='word_1_337' title='bbox 2470 3067 2646 3139; x_wconf 87' lang='lat' dir='ltr'><strong>magis</strong></span> 
     </span>
     <span class='ocr_line' id='line_1_31' title="bbox 118 3139 2645 3225; baseline 0.001 -18"><span class='ocrx_word' id='word_1_338' title='bbox 118 3153 366 3208; x_wconf 76' lang='lat' dir='ltr'><strong>minusve</strong></span> <span class='ocrx_word' id='word_1_339' title='bbox 387 3160 473 3207; x_wconf 85' lang='lat' dir='ltr'><strong>est</strong></span> <span class='ocrx_word' id='word_1_340' title='bbox 495 3162 844 3217; x_wconf 85' lang='lat' dir='ltr'><strong>conservata,</strong></span> <span class='ocrx_word' id='word_1_341' title='bbox 871 3149 970 3208; x_wconf 92' lang='lat' dir='ltr'><strong>sed</strong></span> <span class='ocrx_word' id='word_1_342' title='bbox 993 3167 1230 3223; x_wconf 91' lang='lat' dir='ltr'><strong>quorum</strong></span> <span class='ocrx_word' id='word_1_343' title='bbox 1257 3159 1583 3225; x_wconf 80' lang='lat' dir='ltr'><strong>argumenta</strong></span> <span class='ocrx_word' id='word_1_344' title='bbox 1605 3139 1961 3208; x_wconf 84' lang='lat' dir='ltr'><strong>concionibus</strong></span> <span class='ocrx_word' id='word_1_345' title='bbox 1988 3168 2179 3209; x_wconf 91' lang='lat' dir='ltr'><strong>coram</strong></span> <span class='ocrx_word' id='word_1_346' title='bbox 2205 3155 2408 3224; x_wconf 91' lang='lat' dir='ltr'><strong>populo</strong></span> <span class='ocrx_word' id='word_1_347' title='bbox 2432 3153 2645 3210; x_wconf 87' lang='lat' dir='ltr'><strong>haben-</strong></span> 
     </span>
     <span class='ocr_line' id='line_1_32' title="bbox 117 3239 2641 3315; baseline 0.002 -21"><span class='ocrx_word' id='word_1_348' title='bbox 117 3240 194 3296; x_wconf 82' lang='lat' dir='ltr'><strong>dis</strong></span> <span class='ocrx_word' id='word_1_349' title='bbox 223 3255 426 3311; x_wconf 89' lang='lat' dir='ltr'><strong>parum</strong></span> <span class='ocrx_word' id='word_1_350' title='bbox 463 3239 718 3296; x_wconf 82' lang='lat' dir='ltr'><strong>videntur</strong></span> <span class='ocrx_word' id='word_1_351' title='bbox 753 3255 871 3296; x_wconf 89' lang='lat' dir='ltr'><strong>esse</strong></span> <span class='ocrx_word' id='word_1_352' title='bbox 907 3239 1166 3310; x_wconf 84' lang='lat' dir='ltr'><strong>adaptata</strong></span> <span class='ocrx_word' id='word_1_353' title='bbox 1195 3239 1490 3307; x_wconf 82' lang='lat' dir='ltr'><strong>(vaticinia</strong></span> <span class='ocrx_word' id='word_1_354' title='bbox 1532 3248 1725 3296; x_wconf 88' lang='lat' dir='ltr'><strong>contra</strong></span> <span class='ocrx_word' id='word_1_355' title='bbox 1764 3248 1981 3296; x_wconf 88' lang='lat' dir='ltr'><strong>exteras</strong></span> <span class='ocrx_word' id='word_1_356' title='bbox 2014 3249 2205 3308; x_wconf 72' lang='lat' dir='ltr'><strong>gentes</strong></span> <span class='ocrx_word' id='word_1_357' title='bbox 2240 3243 2315 3297; x_wconf 79' lang='lat' dir='ltr'><strong>Is,</strong></span> <span class='ocrx_word' id='word_1_358' title='bbox 2358 3247 2444 3298; x_wconf 80' lang='lat'><strong>13.</strong></span> <span class='ocrx_word' id='word_1_359' title='bbox 2486 3257 2641 3315; x_wconf 86' lang='lat' dir='ltr'><strong>sqq.;</strong></span> 
     </span>
     <span class='ocr_line' id='line_1_33' title="bbox 115 3329 2149 3400; baseline 0.001 -18"><span class='ocrx_word' id='word_1_360' title='bbox 115 3332 321 3386; x_wconf 83' lang='lat' dir='ltr'><strong>Ierem.</strong></span> <span class='ocrx_word' id='word_1_361' title='bbox 349 3335 441 3384; x_wconf 81' lang='grc'><strong>46.</strong></span> <span class='ocrx_word' id='word_1_362' title='bbox 469 3343 592 3400; x_wconf 90' lang='lat' dir='ltr'><strong>sqq.</strong></span> <span class='ocrx_word' id='word_1_363' title='bbox 624 3336 764 3396; x_wconf 90' lang='lat' dir='ltr'><strong>etc.·,</strong></span> <span class='ocrx_word' id='word_1_364' title='bbox 797 3336 1082 3399; x_wconf 85' lang='lat' dir='ltr'><strong>praeterea</strong></span> <span class='ocrx_word' id='word_1_365' title='bbox 1109 3331 1182 3382; x_wconf 83' lang='lat' dir='ltr'><strong>Is.</strong></span> <span class='ocrx_word' id='word_1_366' title='bbox 1209 3333 1467 3396; x_wconf 56' lang='lat' dir='ltr'><strong>aid-664</strong></span> <span class='ocrx_word' id='word_1_367' title='bbox 1498 3329 1711 3384; x_wconf 75' lang='lat' dir='ltr'><strong>Ezech.</strong></span> <span class='ocrx_word' id='word_1_368' title='bbox 1741 3333 1965 3386; x_wconf 80' lang='grc'><strong>40.-48.</strong></span> <span class='ocrx_word' id='word_1_369' title='bbox 1998 3335 2149 3395; x_wconf 78' lang='lat' dir='ltr'><strong>etc.),</strong></span> 
     </span>
    </p>
   </div>
   <div class='ocr_carea' id='block_1_5' title="bbox 115 3477 2646 4419">
    <p class='ocr_par' dir='ltr' id='par_1_5' title="bbox 115 3477 2646 4022">
     <span class='ocr_line' id='line_1_34' title="bbox 187 3477 2645 3559; baseline 0 -18"><span class='ocrx_word' id='word_1_370' title='bbox 187 3481 419 3541; x_wconf 81' lang='lat' dir='ltr'><strong>Versus</strong></span> <span class='ocrx_word' id='word_1_371' title='bbox 443 3479 637 3538; x_wconf 89' lang='lat' dir='ltr'><strong>finem</strong></span> <span class='ocrx_word' id='word_1_372' title='bbox 665 3478 860 3556; x_wconf 84' lang='lat' dir='ltr'><strong>igitur</strong></span> <span class='ocrx_word' id='word_1_373' title='bbox 883 3478 1046 3538; x_wconf 87' lang='lat' dir='ltr'><strong>vitae</strong></span> <span class='ocrx_word' id='word_1_374' title='bbox 1072 3477 1360 3556; x_wconf 88' lang='lat' dir='ltr'><strong>plerique</strong></span> <span class='ocrx_word' id='word_1_375' title='bbox 1391 3478 1735 3557; x_wconf 88' lang='lat' dir='ltr'><strong>prophetae</strong></span> <span class='ocrx_word' id='word_1_376' title='bbox 1758 3495 1836 3538; x_wconf 83' lang='lat' dir='ltr'><strong>ex</strong></span> <span class='ocrx_word' id='word_1_377' title='bbox 1858 3478 2073 3539; x_wconf 83' lang='lat' dir='ltr'><strong>divino</strong></span> <span class='ocrx_word' id='word_1_378' title='bbox 2093 3477 2376 3559; x_wconf 89' lang='lat' dir='ltr'><strong>impulsu</strong></span> <span class='ocrx_word' id='word_1_379' title='bbox 2401 3482 2645 3542; x_wconf 89' lang='lat' dir='ltr'><strong>concio-</strong></span> 
     </span>
     <span class='ocr_line' id='line_1_35' title="bbox 115 3575 2641 3652; baseline 0.001 -17"><span class='ocrx_word' id='word_1_380' title='bbox 115 3593 220 3636; x_wconf 87' lang='lat' dir='ltr'><strong>nes</strong></span> <span class='ocrx_word' id='word_1_381' title='bbox 268 3593 414 3637; x_wconf 86' lang='lat' dir='ltr'><strong>suas</strong></span> <span class='ocrx_word' id='word_1_382' title='bbox 461 3575 676 3642; x_wconf 86' lang='lat' dir='ltr'><strong>multis</strong></span> <span class='ocrx_word' id='word_1_383' title='bbox 720 3575 899 3636; x_wconf 87' lang='lat' dir='ltr'><strong>annis</strong></span> <span class='ocrx_word' id='word_1_384' title='bbox 941 3575 1184 3635; x_wconf 89' lang='lat' dir='ltr'><strong>habitas</strong></span> <span class='ocrx_word' id='word_1_385' title='bbox 1215 3575 1281 3634; x_wconf 89' lang='lat' dir='ltr'><strong>in</strong></span> <span class='ocrx_word' id='word_1_386' title='bbox 1319 3575 1639 3651; x_wconf 85' lang='lat' dir='ltr'><strong>epitomen</strong></span> <span class='ocrx_word' id='word_1_387' title='bbox 1669 3575 1756 3634; x_wconf 87' lang='lat' dir='ltr'><strong>ita</strong></span> <span class='ocrx_word' id='word_1_388' title='bbox 1781 3575 2099 3652; x_wconf 85' lang='lat' dir='ltr'><strong>redegisse</strong></span> <span class='ocrx_word' id='word_1_389' title='bbox 2125 3579 2297 3638; x_wconf 89' lang='lat' dir='ltr'><strong>recte</strong></span> <span class='ocrx_word' id='word_1_390' title='bbox 2327 3577 2641 3648; x_wconf 85' lang='lat' dir='ltr'><strong>dicuntur,</strong></span> 
     </span>
     <span class='ocr_line' id='line_1_36' title="bbox 117 3671 2646 3752; baseline 0.001 -20"><span class='ocrx_word' id='word_1_391' title='bbox 117 3677 180 3732; x_wconf 89' lang='lat' dir='ltr'><strong>ut</strong></span> <span class='ocrx_word' id='word_1_392' title='bbox 210 3673 491 3733; x_wconf 87' lang='lat' dir='ltr'><strong>fideliter</strong></span> <span class='ocrx_word' id='word_1_393' title='bbox 527 3671 787 3749; x_wconf 88' lang='lat' dir='ltr'><strong>quidem</strong></span> <span class='ocrx_word' id='word_1_394' title='bbox 816 3689 1030 3732; x_wconf 88' lang='lat' dir='ltr'><strong>earum</strong></span> <span class='ocrx_word' id='word_1_395' title='bbox 1069 3689 1388 3732; x_wconf 89' lang='lat' dir='ltr'><strong>summam</strong></span> <span class='ocrx_word' id='word_1_396' title='bbox 1415 3671 1753 3742; x_wconf 82' lang='lat' dir='ltr'><strong>referrent,</strong></span> <span class='ocrx_word' id='word_1_397' title='bbox 1786 3671 1896 3731; x_wconf 87' lang='lat' dir='ltr'><strong>sed</strong></span> <span class='ocrx_word' id='word_1_398' title='bbox 1928 3671 2099 3733; x_wconf 89' lang='lat' dir='ltr'><strong>iniis</strong></span> <span class='ocrx_word' id='word_1_399' title='bbox 2129 3674 2557 3752; x_wconf 86' lang='lat' dir='ltr'><strong>proponendis</strong></span> <span class='ocrx_word' id='word_1_400' title='bbox 2584 3680 2646 3735; x_wconf 88' lang='lat' dir='ltr'><strong>et</strong></span> 
     </span>
     <span class='ocr_line' id='line_1_37' title="bbox 115 3767 2643 3846; baseline 0 -18"><span class='ocrx_word' id='word_1_401' title='bbox 115 3768 528 3846; x_wconf 88' lang='lat' dir='ltr'><strong>disponendis</strong></span> <span class='ocrx_word' id='word_1_402' title='bbox 569 3775 738 3828; x_wconf 89' lang='lat' dir='ltr'><strong>certa</strong></span> <span class='ocrx_word' id='word_1_403' title='bbox 773 3767 1044 3846; x_wconf 87' lang='lat' dir='ltr'><strong>quadam</strong></span> <span class='ocrx_word' id='word_1_404' title='bbox 1089 3767 1380 3829; x_wconf 85' lang='lat' dir='ltr'><strong>libertate</strong></span> <span class='ocrx_word' id='word_1_405' title='bbox 1432 3771 1759 3829; x_wconf 90' lang='lat' dir='ltr'><strong>uterentur</strong></span> <span class='ocrx_word' id='word_1_406' title='bbox 1805 3767 2010 3845; x_wconf 90' lang='lat' dir='ltr'><strong>iisque</strong></span> <span class='ocrx_word' id='word_1_407' title='bbox 2060 3771 2253 3830; x_wconf 91' lang='lat' dir='ltr'><strong>etiam</strong></span> <span class='ocrx_word' id='word_1_408' title='bbox 2296 3770 2643 3831; x_wconf 89' lang='lat' dir='ltr'><strong>secundum</strong></span> 
     </span>
     <span class='ocr_line' id='line_1_38' title="bbox 118 3865 2643 3944; baseline -0 -20"><span class='ocrx_word' id='word_1_409' title='bbox 118 3871 355 3927; x_wconf 88' lang='lat' dir='ltr'><strong>certum</strong></span> <span class='ocrx_word' id='word_1_410' title='bbox 395 3865 730 3926; x_wconf 89' lang='lat' dir='ltr'><strong>consilium</strong></span> <span class='ocrx_word' id='word_1_411' title='bbox 765 3865 887 3926; x_wconf 86' lang='lat' dir='ltr'><strong>alia</strong></span> <span class='ocrx_word' id='word_1_412' title='bbox 929 3865 1404 3944; x_wconf 82' lang='lat' dir='ltr'><strong>interponerent</strong></span> <span class='ocrx_word' id='word_1_413' title='bbox 1443 3865 1545 3924; x_wconf 87' lang='lat' dir='ltr'><strong>vel</strong></span> <span class='ocrx_word' id='word_1_414' title='bbox 1583 3865 1919 3940; x_wconf 88' lang='lat' dir='ltr'><strong>adderent,</strong></span> <span class='ocrx_word' id='word_1_415' title='bbox 1950 3883 2108 3942; x_wconf 89' lang='lat' dir='ltr'><strong>quae</strong></span> <span class='ocrx_word' id='word_1_416' title='bbox 2146 3867 2290 3927; x_wconf 80' lang='lat' dir='ltr'><strong>viva</strong></span> <span class='ocrx_word' id='word_1_417' title='bbox 2324 3883 2479 3928; x_wconf 85' lang='lat' dir='ltr'><strong>voce</strong></span> <span class='ocrx_word' id='word_1_418' title='bbox 2517 3884 2643 3926; x_wconf 92' lang='lat' dir='ltr'><strong>non</strong></span> 
     </span>
     <span class='ocr_line' id='line_1_39' title="bbox 117 3962 652 4022; baseline 0.004 -2"><span class='ocrx_word' id='word_1_419' title='bbox 117 3962 652 4022; x_wconf 87' lang='lat' dir='ltr'><strong>annuntiaverant.</strong></span> 
     </span>
    </p>

    <p class='ocr_par' dir='ltr' id='par_1_6' title="bbox 115 4082 2645 4419">
     <span class='ocr_line' id='line_1_40' title="bbox 179 4082 2644 4158; baseline 0.001 -20"><span class='ocrx_word' id='word_1_420' title='bbox 179 4083 402 4140; x_wconf 86' lang='lat' dir='ltr'><strong>Etenim</strong></span> <span class='ocrx_word' id='word_1_421' title='bbox 442 4099 557 4138; x_wconf 91' lang='grc'><strong>11011</strong></span> <span class='ocrx_word' id='word_1_422' title='bbox 595 4091 814 4140; x_wconf 87' lang='lat' dir='ltr'><strong>tantum</strong></span> <span class='ocrx_word' id='word_1_423' title='bbox 854 4083 914 4140; x_wconf 91' lang='lat' dir='ltr'><strong>in</strong></span> <span class='ocrx_word' id='word_1_424' title='bbox 957 4083 1188 4155; x_wconf 86' lang='lat' dir='ltr'><strong>singulis</strong></span> <span class='ocrx_word' id='word_1_425' title='bbox 1228 4083 1344 4140; x_wconf 82' lang='lat' dir='ltr'><strong>fere</strong></span> <span class='ocrx_word' id='word_1_426' title='bbox 1380 4082 1681 4156; x_wconf 68' lang='grc' dir='ltr'><strong>ρει-1001113,</strong></span> <span class='ocrx_word' id='word_1_427' title='bbox 1724 4083 1825 4140; x_wconf 90' lang='lat' dir='ltr'><strong>sed</strong></span> <span class='ocrx_word' id='word_1_428' title='bbox 1862 4085 1922 4140; x_wconf 92' lang='lat' dir='ltr'><strong>in</strong></span> <span class='ocrx_word' id='word_1_429' title='bbox 1965 4084 2193 4158; x_wconf 84' lang='lat' dir='ltr'><strong>integris</strong></span> <span class='ocrx_word' id='word_1_430' title='bbox 2238 4100 2459 4156; x_wconf 89' lang='lat' dir='ltr'><strong>quoque</strong></span> <span class='ocrx_word' id='word_1_431' title='bbox 2486 4083 2644 4141; x_wconf 86' lang='lat' dir='ltr'><strong>libris</strong></span> 
     </span>
     <span class='ocr_line' id='line_1_41' title="bbox 119 4169 2639 4244; baseline 0.001 -20"><span class='ocrx_word' id='word_1_432' title='bbox 119 4170 394 4244; x_wconf 81' lang='lat' dir='ltr'><strong>plerisque</strong></span> <span class='ocrx_word' id='word_1_433' title='bbox 415 4179 672 4228; x_wconf 88' lang='lat' dir='ltr'><strong>accurata</strong></span> <span class='ocrx_word' id='word_1_434' title='bbox 689 4212 704 4239; x_wconf 88' lang='lat'><strong>‚</strong></span> <span class='ocrx_word' id='word_1_435' title='bbox 733 4173 904 4226; x_wconf 91' lang='lat' dir='ltr'><strong>immo</strong></span> <span class='ocrx_word' id='word_1_436' title='bbox 931 4173 1214 4226; x_wconf 85' lang='lat' dir='ltr'><strong>interdum</strong></span> <span class='ocrx_word' id='word_1_437' title='bbox 1240 4171 1560 4239; x_wconf 83' lang='lat' dir='ltr'><strong>artificiosa,</strong></span> <span class='ocrx_word' id='word_1_438' title='bbox 1592 4169 2026 4240; x_wconf 90' lang='lat' dir='ltr'><strong>deprehenditur</strong></span> <span class='ocrx_word' id='word_1_439' title='bbox 2060 4170 2301 4242; x_wconf 84' lang='lat' dir='ltr'><strong>partium</strong></span> <span class='ocrx_word' id='word_1_440' title='bbox 2326 4170 2639 4241; x_wconf 80' lang='lat' dir='ltr'><strong>dispositio3</strong></span> 
     </span>
     <span class='ocr_line' id='line_1_42' title="bbox 116 4257 2645 4332; baseline 0.001 -20"><span class='ocrx_word' id='word_1_441' title='bbox 116 4259 286 4330; x_wconf 81' lang='lat' dir='ltr'><strong>stylus</strong></span> <span class='ocrx_word' id='word_1_442' title='bbox 315 4273 542 4332; x_wconf 86' lang='lat' dir='ltr'><strong>quoque</strong></span> <span class='ocrx_word' id='word_1_443' title='bbox 581 4260 905 4332; x_wconf 87' lang='lat' dir='ltr'><strong>plerumque</strong></span> <span class='ocrx_word' id='word_1_444' title='bbox 942 4267 1160 4314; x_wconf 87' lang='lat' dir='ltr'><strong>comtus</strong></span> <span class='ocrx_word' id='word_1_445' title='bbox 1199 4266 1286 4315; x_wconf 91' lang='lat' dir='ltr'><strong>est</strong></span> <span class='ocrx_word' id='word_1_446' title='bbox 1317 4267 1373 4314; x_wconf 91' lang='lat' dir='ltr'><strong>et</strong></span> <span class='ocrx_word' id='word_1_447' title='bbox 1412 4267 1663 4315; x_wconf 82' lang='lat' dir='ltr'><strong>ornatus,</strong></span> <span class='ocrx_word' id='word_1_448' title='bbox 1702 4259 1875 4332; x_wconf 86' lang='lat' dir='ltr'><strong>Atqui</strong></span> <span class='ocrx_word' id='word_1_449' title='bbox 1908 4257 2262 4314; x_wconf 88' lang='lat' dir='ltr'><strong>concionibus</strong></span> <span class='ocrx_word' id='word_1_450' title='bbox 2299 4273 2365 4314; x_wconf 88' lang='lat' dir='ltr'><strong>ex</strong></span> <span class='ocrx_word' id='word_1_451' title='bbox 2394 4267 2645 4330; x_wconf 87' lang='lat' dir='ltr'><strong>tempore</strong></span> 
     </span>
     <span class='ocr_line' id='line_1_43' title="bbox 115 4344 2645 4419; baseline 0.002 -19"><span class='ocrx_word' id='word_1_452' title='bbox 115 4344 312 4403; x_wconf 88' lang='lat' dir='ltr'><strong>habitis</strong></span> <span class='ocrx_word' id='word_1_453' title='bbox 340 4356 634 4403; x_wconf 85' lang='lat' dir='ltr'><strong>accuratus</strong></span> <span class='ocrx_word' id='word_1_454' title='bbox 661 4345 800 4402; x_wconf 89' lang='lat' dir='ltr'><strong>ordo</strong></span> <span class='ocrx_word' id='word_1_455' title='bbox 829 4347 1065 4419; x_wconf 84' lang='lat' dir='ltr'><strong>stylique</strong></span> <span class='ocrx_word' id='word_1_456' title='bbox 1097 4347 1369 4419; x_wconf 88' lang='lat' dir='ltr'><strong>elegantia</strong></span> <span class='ocrx_word' id='word_1_457' title='bbox 1397 4345 1588 4403; x_wconf 89' lang='lat' dir='ltr'><strong>deesse</strong></span> <span class='ocrx_word' id='word_1_458' title='bbox 1628 4346 1828 4403; x_wconf 89' lang='lat' dir='ltr'><strong>solent.</strong></span> <span class='ocrx_word' id='word_1_459' title='bbox 1859 4347 2036 4404; x_wconf 85' lang='lat' dir='ltr'><strong>Multo</strong></span> <span class='ocrx_word' id='word_1_460' title='bbox 2065 4345 2249 4402; x_wconf 91' lang='lat' dir='ltr'><strong>minus</strong></span> <span class='ocrx_word' id='word_1_461' title='bbox 2286 4355 2473 4404; x_wconf 86' lang='lat' dir='ltr'><strong>autem</strong></span> <span class='ocrx_word' id='word_1_462' title='bbox 2498 4347 2645 4404; x_wconf 88' lang='lat' dir='ltr'><strong>inter</strong></span> 
     </span>
    </p>
   </div>
   <div class='ocr_carea' id='block_1_6' title="bbox 114 4511 2645 4736">
    <p class='ocr_par' dir='ltr' id='par_1_7' title="bbox 114 4511 2645 4736">
     <span class='ocr_line' id='line_1_44' title="bbox 173 4511 2641 4578; baseline 0.001 -16"><span class='ocrx_word' id='word_1_463' title='bbox 173 4513 240 4577; x_wconf 82' lang='lat'><strong>(3)</strong></span> <span class='ocrx_word' id='word_1_464' title='bbox 269 4513 421 4565; x_wconf 83' lang='lat' dir='ltr'><strong>Solus</strong></span> <span class='ocrx_word' id='word_1_465' title='bbox 448 4514 612 4565; x_wconf 76' lang='lat' dir='ltr'><strong>Ionas</strong></span> <span class='ocrx_word' id='word_1_466' title='bbox 641 4526 736 4563; x_wconf 89' lang='lat' dir='ltr'><strong>nec</strong></span> <span class='ocrx_word' id='word_1_467' title='bbox 763 4513 1094 4578; x_wconf 86' lang='lat' dir='ltr'><strong>inscriptione</strong></span> <span class='ocrx_word' id='word_1_468' title='bbox 1123 4513 1392 4576; x_wconf 80' lang='lat' dir='ltr'><strong>praemissa</strong></span> <span class='ocrx_word' id='word_1_469' title='bbox 1427 4526 1523 4564; x_wconf 89' lang='lat' dir='ltr'><strong>nec</strong></span> <span class='ocrx_word' id='word_1_470' title='bbox 1548 4513 1603 4563; x_wconf 88' lang='lat' dir='ltr'><strong>in</strong></span> <span class='ocrx_word' id='word_1_471' title='bbox 1628 4511 1760 4563; x_wconf 90' lang='lat' dir='ltr'><strong>libro</strong></span> <span class='ocrx_word' id='word_1_472' title='bbox 1787 4511 1897 4577; x_wconf 82' lang='lat' dir='ltr'><strong>ipso</strong></span> <span class='ocrx_word' id='word_1_473' title='bbox 1922 4511 2153 4563; x_wconf 83' lang='lat' dir='ltr'><strong>divinam</strong></span> <span class='ocrx_word' id='word_1_474' title='bbox 2179 4511 2321 4563; x_wconf 83' lang='lat' dir='ltr'><strong>illam</strong></span> <span class='ocrx_word' id='word_1_475' title='bbox 2351 4512 2641 4578; x_wconf 84' lang='lat' dir='ltr'><strong>inspiratio-</strong></span> 
     </span>
     <span class='ocr_line' id='line_1_45' title="bbox 115 4591 2645 4658; baseline 0.002 -19"><span class='ocrx_word' id='word_1_476' title='bbox 115 4605 224 4640; x_wconf 87' lang='lat' dir='ltr'><strong>nem</strong></span> <span class='ocrx_word' id='word_1_477' title='bbox 253 4592 474 4654; x_wconf 76' lang='lat' dir='ltr'><strong>indicat3</strong></span> <span class='ocrx_word' id='word_1_478' title='bbox 504 4593 594 4643; x_wconf 80' lang='lat' dir='ltr'><strong>sed</strong></span> <span class='ocrx_word' id='word_1_479' title='bbox 631 4593 738 4643; x_wconf 88' lang='lat' dir='ltr'><strong>eius</strong></span> <span class='ocrx_word' id='word_1_480' title='bbox 767 4591 970 4643; x_wconf 87' lang='lat' dir='ltr'><strong>libellus</strong></span> <span class='ocrx_word' id='word_1_481' title='bbox 999 4595 1108 4642; x_wconf 85' lang='lat' dir='ltr'><strong>tota</strong></span> <span class='ocrx_word' id='word_1_482' title='bbox 1135 4607 1228 4642; x_wconf 84' lang='lat' dir='ltr'><strong>sua</strong></span> <span class='ocrx_word' id='word_1_483' title='bbox 1257 4591 1420 4641; x_wconf 84' lang='lat' dir='ltr'><strong>forma</strong></span> <span class='ocrx_word' id='word_1_484' title='bbox 1455 4596 1532 4642; x_wconf 84' lang='lat' dir='ltr'><strong>est</strong></span> <span class='ocrx_word' id='word_1_485' title='bbox 1563 4591 1863 4656; x_wconf 85' lang='lat' dir='ltr'><strong>historicus;</strong></span> <span class='ocrx_word' id='word_1_486' title='bbox 1891 4605 1995 4657; x_wconf 90' lang='lat' dir='ltr'><strong>quo</strong></span> <span class='ocrx_word' id='word_1_487' title='bbox 2024 4595 2197 4643; x_wconf 83' lang='lat' dir='ltr'><strong>tamen</strong></span> <span class='ocrx_word' id='word_1_488' title='bbox 2235 4606 2351 4644; x_wconf 89' lang='lat' dir='ltr'><strong>cum</strong></span> <span class='ocrx_word' id='word_1_489' title='bbox 2383 4594 2491 4645; x_wconf 90' lang='lat' dir='ltr'><strong>iure</strong></span> <span class='ocrx_word' id='word_1_490' title='bbox 2519 4607 2645 4658; x_wconf 89' lang='lat' dir='ltr'><strong>pro-</strong></span> 
     </span>
     <span class='ocr_line' id='line_1_46' title="bbox 114 4670 1226 4736; baseline 0.001 -15"><span class='ocrx_word' id='word_1_491' title='bbox 114 4670 330 4734; x_wconf 83' lang='lat' dir='ltr'><strong>pheticis</strong></span> <span class='ocrx_word' id='word_1_492' title='bbox 355 4673 722 4724; x_wconf 80' lang='lat' dir='ltr'><strong>adnumeretur</strong></span> <span class='ocrx_word' id='word_1_493' title='bbox 749 4670 829 4723; x_wconf 77' lang='lat' dir='ltr'><strong>cfr</strong></span> <span class='ocrx_word' id='word_1_494' title='bbox 854 4671 988 4722; x_wconf 78' lang='lat' dir='ltr'><strong>infra</strong></span> <span class='ocrx_word' id='word_1_495' title='bbox 1011 4672 1042 4736; x_wconf 65' lang='grc' dir='ltr'>ς</span> <span class='ocrx_word' id='word_1_496' title='bbox 1069 4677 1145 4722; x_wconf 82' lang='lat'><strong>25.</strong></span> <span class='ocrx_word' id='word_1_497' title='bbox 1180 4679 1226 4722; x_wconf 86' lang='lat'><strong>2.</strong></span> 
     </span>
    </p>
   </div>
   <div class='ocr_carea' id='block_1_7' title="bbox 873 4759 1891 4810">
    <p class='ocr_par' dir='ltr' id='par_1_8' title="bbox 873 4759 1891 4810">
     <span class='ocr_line' id='line_1_47' title="bbox 873 4759 1891 4810; baseline 0 0"><span class='ocrx_word' id='word_1_498' title='bbox 873 4761 1125 4810; x_wconf 67' lang='lat' dir='ltr'><strong>Gonnum</strong></span> <span class='ocrx_word' id='word_1_499' title='bbox 1158 4761 1434 4810; x_wconf 65' lang='lat' dir='ltr'><strong>courum).</strong></span> <span class='ocrx_word' id='word_1_500' title='bbox 1469 4759 1693 4810; x_wconf 59' lang='lat' dir='ltr'><strong>Izi-mon.</strong></span> <span class='ocrx_word' id='word_1_501' title='bbox 1724 4785 1785 4796; x_wconf 95' lang='lat'>—</span> <span class='ocrx_word' id='word_1_502' title='bbox 1814 4761 1891 4810; x_wconf 77' lang='lat'><strong>24.</strong></span> 
     </span>
    </p>
   </div>
  </div>
 </body>
</html>
