3050 5184
293 285 408 344 140
447 300 524 343 DE
569 300 1134 345 INTERPRETATIONE
1177 301 1226 343 S.
1275 298 1663 343 SCRIPTURAE.
1692 318 1771 327 —
1814 302 1939 345 CAP.
1973 302 2040 345 n.
2074 299 2257 345 LEGES
2298 297 2834 344 HERHENEUTIGAE.

287 433 586 501 syntactica
601 428 938 489 constructio
953 476 968 501 ‚
991 448 1100 503 qua
1123 430 1391 487 vocabula
1409 430 1749 502 phrasesque
1765 440 2187 500 connectuntur,
2206 430 2277 487 ad
2292 446 2517 487 sensum
2530 432 2841 503 genuinum

290 518 677 575 inveniendum
701 519 980 588 conserat,
1007 518 1371 590 explicatione
1399 533 1513 574 non
1534 516 1773 591 indiget,
1800 529 1966 592 atque
1990 520 2166 592 prima
2191 517 2507 591 interpretis
2529 518 2617 573 lex
2640 526 2747 586 est,
2774 525 2843 572 ut

290 615 418 661 ante
454 605 638 662 omnia
677 608 1102 679 grammaticum
1135 622 1342 663 nexum
1380 614 1610 677 quaerat
1629 648 1645 675 ‚
1686 622 1789 662 nec
1824 608 2145 680 regularum
2190 607 2618 680 syntacticarum
2664 605 2843 661 viola-

289 696 498 749 tionem
533 693 822 761 admittat,
865 696 970 751 nisi
1006 693 1307 751 evidentes
1343 694 1586 749 rationes
1623 693 1681 749 id
1708 694 1995 751 suadeant.
2042 695 2131 751 Ad
2172 694 2597 767 grammaticum
2623 708 2843 748 nexum

291 780 458 836 etiam
483 780 631 837 trahi
661 790 844 853 potest
871 782 1272 854 parallelismus
1301 781 1549 852 poeticus
1578 779 1667 847 (de
1697 798 1807 853 quo
1835 782 1917 839 cfr
1944 785 2097 839 Diss.
2132 784 2196 837 V.
2238 786 2270 849 ς
2303 788 2410 851 1,2.
2443 787 2518 849 3).

361 868 555 940 Neque
579 868 808 925 minoris
835 868 1100 925 momenti
1127 878 1212 924 est
1239 878 1524 925 contextus
1553 869 1805 941 loqicus,
1832 871 1923 941 qui
1952 887 2020 925 ex
2048 870 2351 927 observatis
2379 869 2593 941 legibus
2618 869 2847 941 logicae

293 956 560 1011 naturalis
595 956 842 1013 exoritur
879 973 1052 1028 quum
1091 957 1236 1012 inter
1264 956 1508 1011 eiusdem
1538 957 1802 1028 phraseos
1828 958 2083 1014 membra
2118 966 2214 1015 aut
2248 957 2391 1013 inter
2429 956 2849 1028 propositiones

293 1042 608 1100 immediate
633 1060 754 1101 sese
781 1046 1111 1117 excipientes
1141 1038 1446 1115 (contextus
1469 1046 1839 1117 proximus),
1872 1054 1992 1102 tum
2019 1046 2165 1101 inter
2194 1044 2369 1101 varias
2392 1044 2625 1116 phrases
2660 1045 2849 1101 totius

293 1130 524 1187 alicuius
576 1131 748 1204 partis
801 1140 897 1188 aut
949 1132 1113 1189 etiam
1163 1132 1360 1204 integri
1411 1131 1537 1187 libri
1590 1137 1897 1199 (contextus
1954 1137 2257 1201 remotus).
2324 1133 2613 1187 Proximus
2667 1148 2847 1204 saepe

294 1232 422 1273 cum
449 1221 810 1292 grammatico
839 1220 1120 1290 coincidit,
1150 1227 1423 1288 remotuS,
1457 1220 1502 1275 si
1530 1220 1795 1277 latissimo
1823 1237 1987 1277 sensu
2024 1221 2281 1291 sumitur,
2319 1237 2383 1277 ea
2424 1235 2645 1293 quoque
2680 1236 2846 1277 com-

296 1304 574 1377 plectitur,
607 1324 750 1380 quae
779 1306 850 1363 de
875 1316 1204 1381 argumento
1232 1317 1288 1363 et
1315 1308 1424 1363 fine
1453 1308 1718 1363 orationis
1746 1308 2011 1375 diximus,
2041 1317 2312 1380 quatenus
2339 1308 2408 1363 ab
2448 1308 2536 1363 his
2563 1316 2678 1364 tota
2708 1308 2851 1363 libri

295 1392 522 1450 alicuius
549 1404 654 1451 etc.
685 1396 963 1452 contextio
996 1405 1052 1451 et
1079 1394 1271 1451 divisio
1301 1388 1595 1466 de‘pendet.
1635 1396 1905 1452 Caveatur
1941 1404 2157 1464 autem,
2188 1411 2259 1451 ne
2284 1404 2577 1451 contextus
2616 1396 2771 1451 velut
2806 1413 2849 1451 a

296 1480 477 1551 priore
502 1482 832 1555 stabiliatur,
861 1485 935 1539 ita
967 1492 1029 1539 ut
1053 1484 1209 1539 ideas
1236 1498 1364 1539 suas
1393 1500 1490 1555 pro
1518 1483 1658 1540 ideis
1683 1483 1964 1556 scriptoris
1992 1482 2235 1540 venditet
2260 1484 2554 1555 interpres.

365 1571 539 1627 Porro
562 1572 724 1628 tertia
743 1572 950 1644 species
969 1579 1054 1627 est
1069 1571 1160 1626 illa
1175 1613 1190 1640 ‚
1215 1586 1355 1643 quae
1376 1579 1667 1627 contextus
1688 1571 2129 1644 psycholoqious
2152 1571 2491 1627 nominatur.
2520 1571 2660 1626 Fieri
2684 1573 2849 1627 enim

294 1656 463 1726 solet,
493 1666 555 1715 ut
583 1658 992 1716 vehementiore
1018 1657 1298 1715 interdum
1318 1659 1488 1715 animi
1505 1658 1709 1715 affectu
1728 1659 1941 1731 abrepti
1960 1675 2023 1715 ea
2043 1660 2441 1731 coniungamus
2455 1700 2469 1729 ,
2494 1674 2634 1730 quae
2652 1658 2847 1731 logice

296 1744 520 1817 quidem
556 1747 749 1802 intime
789 1764 903 1802 non
944 1745 1272 1815 cohaerent,
1313 1745 1412 1801 sed
1451 1746 1716 1818 temporis
1756 1748 1841 1803 vel
1882 1747 1989 1803 loci
2029 1745 2302 1802 adiunctis
2343 1754 2440 1802 aut
2472 1746 2849 1803 similitudine

295 1833 476 1904 aliqua
507 1844 736 1891 externa
763 1836 849 1889 vel
883 1834 1100 1889 interna
1143 1835 1198 1889 in
1229 1843 1418 1917 menp
1451 1842 1639 1889 nostra
1679 1834 1757 1889 ita
1798 1843 1927 1889 sunt
1966 1834 2261 1901 associata,
2302 1842 2365 1890 ut
2406 1850 2517 1889 uno
2560 1845 2844 1905 conceptu

295 1921 530 1977 excitato
559 1922 700 1977 alter
723 1921 885 1977 simul
914 1921 1201 1978 excitetur.
1234 1920 1396 1989 Quod
1427 1919 1651 1992 quidem
1676 1922 1915 1977 maxime
1949 1921 2137 1979 locum
2165 1921 2335 1977 habet
2376 1922 2437 1977 in
2474 1923 2624 1993 poesi
2660 1924 2843 1995 lyrica

297 2013 402 2075 (ex.
436 2025 520 2081 gr.
565 2010 621 2065 in
658 2008 929 2080 Psalmis),
960 2010 1018 2064 in
1055 2009 1396 2065 orationibus
1438 2008 1857 2065 vehementibus
1891 2012 1997 2076 (ex.
2038 2026 2122 2082 gr.
2152 2008 2593 2081 prophetarum),
2624 2011 2685 2065 in
2712 2010 2848 2066 dia-

297 2096 436 2169 logis
473 2105 576 2151 etc.
620 2101 802 2168 Atque
849 2096 960 2152 hue
1003 2112 1226 2168 quoque
1267 2096 1412 2152 trahi
1467 2104 1652 2169 potest
1693 2112 1868 2153 nexus
1908 2096 2031 2164 ille,
2076 2096 2169 2169 qui
2210 2112 2245 2153 a
2283 2096 2566 2152 nonnullis
2602 2101 2849 2170 opticus

301 2192 527 2240 vocatur
550 2192 717 2257 atque
741 2185 800 2239 in
824 2183 1088 2239 vaticiniis
1115 2184 1226 2239 illis
1253 2184 1549 2254 invenitur,
1580 2184 1637 2240 in
1664 2184 1863 2258 quibus
1896 2183 2093 2240 eadem
2117 2178 2325 2239 visione
2356 2182 2638 2255 prophetis
2666 2202 2849 2241 even-

294 2281 385 2327 tus
411 2281 543 2327 sunt
570 2272 824 2343 exhibiti,
853 2272 947 2343 qui
972 2280 1289 2343 temporum
1324 2280 1380 2327 et
1407 2272 1659 2328 locorum
1694 2272 1871 2342 spatio
1904 2270 1973 2327 ab
2009 2271 2245 2327 invicem
2276 2280 2432 2327 erant
2458 2273 2700 2343 separati
2732 2274 2850 2340 (cfr

297 2362 450 2414 Dis-3.
483 2362 579 2416 VI.
613 2364 643 2427 §
672 2364 809 2430 2,4).

365 2449 608 2503 Demum
634 2447 706 2504 ad
729 2463 952 2504 sensum
979 2464 1177 2504 vocum
1215 2446 1592 2504 deliniendum
1621 2449 1810 2503 iuvant
1842 2449 1963 2504 loci
1985 2447 2315 2520 paralleli,
2348 2449 2385 2503 i.
2415 2465 2467 2503 e.
2506 2456 2691 2503 textus
2728 2450 2851 2516 illi,

297 2534 390 2608 qui
413 2533 484 2593 ab
512 2534 748 2591 invicem
776 2533 1000 2608 quidem
1027 2534 1236 2592 distant
1252 2580 1267 2607 ,
1299 2534 1396 2593 sed
1426 2535 1554 2607 quia
1582 2535 1778 2591 eadem
1808 2535 2073 2593 vocabula
2100 2536 2159 2590 in
2186 2536 2385 2591 eodem
2411 2543 2673 2592 contextu
2702 2552 2851 2592 con-

296 2624 476 2679 tinent
519 2631 616 2678 aut
659 2622 892 2680 eandem
919 2622 1230 2679 doctrinam
1255 2623 1375 2679 aliis
1417 2622 1599 2679 verbis
1626 2622 1887 2689 tradunt,
1916 2640 1975 2679 se
2004 2623 2239 2679 invicem
2277 2623 2571 2679 illustrant.
2622 2643 2649 2674 α
2686 2624 2849 2679 Faci-

298 2712 427 2780 lius,
478 2710 659 2782 inquit
697 2713 980 2783 Oriqenes
1024 2710 1115 2784 (In
1158 2713 1328 2767 Num.
1377 2710 1530 2765 hom.
1582 2716 1738 2779 24,3;
1789 2709 1873 2766 cfr
1918 2714 1977 2767 S.
2023 2717 2177 2783 Auq.
2210 2712 2405 2766 Doctr.
2437 2711 2629 2766 christ.
2662 2712 2741 2767 ΙΙ.
2772 2716 2845 2776 9;

297 2801 401 2855 111.
433 2804 504 2855 28
531 2803 684 2870 etc.),
713 2799 772 2854 in
798 2800 855 2855 S.
889 2800 1174 2870 Scriptura
1199 2798 1347 2871 quod
1379 2799 1663 2870 quaeritur
1690 2798 2027 2871 agnoscitur,
2054 2799 2099 2853 si
2119 2814 2183 2854 ex
2214 2798 2463 2868 pluribus
2490 2798 2655 2867 lociS,
2688 2814 2851 2871 qua-e

302 2888 378 2943 de
401 2886 610 2942 eadem
655 2903 719 2943 re
747 2888 978 2959 scripta
1020 2894 1184 2957 sunt,
1225 2886 1579 2957 proferantur
1611 2906 1661 2941 ».
1688 2886 1915 2941 Maioris
1942 2884 2193 2941 utilitatis
2222 2901 2341 2941 esse
2377 2885 2557 2941 solent
2594 2886 2847 2957 paralleli

296 2990 510 3045 rerum,
544 2990 713 3046 quam
749 2976 1072 3045 verborum,
1103 2973 1408 3030 dummodo
1446 2988 1640 3029 revera
1674 2972 1827 3029 idem
1864 2976 1943 3041 (et
1967 2988 2080 3028 non
2118 2974 2297 3029 simile
2334 2972 2643 3039 dumtaxat)
2672 2988 2849 3045 argu-

297 3072 548 3119 mentum
576 3062 774 3118 eodem
799 3067 877 3131 (et
903 3078 1016 3119 non
1041 3060 1206 3117 simili
1231 3060 1470 3132 tantum)
1507 3059 1678 3115 modo
1708 3066 1993 3116 tractetur.
2034 3061 2305 3116 Utiliores
2340 3075 2563 3133 quoque
2601 3061 2847 3132 plerum-

299 3166 406 3222 que
451 3149 709 3205 dicuntur
756 3151 1033 3221 paralleli,
1066 3150 1255 3222 quiex
1302 3147 1501 3204 eodem
1546 3147 1687 3204 libro
1734 3157 1831 3203 aut
1874 3164 1941 3203 ex
1986 3148 2235 3203 eiusdem
2262 3147 2541 3219 scriptoris
2580 3148 2851 3218 operibus

297 3245 426 3291 sunt
451 3237 688 3292 desumti
717 3259 730 3292 ε
762 3239 966 3293 Paulus
1004 3254 1070 3293 ex
1099 3238 1299 3303 Paulo,
1331 3239 1571 3291 Ioannes
1600 3252 1665 3291 ex
1698 3237 1905 3292 Ioanne
1933 3244 2039 3292 etc.
2068 3234 2430 3291 illustrandus
2456 3243 2559 3291 est.
2592 3238 2668 3290 At
2706 3236 2857 3291 haec

293 3319 484 3391 regula
523 3317 580 3374 in
618 3318 752 3374 solis
794 3316 1092 3374 verborum
1131 3318 1409 3389 parallelis
1443 3316 1633 3374 locum
1673 3316 1867 3386 habet3
1911 3317 2195 3388 inspiratio
2233 3317 2380 3373 enim
2418 3333 2537 3372 non
2571 3316 2844 3389 impedit,

295 3407 588 3479 quominus
611 3405 814 3478 singuli
836 3406 1135 3477 scriptores
1159 3406 1302 3462 sacri
1335 3420 1499 3462 suum
1523 3404 1790 3477 loquendi
1818 3420 1981 3461 usum
2009 3404 2316 3474 retIneant3
2344 3404 2415 3460 ad
2440 3420 2631 3461 rerum
2654 3414 2855 3461 autem

307 3492 600 3563 parallelos
631 3494 782 3565 quod
811 3494 1034 3562 attinet,
1063 3508 1194 3564 prae
1223 3492 1397 3549 oculis
1425 3491 1731 3548 habeamus
1768 3500 1987 3564 oportet
2004 3532 2019 3559 ,
2050 3507 2225 3548 unum
2262 3508 2381 3547 esse
2410 3492 2661 3549 omnium
2698 3496 2859 3551 Scri-

305 3588 594 3651 pturarum
623 3588 910 3637 auctorem
951 3580 1277 3653 prImarium
1308 3601 1321 3635 :
1355 3580 1561 3635 etenim
1593 3599 1618 3631 α
1650 3580 1725 3635 ita
1762 3580 1864 3635 sibi
1901 3580 2085 3636 omnia
2122 3580 2178 3635 in
2215 3582 2481 3637 canonica
2520 3582 2861 3639 auctoritate

307 3665 679 3736 concordant,
703 3678 764 3725 ut
791 3676 1079 3741 tamquam
1105 3684 1217 3724 uno
1241 3684 1338 3725 ore
1367 3666 1512 3723 dicta
1544 3666 1841 3723 iustissima
1868 3668 2068 3740 pietate
2096 3666 2395 3725 credantur
2420 3676 2477 3723 et
2498 3670 2859 3725 serenissimo

304 3754 590 3811 intellectu
613 3755 962 3812 inveniantur
990 3763 1046 3811 et
1073 3754 1428 3811 solertissima
1458 3754 1740 3827 diligentia
1768 3752 2219 3811 demonstrentur
2250 3774 2273 3809 ι
2304 3759 2382 3823 (S.
2405 3759 2559 3829 Auq.
2582 3772 2634 3811 c.
2662 3758 2859 3815 Faust.

305 3844 408 3897 XI.
456 3848 517 3910 63
569 3843 651 3899 cfr
695 3845 760 3900 In
799 3846 889 3899 Ps.
941 3850 1130 3913 150,2;
1163 3843 1232 3899 de
1273 3845 1436 3898 Cons.
1467 3844 1677 3913 Evang.
1710 3844 1815 3899 111.
1860 3848 1955 3912 303
1986 3843 2045 3899 5.
2083 3843 2291 3914 Chrys.
2338 3844 2404 3899 In
2441 3843 2642 3899 Matth.
2696 3846 2862 3903 hom.

305 3936 396 3997 4‚5
424 3935 576 3998 etc.),

383 4060 442 4115 5.
475 4090 554 4099 -
581 4057 686 4117 ΙΙΙ.
721 4056 953 4117 Sensus
983 4056 1154 4131 vocis
1195 4057 1483 4117 inventus
1523 4074 1601 4115 ex
1627 4072 1914 4116 iusi-omit
1954 4056 2302 4117 accuratius
2343 4060 2407 4116 et
2444 4058 2728 4135 pressius
2760 4066 2860 4118 est

305 4152 780 4215 deseri-benduS.

373 4262 674 4313 Auctorem
702 4257 946 4329 aliquem
973 4256 1214 4327 perfecte
1245 4272 1358 4313 non
1385 4256 1767 4329 intelligimuS,
1800 4256 1905 4312 nisi
1928 4256 2165 4312 eandem
2194 4272 2419 4328 prorsus
2447 4257 2647 4327 ideam,
2682 4274 2860 4330 quam

307 4344 422 4414 ipse
448 4345 505 4399 in
533 4353 718 4400 mente
747 4345 964 4411 habuit,
993 4360 1096 4401 nos
1126 4359 1346 4417 quoque
1372 4344 1430 4400 in
1456 4354 1644 4401 mente
1684 4352 1874 4400 nostra
1902 4343 2397 4401 efformaverimuS.
2431 4344 2597 4401 Ideae
2628 4354 2823 4402 autem
2840 4391 2853 4413 ,

303 4446 452 4501 quae
500 4432 694 4488 iisdem
739 4432 920 4488 verbis
950 4448 983 4488 a
1010 4432 1172 4489 variis
1217 4432 1466 4504 personis
1511 4432 1917 4504 exprimuntur,
1947 4446 2115 4503 quam
2159 4432 2397 4489 maxime
2444 4434 2686 4502 variant;
2720 4450 2855 4491 cum

309 4517 575 4574 vocabulo
605 4524 758 4575 Deus
800 4521 967 4575 aliam
1013 4520 1238 4575 omnino
1280 4518 1462 4576 ideam
1509 4519 1794 4592 coniungit
1831 4520 2110 4589 ethnicuS,
2139 4520 2303 4576 aliam
2341 4522 2579 4579 Iudaeus
2608 4521 2691 4577 vel
2726 4524 2855 4578 Ma-

307 4604 732 4671 hommetanus‚
763 4607 927 4662 aliam
951 4606 1326 4676 Christianus;
1357 4622 1522 4663 voces
1550 4608 1805 4664 Messiae
1833 4616 1888 4664 et
1916 4609 2085 4678 requi
2123 4610 2462 4664 messianici
2494 4607 2647 4665 aliud
2681 4610 2855 4683 signi-
