3050 5184
309 273 424 332 154
557 290 846 333 ms'romA
889 289 1249 335 EXEGESEOS.
1297 304 1375 317 -
1415 288 1548 331 CAP.
1600 288 1683 331 lv.
1734 285 2069 331 CATIIOLICA
2111 255 2596 329 INTE‘RPRETATIO.

304 434 406 475 nec
437 420 581 475 ullus
617 420 894 475 invenitur
921 422 1062 477 inter
1098 423 1290 475 Patres
1317 428 1414 475 aut
1441 419 1685 475 iuniores
1712 417 2033 491 theologos,
2063 416 2159 489 qui
2198 416 2256 471 in
2294 414 2525 471 Paulina
2552 410 2847 485 profundi-

305 514 418 562 tate
443 507 802 563 illuminanda
833 524 960 563 eum
986 507 1255 579 attigerit,
1286 505 1496 562 nedum
1523 506 1886 577 superaverit.
1926 504 2162 561 Scholae
2208 500 2493 559 nisibenae
2522 500 2855 572 praecipuus

305 591 501 649 doctor
529 604 609 649 est
639 596 696 651 S.
724 596 1035 667 Eplaeraem,
1069 596 1164 665 qui
1185 594 1492 665 Utriusque
1527 596 1679 649 Test.
1712 608 1904 649 omnes
1946 590 2059 647 sere
2097 591 2269 648 libros
2312 588 2721 645 commentariis
2762 588 2855 642 in-

305 682 522 748 struxit,
557 698 793 753 quorum
821 690 1008 737 tamen
1033 683 1424 753 plerorumque
1453 681 1662 736 maiora
1687 688 1905 736 tantum
1933 680 2219 735 minorave
2248 686 2505 749 excerpta
2534 680 2851 747 supersunt.

306 774 624 841 Antequam
661 768 930 825 librorum
960 770 1382 839 explicationem
1421 768 1760 841 aggreditur,
1788 768 1976 839 paucis
2006 766 2247 837 praefari
2274 765 2416 821 solet
2452 764 2523 819 de
2552 763 2678 819 libri
2714 777 2855 817 auc-

305 864 450 925 tore,
483 865 813 923 argumento
855 866 912 911 et
953 856 1089 923 fine3
1124 858 1177 911 in
1211 856 1576 927 explicatione
1611 856 1729 927 ipsa
1760 856 2085 926 praeprimis
2123 868 2347 909 sensum
2382 852 2657 907 literalem
2690 850 2855 905 inve-

305 944 496 1015 stigat,
529 944 726 1001 deinde
755 958 917 1015 saepe
946 943 1016 998 ad
1047 944 1287 1000 morales
1311 952 1369 999 et
1393 942 1718 1016 allegoricas
1746 940 2286 999 accommodationes
2312 938 2527 995 transit.

383 1097 442 1153 4.
471 1128 550 1137 -—
577 1095 714 1153 Duo
743 1098 984 1153 tantum
1029 1093 1473 1171 praeclariores
1513 1094 1890 1171 interpretes
1930 1092 2136 1171 graeci
2177 1091 2523 1152 floruerunt
2553 1105 2722 1151 sanc,
2756 1092 2853 1159 5.,

305 1192 368 1250 S.
407 1190 673 1267 cyrillus
692 1190 866 1250 Alex.
891 1188 960 1269 (†
977 1188 1146 1268 444.)
1172 1194 1236 1250 et
1271 1189 1670 1251 Theodoram
1698 1190 1841 1267 Cyri
1880 1190 1945 1249 in
1984 1188 2161 1267 Syria
2186 1187 2519 1266 episcopus
2552 1185 2620 1265 (ἠ-
2652 1185 2853 1262 458),

307 1285 481 1362 prior
509 1286 946 1346 alexandrinae
967 1329 984 1357 ‚
1019 1287 1178 1346 alter
1217 1287 1621 1347 antiochenae
1662 1286 1911 1347 scholae
1951 1288 2242 1345 sectator.
2278 1283 2526 1361 Reliqui
2562 1282 2855 1343 exeuntis

309 1399 469 1443 saec.
508 1384 566 1441 ὃ.
602 1386 664 1441 et
707 1382 980 1444 ineuntis
1023 1384 1080 1443 6.
1135 1383 1514 1461 interpretes
1556 1384 1793 1460 graeci,
1843 1398 2037 1458 quum
2078 1385 2327 1440 catenas
2368 1380 2613 1459 potiuS,
2657 1396 2855 1455 quam

309 1479 799 1539 commentarios
829 1478 1180 1552 ediderint,
1211 1479 1290 1539 ad
1321 1484 1691 1555 sequentem
1723 1477 2055 1557 periodum
2083 1478 2317 1537 rectius
2345 1475 2697 1536 trahuntur.

376 1599 434 1656 S.
461 1600 730 1669 Cyrillus
758 1600 960 1667 Alex„
996 1621 1021 1651 <z
1053 1599 1359 1656 catholicae
1386 1599 1512 1656 fidei
1546 1600 2012 1672 praeclarissimus
2042 1605 2418 1669 propugnator
2447 1618 2500 1666 n,
2530 1597 2856 1667 Scripturae

307 1687 576 1758 interpres
605 1686 705 1743 suit
733 1689 1011 1759 egregius,
1046 1688 1090 1742 si
1123 1704 1236 1743 non
1265 1704 1330 1744 ex
1361 1687 1494 1743 solis
1533 1688 1650 1743 eius
1676 1687 2087 1742 commentariis
2115 1685 2473 1751 diiudicatur3
2506 1685 2561 1739 in
2590 1684 2857 1753 operibus

307 1774 452 1829 enim
479 1774 804 1846 dogmaticis
831 1775 1100 1831 literalem
1119 1790 1342 1831 sensum
1369 1774 1665 1846 diligenter
1692 1774 1940 1847 exponit,
1974 1774 2030 1830 in
2060 1774 2349 1846 exegeticis
2378 1783 2583 1840 autem,
2611 1787 2752 1843 quae
2778 1770 2856 1827 dc

307 1863 522 1918 Veteris
548 1864 698 1917 Test.
728 1862 878 1918 libris
911 1863 1246 1933 composuit,
1279 1862 1554 1935 allegoriis
1572 1864 1808 1919 libenter
1834 1860 2107 1934 indulget,
2142 1870 2197 1917 et
2230 1862 2283 1917 in
2313 1861 2455 1917 Novi
2494 1864 2642 1917 Test.
2687 1875 2855 1915 com-

306 1950 615 2016 mentariiS,
657 1950 751 2021 qui
781 1959 1094 2019 supersunt,
1125 1950 1404 2005 interdum
1433 1950 1771 2023 dogmaticas
1800 1950 1979 2021 potius
2006 1948 2416 2005 dissertationes
2444 1964 2612 2020 quam
2640 1947 2850 2003 verbo-

307 2052 432 2092 rum
468 2038 780 2108 scripturae
817 2037 1242 2108 explicationem
1277 2038 1516 2095 exhibet.
1567 2038 1749 2093 Aliam
1795 2039 1938 2093 viam
1974 2037 2253 2109 ingressus
2296 2045 2381 2092 est
2430 2034 2855 2099 Theodoretus,

308 2124 402 2196 qui
418 2139 449 2179 a
469 2124 753 2180 nonnullis
777 2140 1026 2180 summus
1043 2140 1274 2197 graecae
1304 2126 1567 2181 ecclesiae
1598 2126 1868 2196 interpres
1898 2123 2152 2189 habetur,
2182 2124 2250 2179 ab
2280 2124 2400 2180 aliis
2428 2126 2573 2180 inter
2596 2139 2857 2179 summos

308 2222 642 2267 recensetur.
685 2214 894 2268 Omnes
934 2211 1050 2267 fere
1091 2214 1304 2269 Veteris
1344 2215 1492 2269 Test.
1536 2212 1708 2268 libros
1754 2212 2211 2284 protocanonicos
2252 2210 2531 2283 exposuit,
2578 2226 2645 2267 ex
2684 2212 2855 2266 Novo

306 2300 451 2355 solas
471 2301 731 2371 epistolas
764 2300 1041 2355 PaulinaS.
1076 2302 1142 2355 In
1169 2298 1569 2371 interpretandi
1598 2300 1861 2356 methodo
1889 2300 2133 2355 imitatus
2158 2306 2241 2355 est
2275 2300 2327 2355 S.
2363 2300 2853 2371 chrysostomum,

306 2386 401 2442 sed
427 2388 552 2457 quia
577 2403 880 2459 numquam
900 2396 1182 2443 oratorem
1205 2388 1346 2460 agit,
1371 2387 1768 2460 Chrysostomo
1797 2387 1976 2443 multo
2000 2396 2084 2443 est
2110 2386 2435 2443 concinnior
2461 2396 2515 2442 et
2540 2385 2691 2442 haud
2719 2401 2857 2441 raro

306 2474 470 2530 etiam
498 2475 699 2531 clarior
725 2484 781 2530 et
809 2476 1143 2545 accuratior;
1171 2492 1202 2530 a
1233 2474 1537 2531 moralibus
1566 2475 2027 2547 applicationibus
2054 2482 2113 2531 et
2140 2474 2449 2546 allegoricis
2478 2473 2859 2545 divagationi-

307 2560 408 2617 bus
437 2562 552 2619 sere
579 2562 808 2619 omnino
838 2563 1091 2618 abstinet.
1667 2564 1671 2570 ’

551 2750 584 2831 §
627 2756 729 2814 11.
773 2786 861 2796 —
895 2748 1256 2837 Praeczpzci
1301 2748 1690 2839 interpretes
1734 2746 2175 2815 occidentales
2211 2770 2254 2813 α
2290 2754 2354 2815 3.
2394 2768 2603 2835 usque

1257 2852 1354 2920 ad
1397 2860 1459 2919 6.
1513 2852 1885 2920 saeculum.

389 3044 446 3102 1.
478 3075 557 3085 —
583 3043 776 3101 Primi
805 3042 1053 3115 Patres,
1090 3044 1200 3121 qui
1239 3044 1303 3103 in
1334 3044 1673 3105 Occidente
1704 3060 1868 3105 saec.
1896 3046 1955 3104 3.
1991 3044 2343 3122 Scripturas
2372 3042 2867 3103 commentariis

311 3137 624 3198 illustrare
654 3143 1028 3215 coeperunt,
1055 3138 1124 3199 S.
1155 3138 1520 3219 Hippolytus
1547 3139 1615 3219 (†
1632 3138 1801 3219 235.)
1838 3145 1903 3201 et
1926 3143 1989 3202 S.
2032 3140 2365 3200 Victorinus
2402 3142 2869 3201 Petavionensis

311 3233 378 3312 (†
404 3234 570 3313 297.)
592 3234 968 3313 allegoricae
993 3236 1397 3314 explicationi
1419 3238 1741 3312 favebant;
1770 3254 1929 3315 quos
1952 3238 2153 3297 secuti
2186 3240 2333 3297 sunt
2356 3252 2522 3296 sanc.
2558 3240 2618 3298 4.
2650 3234 2717 3296 S.
2746 3238 2871 3297 Hi-

312 3330 500 3391 larius
539 3332 700 3391 Pict.
745 3330 812 3411 (ἥ-
853 3331 1050 3411 367.),
1081 3334 1308 3393 Marius
1353 3334 1689 3395 Victorinus
1725 3332 1794 3413 (·1·
1823 3332 2021 3413 370.)‚
2065 3332 2135 3394 S.
2176 3331 2515 3393 Ambrosius
2536 3331 2605 3412 (ἦ-
2640 3332 2821 3413 397.)
2848 3382 2865 3407 ,

313 3428 418 3504 qui
458 3428 536 3487 ab
567 3415 834 3505 Origene
864 3428 1132 3506 aliisque
1171 3430 1590 3492 alexandrinis
1618 3430 2071 3509 interpretibus
2105 3430 2425 3491 interdum
2460 3428 2863 3507 dependent.

378 3547 610 3605 Duobus
655 3551 915 3606 extremis
959 3550 1141 3605 vitatis
1196 3551 1388 3605 Patres
1444 3547 1840 3621 occidentaleS,
1889 3548 1966 3603 uti
2010 3547 2305 3604 orthodoxi
2352 3550 2674 3615 orientaleS,
2724 3566 2865 3605 cum

310 3636 508 3693 literali
555 3652 720 3693 sensu
763 3638 932 3694 etiam
975 3638 1216 3693 morales
1259 3645 1313 3693 et
1357 3636 1683 3709 allegoricas
1730 3636 2143 3708 explanationes
2188 3635 2521 3709 coniungere
2566 3635 2861 3693 solebant:

311 3733 555 3781 attamen
579 3740 752 3796 quum
778 3726 932 3781 latini
958 3727 1180 3793 PatreS,
1214 3712 1442 3796 excepto
1472 3725 1527 3780 S.
1560 3724 1895 3797 Augustino,
1924 3724 2136 3796 graecis
2160 3725 2569 3779 commentariis
2600 3723 2867 3795 frequen·

313 3822 398 3868 ter
421 3820 726 3881 uterentur,
759 3812 965 3869 factum
992 3822 1104 3882 est,
1134 3820 1195 3868 ut
1219 3813 1390 3884 aliqui
1410 3813 1705 3885 Origenem
1726 3811 1966 3867 maxime
1987 3812 2163 3867 secuti
2182 3812 2239 3865 in
2260 3812 2534 3883 allegoriis
2553 3810 2868 3867 afferendis

315 3901 486 3955 iustos
529 3900 732 3955 limites
773 3899 1310 3972 transgrederentur.
1341 3901 1396 3955 S.
1441 3900 1835 3973 Hippolytus,
1882 3899 1976 3971 qui
2018 3914 2357 3971 quamquam
2399 3914 2594 3971 graece
2634 3901 2869 3971 scripsit

314 3988 746 4045 occidentalibus
793 3989 992 4044 merito
1044 3987 1459 4056 adnumeratur,
1517 3987 1723 4043 multos
1768 3988 1983 4043 Veteris
2032 3988 2184 4044 Test.
2231 3968 2404 4043 libr'os
2448 3996 2503 4042 et
2557 3989 2867 4059 Evangelia

313 4078 409 4133 SS.
439 4075 708 4131 Matthaei
737 4084 792 4131 et
821 4076 1045 4132 loannis
1073 4076 1352 4147 exposuit3
1385 4074 1482 4131 sed
1508 4075 1821 4147 fragmenta
1844 4074 2372 4131 commentariorum
2398 4074 2688 4146 superstita
2728 4092 2867 4130 eum

316 4164 602 4235 allegorias
626 4164 1012 4235 praedilexisse
1034 4162 1350 4221 ostendunt.
1381 4162 1556 4219 Primi
1583 4164 1804 4233 PatreS,
1830 4162 1924 4234 qui
1946 4162 2113 4219 latine
2137 4163 2501 4233 scripserunt,
2534 4162 2867 4219 Tertullia-

317 4268 422 4307 nus
451 4254 512 4321 (†
535 4255 682 4319 245.)
714 4260 772 4307 et
792 4252 850 4307 S.
885 4254 1231 4325 Cyprianus
1267 4254 1328 4321 (†
1355 4254 1504 4319 258.)
1538 4250 1963 4306 commentarios
1993 4249 2217 4322 quidem
2253 4266 2367 4306 non
2404 4251 2726 4319 ediderunt,
2758 4252 2867 4307 sed

315 4340 372 4393 in
395 4340 508 4394 suis
529 4340 785 4411 operibus
809 4338 1096 4410 polemicis
1123 4339 1470 4410 (Tertulliani
1497 4354 1548 4393 c.
1575 4336 1701 4393 lud.
1728 4346 1785 4393 et
1804 4353 1855 4394 c.
1882 4338 2253 4407 Marcionem,
2278 4340 2337 4396 S.
2364 4338 2622 4411 Cypriani
2650 4354 2703 4393 c.
2733 4340 2864 4395 Iud.

319 4425 460 4481 etde
489 4428 712 4482 Unitate
735 4428 1034 4497 Ecclesiae)
1055 4428 1228 4484 multa
1247 4426 1534 4498 interpreti
1554 4426 1711 4481 utilia
1730 4425 2009 4482 exhibent.
2034 4426 2091 4483 S.
2126 4427 2423 4482 Victorini
2446 4432 2667 4495 Petne„
2696 4429 2869 4498 primi

319 4513 471 4567 latini
513 4517 992 4584 commentatoriS,
1029 4530 1196 4587 quem
1229 4515 1288 4569 in
1327 4514 1518 4570 multis
1560 4512 1676 4569 suis
1702 4514 2115 4569 commentariis
2151 4514 2221 4571 ab
2263 4514 2504 4587 Origene
2532 4513 2871 4582 dependisse

319 4607 552 4654 testatur
579 4602 632 4655 S.
662 4602 1065 4675 HieronymuS,
1096 4618 1211 4658 non
1239 4610 1535 4673 supersunt
1564 4600 1674 4657 nisi
1714 4600 1923 4657 scholia
1962 4602 2023 4657 in
2058 4606 2235 4675 Apoc.
2274 4611 2332 4658 et
2374 4601 2749 4675 fragmentum
2794 4604 2873 4659 de
