3050 5184
430 279 549 340 504
628 294 702 340 DE'.
741 295 879 341 Novi
925 297 1091 341 TEST.
1124 298 1317 342 umus
1360 297 1704 344 msromcm.
1735 315 1814 326 —
1855 297 1986 342 CAP.
2023 299 2119 341 111.
2167 296 2244 341 1)ss
2285 295 2520 348 QUARTO
2563 291 2860 338 eunome.

431 427 618 483 monio
646 428 1008 486 corroborare
1056 431 1309 486 voluisse.
1340 433 1415 486 At
1440 446 1514 486 ne
1557 430 1695 486 haec
1725 429 1952 501 quidem
1993 429 2268 486 sententia
2303 428 2479 485 solido
2515 427 2700 482 nititur
2735 423 2896 479 lunda-

430 522 639 570 mento.
671 516 812 571 Nam
837 514 1053 571 duobus
1082 517 1291 573 ultimis
1327 517 1578 574 versibus
1607 517 1809 574 demtis
1839 517 2200 588 Evangelium
2243 525 2372 588 apta
2401 514 2638 572 clausula
2669 511 2897 584 privatur:

432 603 675 658 narratio
701 603 819 674 ipsa
845 612 1031 659 autem
1056 612 1139 659 est
1162 605 1632 675 complementum
1661 603 1817 676 quasi
1843 605 2218 661 necessarium
2246 603 2528 661 relationis
2554 601 2624 658 de
2655 599 2898 671 negatione

434 689 601 757 Petri,
628 705 795 762 quam
823 693 881 747 S.
914 693 1182 758 Ioannes,
1214 693 1342 763 quia
1372 708 1405 747 a
1432 692 1746 765 Synopticis
1781 692 1894 748 iam
1923 691 2042 748 fuse
2070 700 2128 748 et
2155 700 2412 748 accurate
2439 689 2638 746 tradita
2663 695 2788 748 erat,
2813 685 2902 739 sine

432 777 547 833 ullo
572 776 741 834 dubio
767 792 867 849 pro
894 794 1053 834 more
1079 779 1353 836 omisisset
1380 777 1483 846 (cfr
1510 781 1734 850 Quaest.
1759 781 1863 836 ΙΙΙ.
1897 785 2002 848 10),
2027 779 2134 836 nisi
2159 778 2366 852 triplici
2383 777 2534 835 Petri
2557 773 2818 848 negationi
2833 773 2904 826 tri-

436 864 627 935 plicem
648 865 781 920 fidei
810 873 866 921 et
892 867 1097 922 amoris
1121 866 1520 938 professionem
1550 867 1670 924 eius
1696 882 1976 938 opponere
2005 868 2284 924 voluisset.

504 954 697 1008 Restat
726 953 1047 1010 adulterae
1066 953 1361 1024 historia,
1396 970 1566 1026 quam
1591 957 1786 1012 Patres
1812 953 2125 1012 Tridentini
2153 953 2334 1013 verbis
2359 975 2385 1006 e
2413 970 2542 1011 cum
2567 950 2806 1009 omnibus
2825 947 2906 1003 suis

436 1040 679 1109 partibus
704 1063 729 1092 n
764 1040 989 1097 decreto
1017 1041 1088 1098 de
1115 1057 1327 1098 canone
1355 1042 1562 1098 additis
1588 1058 1690 1114 pro
1719 1044 1957 1115 genuina
1979 1043 2263 1116 Evangelii
2290 1051 2448 1115 parte
2479 1041 2814 1098 declararunt
2836 1034 2910 1100 (cir

439 1127 681 1184 Tlieiner
718 1133 859 1185 Acta
886 1130 1204 1186 authentica
1232 1131 1401 1186 Conc.
1452 1130 1606 1186 Trid.
1652 1131 1699 1186 1.
1747 1145 1799 1200 p.
1833 1136 1969 1199 72).
2018 1132 2226 1187 Verum
2251 1139 2356 1200 est,
2389 1131 2532 1186 hanc
2569 1127 2842 1200 pericopen
2871 1123 2908 1175 in

436 1233 561 1280 octo
588 1223 750 1281 codd.
779 1226 992 1297 graecis
1020 1226 1328 1283 uncialibus
1352 1229 1433 1294 (Β.
1460 1235 1525 1282 rt.
1560 1232 1626 1282 Α.
1653 1227 1712 1284 C.
1747 1228 1814 1282 L.
1845 1228 1910 1282 T.
1945 1229 2019 1284 X.
2047 1227 2128 1297 Δ),
2158 1227 2216 1282 in
2248 1224 2530 1281 nonnullis
2561 1219 2854 1279 minusculis
2873 1227 2910 1268 et

438 1312 712 1384 plerisque
734 1313 1097 1371 Lectionariis
1122 1313 1445 1384 desiderari,
1470 1315 1531 1370 in
1555 1314 1680 1370 aliis
1701 1312 1866 1370 obelo
1893 1314 2101 1378 notari,
2129 1329 2255 1370 eam
2279 1313 2350 1369 ab
2375 1313 2548 1368 Italae
2572 1323 2782 1380 quoque
2803 1305 2912 1360 anti·

438 1399 723 1472 quioribus
746 1409 801 1456 et
830 1418 863 1456 a
898 1402 1171 1474 plerisque
1204 1402 1457 1476 syriaciS,
1500 1402 1759 1474 copticiS,
1792 1402 2122 1458 armeniacis
2147 1400 2434 1458 codicibus
2461 1400 2730 1460 exsulare,
2763 1389 2914 1450 neeab

438 1487 696 1561 Origene,
728 1492 783 1545 S.
814 1489 1237 1562 Chrysostomo‚
1268 1491 1324 1545 S.
1351 1489 1562 1563 cyrillo
1591 1491 1750 1545 Alex.
1777 1490 2106 1561 explicatam
2136 1489 2261 1561 legi.
2289 1487 2664 1544 Nihilominus
2687 1481 2912 1540 sufficien-

438 1576 583 1632 tibus
608 1577 943 1632 testimoniis
970 1577 1175 1633 criticis
1202 1576 1489 1633 authentia
1519 1577 1812 1649 pericopae
1839 1578 2109 1633 munitur.
2137 1578 2278 1635 Octo
2305 1575 2593 1632 codicibus
2619 1573 2814 1646 graecis
2839 1585 2914 1621 un-

438 1663 669 1719 cialibus
708 1665 889 1721 multo
918 1665 1103 1735 plures
1146 1665 1410 1734 unciales,
1456 1665 1554 1736 qui
1595 1681 1720 1720 eam
1747 1664 2035 1732 exhibent,
2063 1673 2121 1721 et
2143 1663 2480 1737 lectionariis
2523 1663 2648 1734 plus
2689 1663 2919 1714 trecento>

440 1751 778 1806 minusculos
838 1767 1063 1823 graecos
1116 1751 1362 1820 codices,
1417 1753 1475 1808 in
1533 1752 1734 1826 quibus
1791 1752 2088 1824 reperitur,
2132 1751 2500 1824 opponimus;
2552 1747 2768 1806 aceedit
2808 1741 2920 1814 quod

440 1838 497 1894 S.
536 1840 927 1908 Hieronymus
973 1843 1045 1907 (c.
1083 1840 1271 1912 Pelag.
1319 1841 1393 1909 ΙΙ,
1448 1845 1533 1907 17)
1563 1855 1688 1896 eam
1729 1859 1754 1891 α
1795 1840 1854 1894 in
1883 1841 2092 1896 multis
2139 1840 2350 1911 graecis
2389 1847 2446 1894 et
2475 1837 2664 1894 latinis
2689 1831 2920 1902 exempla·

442 1924 591 1981 ribus
632 1946 659 1978 ι»
703 1925 815 1998 legi
854 1935 1065 1982 asserat
1098 1936 1157 1982 et
1206 1927 1358 1999 quod
1402 1927 1834 1997 subscriptiones
1881 1927 2278 1983 nonnullorum
2319 1925 2580 1982 codicum
2617 1939 2739 1982 eam
2773 1921 2817 1974 ἐν
2845 1919 2926 1976 a&

442 2013 723 2084 ἀρχαίοις
771 2012 1083 2085 ἀντιγράφοις
1132 2013 1323 2070 adesse
1368 2023 1662 2071 testentur.
1715 2014 2123 2071 Nonnullarum
2170 2015 2488 2070 versionum
2537 2010 2814 2069 codicibus
2847 2007 2924 2061 alia

442 2101 763 2158 earumdem
803 2102 1139 2173 exemplaria
1186 2102 1593 2168 contradicunt,
1635 2102 1836 2175 quibus
1895 2101 2168 2158 accedunt
2212 2118 2410 2158 omnes
2456 2099 2684 2156 codices
2723 2093 2925 2167 Vulgati.

442 2190 753 2260 aethiopici,
779 2189 1007 2258 arabici,
1038 2190 1244 2246 slavici.
1275 2189 1537 2246 Patribus
1565 2191 1777 2264 graecis
1806 2195 2066 2262 (quorum
2088 2191 2472 2246 testimonium
2495 2197 2715 2244 certum
2734 2190 2926 2240 nonest.

444 2275 571 2347 quia
604 2276 860 2348 Origenis
898 2277 1283 2333 commentarii
1324 2279 1383 2332 in
1428 2279 1583 2334 Ioan.
1613 2283 1860 2346 5,1·8,19
1902 2279 2184 2348 perierunt
2209 2285 2267 2332 et
2291 2279 2348 2334 S.
2379 2276 2800 2350 chrysostomus
2827 2271 2930 2326 alias
3009 2271 3012 2328 J

444 2379 664 2436 quoque
682 2365 905 2420 loannis
920 2364 1207 2437 pericopas
1222 2364 1632 2436 praetermittit)
1648 2381 1930 2438 opponere
1947 2365 2076 2421 licet
2093 2367 2295 2421 latinos
2309 2364 2690 2432 Ambrosium,
2711 2357 2930 2432 Augusti·
3011 2366 3014 2423 J

444 2467 597 2518 num,
628 2453 1049 2525 Hieronymum,
1074 2452 1381 2520 sedulium,
1410 2453 1656 2509 Leonem
1694 2457 1794 2521 M„
1827 2452 2261 2526 chrysologum,
2287 2450 2714 2518 cassiodorum,
2737 2452 2930 2516 Prospe—
3013 2462 3016 2519 J

446 2555 589 2605 rum,
612 2539 945 2612 Gregorium
970 2542 1047 2594 M.
1077 2542 1253 2596 Porro
1282 2555 1381 2596 cur
1410 2541 1680 2608 narratio,
1711 2541 1760 2597 si
1797 2541 2034 2613 genuina
2071 2555 2187 2596 non
2218 2549 2321 2608 est,
2351 2540 2448 2596 illo
2482 2539 2732 2609 praecise
2763 2537 2819 2592 in
2841 2535 2934 2590 loco
3015 2560 3017 2606 1

442 2627 517 2682 sit
540 2628 770 2697 inserta,
802 2627 1063 2700 explicari
1087 2643 1201 2684 non
1228 2635 1438 2699 potest;
1471 2644 1572 2684 cur
1595 2628 1808 2684 veroin
1834 2628 2024 2684 multis
2049 2628 2332 2685 codicibus
2358 2637 2417 2684 et
2440 2627 2686 2684 maxime
2709 2626 2766 2682 in
2785 2622 2934 2679 lectio

444 2715 610 2772 uariis
632 2716 705 2771 sit
727 2717 949 2783 omissa,
976 2713 1135 2772 facile
1162 2716 1481 2786 explicatur,
1512 2715 1791 2787 siquidem
1815 2716 2098 2772 nonnullis
2121 2731 2319 2787 parum
2343 2723 2474 2788 apta
2496 2713 2802 2780 videbatur,
2825 2723 2938 2782 quae

447 2803 662 2873 publice
691 2805 992 2876 legeretur;
1024 2819 1156 2859 nam
1191 2823 1216 2854 α
1250 2805 1293 2859 si
1330 2804 1453 2874 quis
1482 2818 1608 2859 eam
1633 2803 1859 2859 auribus
1883 2803 2072 2858 otiosis
2099 2803 2359 2874 accipiat,
2393 2803 2598 2858 erroris
2635 2799 2940 2856 incentivum

445 2892 725 2946 incurrere
756 2897 938 2960 potest
962 2908 989 2942 n
1017 2891 1097 2958 (S.
1121 2891 1329 2946 Ambr.
1354 2892 1519 2963 Apol.
1546 2894 1688 2947 Dav.
1717 2892 1791 2948 11.
1821 2895 1878 2958 1;
1905 2889 1990 2946 cl'r
2013 2891 2070 2947 S.
2105 2895 2254 2962 Auq.
2284 2889 2354 2946 de
2394 2890 2552 2946 Coni.
2585 2888 2764 2944 adult.
2799 2889 2864 2943 ll.
2891 2890 2938 2938 7:

444 2983 501 3035 S.
524 2981 729 3034 Nicon.
750 2980 835 3033 De
850 2977 1017 3048 impia
1040 2982 1266 3034 Armen.
1294 2978 1449 3050 relig.
1475 2984 1552 3044 2).
1580 2976 1998 3046 obiicientibuS‚
2017 2979 2396 3034 narrationem
2421 2978 2564 3049 stylo
2581 2993 2684 3034 suo
2707 2991 2743 3031 a
2763 2975 2942 3044 reliquo

446 3066 743 3136 Evangelio
770 3063 1014 3133 differre,
1042 3064 1439 3137 respondemus
1465 3073 1681 3121 tantam
1708 3081 1828 3121 esse
1855 3067 1912 3122 in
1940 3065 2047 3121 hac
2077 3067 2332 3138 pericopa
2361 3065 2642 3122 variarum
2673 3064 2942 3120 lectionum

446 3153 661 3218 silvam,
692 3159 754 3207 ut
776 3153 899 3223 quis
922 3153 1039 3208 eius
1066 3154 1141 3208 sit
1168 3153 1479 3224 primitivus
1507 3162 1692 3208 textus
1734 3151 2057 3209 difficillime
2086 3153 2406 3222 definiatur,
2443 3161 2660 3209 certum
2695 3152 2858 3225 igitur
2879 3150 2942 3203 iu·

447 3240 651 3296 dicium
675 3239 745 3295 de
771 3239 915 3311 stylo
947 3238 1077 3297 ferri
1104 3256 1218 3296 non
1246 3256 1423 3312 posse,
1461 3242 1786 3311 praesertim
1816 3257 1990 3313 quum
2019 3245 2076 3298 S.
2108 3244 2347 3298 Ioannes
2374 3242 2433 3297 in
2462 3239 2718 3297 omnibus
2745 3240 2852 3296 l'ere
2871 3253 2944 3308 pe·

449 3327 649 3398 ricopis
676 3327 1081 3399 singularitates
1115 3328 1382 3400 quasdam
1405 3329 1532 3400 styli
1561 3329 1790 3394 habeat;
1833 3337 2001 3400 atque
2032 3328 2256 3385 demum
2293 3344 2614 3398 monemus,
2647 3323 2951 3384 narrationis

448 3413 730 3470 authentia
760 3415 999 3471 admissa
1029 3417 1441 3472 concinniorem
1470 3416 1589 3473 fieri
1617 3425 1960 3484 contextum,
1991 3415 2048 3472 id
2088 3417 2240 3488 quod
2274 3416 2380 3489 ipsi
2417 3416 2794 3472 rationalistae
2831 3429 2950 3469 non-

448 3501 589 3558 nulli
615 3501 942 3559 concedunt.

916 3687 1181 3746 Quamto
1202 3689 1302 3738 111.
1322 3717 1384 3726 —
1410 3691 1485 3738 De
1506 3691 1671 3752 quarti
1687 3691 1946 3752 Evangelii
1969 3691 2066 3738 fine
2092 3695 2144 3738 et
2168 3691 2512 3738 destinatione.

527 3849 585 3909 8.
618 3881 699 3891 —
726 3848 789 3909 S.
822 3849 1121 3908 Ioannem
1150 3850 1485 3927 Evangelio
1514 3867 1630 3910 suo
1669 3849 2046 3928 praeprimis
2085 3851 2224 3910 Iesu
2263 3841 2756 3909 messianitatem
2783 3851 2842 3908 et
2871 3844 2952 3904 di-

452 3944 782 4004 vinitatem
825 3945 1254 4005 demonstrare
1302 3949 1365 4005 et
1406 3945 1598 4006 fidem
1640 3947 1708 4006 in
1737 3947 1942 4007 lesum
1973 3951 2290 4024 tamquam
2324 3945 2388 4005 in
2427 3945 2743 4006 Christum
2777 3949 2835 4004 et
2857 3941 2954 4001 Dei

364 4033 368 4038 ’
452 4041 682 4101 Filium
708 4041 1122 4102 necessariam
1147 4041 1507 4120 praedicare
1537 4042 1843 4113 voluisse,
1878 4060 1954 4102 ex
1980 4046 2115 4102 tota
2144 4041 2280 4102 eius
2309 4042 2662 4102 narratione
2691 4047 2814 4101 tam
2841 4055 2954 4098 ma-

452 4137 677 4197 nifeste
704 4141 993 4215 apparet,
1028 4141 1096 4197 ut
1132 4137 1300 4199 hunc
1339 4138 1473 4198 eius
1502 4139 1696 4198 finem·
1723 4139 2098 4218 primarium
2133 4137 2332 4198 fuisse
2365 4139 2580 4198 Patres
2611 4138 2738 4198 iam
2763 4133 2958 4198 unani-

450 4249 585 4293 mes
613 4233 893 4293 innuant.

520 4321 774 4400 Plerique
810 4329 1138 4401 interpretes
1178 4331 1462 4404 Evangelii
1506 4331 1710 4402 integri
1747 4329 1916 4386 finem
1945 4330 2053 4386 illis
2095 4328 2276 4387 verbis
2317 4345 2432 4385 non
2480 4329 2760 4385 immerito
2796 4325 2958 4382 vident

453 4430 799 4486 expressum,
846 4416 1047 4487 quibus
1074 4419 1421 4491 Evangelista
1456 4418 1832 4474 narrationem
1878 4417 2154 4474 secundae
2181 4416 2544 4490 apparitionis
2573 4416 2798 4472 Domini
2824 4425 2958 4470 resu-

452 4502 631 4558 scitati
652 4504 913 4560 terminat
938 4525 951 4558 :
986 4523 1011 4555 α
1032 4507 1185 4561 Haec
1203 4506 1409 4578 scripta
1432 4515 1582 4569 sunt.
1609 4515 1672 4560 ut
1690 4503 1947 4573 credatiS,
1976 4505 2104 4578 quia
2127 4507 2282 4562 lesus
2305 4513 2390 4560 est
2413 4504 2666 4560 Christus
2693 4501 2920 4571 (Messias
2945 4536 2958 4552 .

454 4589 598 4645 filius
626 4590 747 4658 Dei,
775 4599 831 4647 et
859 4599 921 4645 ut
948 4591 1239 4648 credentes
1269 4595 1438 4650 vitam
1463 4591 1711 4649 habeatis
1738 4593 1795 4648 in
1821 4594 2047 4649 nomine
2074 4593 2192 4648 eius
2223 4613 2250 4643 n
2278 4593 2506 4661 (2034).
2538 4591 2746 4648 Thesin
2771 4601 2910 4646 suam
2929 4597 2958 4634 a
