3050 5184
489 305 567 348 ΒΕ
609 304 857 348 ΜΟΒΑῙΕΑ
891 302 1136 348 ommia-3
1179 301 1630 347 LEGISLATles
1674 301 2238 346 DEUTERONOMICAE.
2524 287 2636 344 211

120 442 336 508 serunt,
370 455 500 498 non
529 437 1105 497 animadvertentes
1143 435 1222 495 de
1255 434 1522 494 diversis
1560 421 1827 494 decimis
1868 435 1933 494 in
1966 437 2149 493 Num.
2195 439 2258 493 et
2295 436 2475 492 Deut.
2514 434 2636 510 agi.

119 534 342 592 Levitas
370 550 629 610 quoque
661 535 725 592 in
755 533 934 594 Num.
969 533 1108 604 3·5‚1
1149 549 1290 610 sqq.
1321 532 1511 590 certis
1548 530 1798 609 oppidis
1830 531 2077 601 donari,
2112 548 2149 589 a
2184 529 2368 590 Dent.
2404 529 2634 608 (1212.

124 631 208 700 18;
253 632 432 701 1437
478 646 655 706 sqq.;
703 631 905 702 16,st
957 633 1036 690 14
1084 627 1232 706 etc.)
1277 630 1491 688 autem
1540 627 1715 688 velut
1752 630 2095 706 pereqrinos
2146 626 2312 686 inter
2366 627 2641 703 reliquos

119 725 408 785 Israelitas
434 726 734 804 degentes
763 725 1034 803 supponi
1059 729 1351 797 monent,
1374 724 1605 783 iterum
1625 741 1751 783 non
1782 723 2210 795 attendenteS,
2247 741 2368 800 qua
2399 724 2641 784 ratione

121 822 446 900 peregrinis
471 822 696 881 levitae
725 822 1171 882 assimilentur.
1198 823 1467 880 Demum
1498 821 1564 879 in
1596 819 1915 898 prioribus
1945 820 2125 879 libris
2147 819 2313 879 inter
2331 821 2551 880 levitas
2581 825 2645 880 et

121 917 455 978 sacerdotes
483 922 768 978 accurate
792 917 1122 994 distingui,
1156 917 1222 976 in
1253 917 1748 977 Deuteronomio
1776 921 1989 978 autem
2017 933 2272 976 omnem
2298 932 2515 988 eorum
2547 915 2643 976 di-

122 1015 502 1075 stinctionem
547 1014 733 1090 plane
777 1013 1158 1092 disparuisse
1208 1016 1496 1084 censent,
1531 1018 1594 1073 at
1640 1013 1963 1073 distinctio
2005 1013 2159 1074 haec
2208 1013 2277 1072 in
2322 1014 2503 1074 Deut.
2543 1015 2637 1073 18.

123 1111 244 1169 satis
269 1112 440 1171 clare
470 1115 570 1172 est
598 1127 914 1189 expressa.

26 1291 29 1296 Ι
173 1223 634 1280 Adversariorum
654 1230 846 1294 πρῶτον
873 1224 1048 1295 ψεῦδος
1073 1231 1184 1293 est,
1217 1221 1370 1296 quod
1397 1231 1518 1277 tum
1549 1222 1609 1277 in
1645 1221 1799 1278 libris
1830 1221 2173 1278 intermediis
2200 1231 2321 1278 tum
2345 1222 2402 1278 in
2436 1225 2643 1280 Deute-

26 1323 28 1368 e
122 1311 346 1367 ronomio
376 1312 682 1381 completas
709 1311 1083 1384 legislationes
1112 1310 1262 1367 tradi
1299 1319 1561 1366 censeant
1588 1325 1769 1381 neque
1808 1310 2118 1372 attendant,
2153 1309 2396 1381 priorem
2417 1311 2641 1386 legisla-

123 1398 300 1455 tionem
323 1397 796 1455 deuteronomicis
816 1398 1174 1456 concionibus
1199 1398 1400 1471 partim
1421 1397 1728 1470 explanari,
1754 1397 1957 1469 partim
1980 1398 2267 1469 compleri.
2294 1397 2381 1452 Ad
2405 1397 2645 1455 decimas

123 1486 242 1556 quod
269 1488 502 1556 attinet,
533 1503 648 1544 non
673 1503 786 1544 una
811 1496 1060 1558 tantum,
1087 1485 1187 1543 sed
1211 1495 1326 1543 tres
1352 1495 1513 1542 erant
1539 1485 1867 1554 solvendae,
1901 1501 2043 1558 quae
2068 1501 2261 1542 omnes
2290 1502 2387 1557 per
2414 1489 2643 1560 Moysen

121 1584 223 1629 sunt
249 1575 648 1647 praescriptae.
696 1597 722 1626 α
757 1577 1048 1632 Decimam
1088 1575 1321 1642 dabam,
1353 1574 1535 1647 inquit
1571 1574 1774 1630 Tobias
1812 1575 1971 1641 (Tob.
2006 1581 2094 1644 1,7
2136 1578 2265 1641 Gr.,·
2301 1574 2383 1630 csr
2411 1576 2489 1630 ΡΙ.
2530 1577 2639 1632 [οε.

128 1665 319 1736 ⁵tntiqu.
367 1665 465 1719 IV.
498 1669 668 1732 8:22),
703 1663 830 1720 filiis
857 1664 989 1720 Levi
1023 1661 1467 1719 ministrantibus
1494 1663 1553 1718 in
1586 1663 1892 1721 Ierusalem
1918 1660 2021 1728 (cfr
2050 1667 2226 1718 Num.
2271 1669 2432 1733 18,22
2470 1670 2639 1736 sqq.),

125 1751 408 1808 secundam
433 1750 800 1808 divendebam
827 1760 884 1808 et
908 1751 1058 1808 ibam
1081 1759 1139 1808 et
1164 1749 1545 1822 expendebam
1570 1766 1633 1805 ca
1661 1751 1721 1806 in
1749 1751 2051 1806 Ierusalem
2076 1766 2177 1822 per
2198 1751 2445 1824 singulos
2468 1768 2643 1809 annos

131 1837 201 1900 ,cfr
222 1843 397 1896 Dent.
439 1845 599 1907 14,22
629 1845 798 1912 sqq.),
833 1847 892 1896 et
918 1840 1139 1895 tertiam
1177 1838 1408 1908 dabam,
1439 1839 1578 1894 sicut
1616 1837 1977 1894 conveniebat
2018 1859 2067 1903 n,
2104 1854 2185 1894 sc.
2219 1839 2383 1895 tertio
2421 1857 2643 1912 quoque

123 1941 236 1980 anno
267 1927 458 1982 levitis
487 1936 541 1982 et
581 1927 910 2000 pauperibus
949 1927 1052 1994 (cfr
1083 1931 1250 1984 Dent.
1291 1931 1490 1996 1438).
1523 1957 1594 1966 -
1628 1927 1933 1998 Peregrinis
1962 1926 2335 1982 assimilantur
2362 1929 2558 1986 levitae
2585 1929 2643 1984 in

127 2014 564 2084 Deuteronomio,
595 2024 871 2087 quatenus
908 2035 934 2066 α
973 2023 1188 2087 partem
1225 2023 1282 2070 et
1311 2015 1710 2086 possessionem
1752 2034 1776 2064 n
1809 2013 2007 2069 eodem
2036 2013 2235 2084 modo,
2265 2031 2374 2088 quo
2399 2017 2646 2088 reliquae

124 2101 298 2171 trihuS,
325 2116 448 2158 non
477 2103 846 2160 obtinuerant.
878 2105 1138 2159 Ceterum
1158 2104 1218 2158 in
1243 2101 1353 2158 illis
1378 2103 1511 2174 ipsis
1536 2101 1779 2173 oppidis,
1810 2117 1952 2174 quae
1974 2101 2149 2158 levitis
2172 2111 2332 2159 erant
2358 2119 2639 2175 concessa,

124 2205 210 2244 non
239 2191 344 2246 soli
384 2190 709 2247 habitabant
746 2195 892 2258 (Len.
927 2197 1092 2258 25,32
1131 2206 1253 2264 sqq.
1286 2189 1368 2246 csr
1407 2193 1514 2246 Ios.
1558 2195 1742 2257 21,11.
1779 2195 1873 2259 123
1909 2198 1934 2247 ι
1967 2195 2101 2260 Req.
2130 2196 2281 2258 6,13.
2314 2197 2421 2262 15),
2461 2209 2642 2266 neque

121 2277 278 2333 statim
301 2294 336 2334 a
370 2279 646 2351 principio
671 2279 856 2335 omnia
881 2278 1082 2351 oppida
1110 2279 1221 2334 illis
1241 2279 1533 2351 promissa,
1562 2276 1763 2350 quippe
1788 2293 1857 2333 ex
1880 2279 2077 2350 quibus
2100 2278 2475 2336 Chanaanitae
2498 2296 2643 2337 non-

123 2363 230 2419 dum
254 2374 444 2421 essent
471 2365 662 2434 eiecti,
693 2381 966 2437 occupare
995 2373 1320 2438 potuerunt,
1354 2381 1524 2436 quare
1554 2381 1773 2436 semper
1799 2366 2054 2422 nonnulli
2082 2367 2281 2423 levitae
2304 2367 2473 2424 medii
2498 2369 2643 2426 inter

123 2451 232 2507 alios
259 2453 544 2510 Israelitas
572 2453 822 2509 habitare
850 2454 1208 2526 cogebantur.
1239 2485 1312 2494 —-
1341 2456 1581 2508 Eatenus
1611 2453 1839 2508 demum
1865 2455 2362 2512 Deuteronomium
2386 2472 2415 2532 a
2443 2457 2640 2528 priori-

123 2539 202 2594 bus
231 2541 391 2597 libris
421 2539 640 2609 differt,
673 2551 947 2613 quatenus
981 2541 1296 2598 sacerdotes
1333 2558 1445 2596 non
1483 2542 1717 2612 amplius
1759 2561 1784 2592 α
1823 2541 1965 2596 filios
1992 2546 2182 2597 Aaron
2218 2563 2244 2594 n
2284 2543 2383 2600 sed
2427 2565 2452 2595 tt
2496 2545 2639 2602 filios

123 2628 228 2683 Levi
255 2651 280 2680 n
313 2637 414 2686 aut
445 2651 472 2680 σ
503 2629 820 2686 sacerdotes
847 2629 1040 2685 levitas
1075 2650 1098 2680 ι)
1134 2631 1329 2700 (Vulq.
1379 2650 1404 2680 ε(
1443 2629 1762 2684 sacerdotes
1802 2629 2003 2685 levitici
2039 2631 2256 2702 generis
2289 2637 2338 2699 »)
2370 2635 2637 2704 appellet,

121 2724 164 2767 at
184 2727 400 2772 tantum
427 2717 612 2784 abest,
643 2725 706 2772 ut
737 2733 881 2773 novo
912 2717 1018 2773 hoc
1047 2717 1271 2773 nomine
1301 2717 1613 2772 differentia
1643 2717 1837 2773 levitas
1863 2717 2011 2772 inter
2039 2726 2094 2773 et
2119 2719 2434 2776 sacerdotes
2461 2738 2629 2793 nege-

123 2811 209 2871 tur.
236 2814 296 2862 ut
335 2806 416 2861 illi
453 2804 698 2861 iuniores
735 2806 1058 2877 scriptoreS,
1091 2807 1186 2877 qui
1229 2805 1600 2861 differentiam
1639 2804 1783 2859 hanc
1822 2803 1979 2862 valde
2016 2815 2245 2878 urgent,
2272 2807 2369 2862 illo
2406 2810 2487 2863 uti
2526 2826 2641 2865 non

121 2889 347 2949 dubitent
376 2899 432 2960 (2
458 2893 669 2949 Paral.
706 2899 831 2962 5,5;
865 2900 1058 2962 23,18;
1095 2899 1287 2963 30,27;
1323 2900 1347 2949 1
1380 2893 1561 2949 Esdr.
1596 2899 1719 2960 10,5
1751 2897 1903 2959 etc.).
1944 2892 2217 2950 Attendas
2252 2904 2465 2964 autem,
2499 2913 2639 2970 quo-

122 2979 258 3035 modo
287 2985 459 3037 Dent.
498 2988 582 3038 18.
611 2982 855 3053 primum
889 3003 914 3032 α
942 2979 1342 3050 sacerdotibuS,
1373 2981 1571 3049 levitis,
1604 2982 1707 3036 toti
1730 2981 1899 3035 tribui
1927 2981 2057 3037 Levi
2084 3001 2110 3033 ι)
2144 2999 2271 3054 pars
2300 2991 2358 3038 et
2386 2983 2639 3042 haeredi-

121 3075 186 3120 tas
209 3070 258 3123 in
286 3071 458 3126 lsrael
489 3078 724 3142 negetur
749 3075 822 3137 (v.
855 3078 904 3126 1.
935 3075 1032 3136 2.),
1068 3068 1266 3126 deinde
1293 3077 1478 3124 autem
1508 3069 1872 3136 describatur,
1901 3068 2033 3141 quid
2060 3070 2437 3127 sacerdotibus
2466 3077 2539 3140 (v.
2567 3081 2638 3130 3-

121 3159 158 3218 5]
185 3165 232 3212 et
255 3156 386 3230 quid
411 3157 594 3213 levitis
622 3163 696 3224 (v.
723 3163 852 3224 6-8)
883 3166 1179 3230 competat.

183 3319 231 3375 4.
277 3351 358 3361 ——
403 3317 640 3388 Quodsi
681 3317 998 3389 nonnulli,
1029 3322 1102 3380 ut
1129 3319 1551 3379 recentiorem
1591 3318 1727 3378 eius
1776 3323 2053 3380 aetatem
2098 3319 2633 3396 demonstrarent,

125 3412 660 3475 Deuteronomium
694 3414 1008 3494 religiosis
1058 3432 1309 3492 quoque
1358 3415 1767 3492 opinionibus
1810 3433 1845 3476 a
1888 3417 2412 3494 praecedentibus
2459 3419 2639 3479 libris

127 3507 348 3571 differre
375 3516 794 3585 monuerunt,
831 3512 894 3569 in
927 3511 1277 3572 doctrinam
1308 3512 1827 3590 praecedentium
1864 3513 2173 3574 librorum
2214 3531 2433 3592 parum
2472 3517 2639 3576 inve-

129 3607 358 3682 stigasse
386 3609 713 3681 videntur;
748 3608 985 3668 infelici
1015 3609 1182 3669 enim
1209 3626 1398 3669 manu
1427 3610 1642 3669 omnia
1666 3627 1776 3672 sua
1810 3611 2099 3688 exempla
2128 3611 2474 3688 elegerunt.

175 3719 432 3777 Mosaicos
455 3719 627 3776 libros
652 3719 728 3776 ita
757 3721 898 3778 inter
921 3737 980 3778 se
1003 3721 1226 3778 dlil'erre
1254 3721 1638 3793 concedimuS,
1668 3732 1728 3778 ut
1752 3739 1865 3780 non
1890 3723 2073 3780 omnia
2108 3723 2331 3780 omnino
2356 3724 2644 3783 doctrinae

127 3807 278 3875 capita
303 3809 359 3863 in
391 3809 652 3865 omnibus
683 3819 1210 3878 commemorentur,
1239 3827 1420 3883 neque
1451 3811 1566 3866 ullo
1604 3810 1773 3866 modo
1812 3827 2107 3884 negamus,
2138 3813 2637 3870 Deuteronomium

129 3907 270 3949 novas
287 3897 650 3953 revelationes
673 3897 958 3954 doctrinae
986 3898 1044 3953 in
1073 3897 1348 3969 prioribus
1374 3889 1526 3955 libris
1552 3901 1825 3956 revelatae
1852 3899 2147 3956 addidisse.
2176 3903 2249 3956 At
2276 3917 2345 3956 ne
2374 3901 2481 3957 hoc
2510 3903 2635 3973 qui-

131 3977 236 4036 dem
261 3985 503 4057 exempla
533 3984 604 4040 ab
643 3985 966 4042 adversariis
994 3985 1181 4042 afferri
1213 3987 1372 4042 solita
1409 3986 1813 4046 demonstrant.
1852 3989 2070 4046 Etenim
2104 3987 2165 4044 in
2200 3991 2636 4046 Deuteronomio

133 4074 270 4128 ,ta-5.
297 4077 380 4139 39)
407 4077 688 4130 unitatem
718 4076 826 4130 Dei
852 4073 1160 4146 praedicari
1189 4083 1470 4144 asserunt,
1505 4093 1568 4132 ac
1597 4077 1640 4132 si
1669 4075 1881 4149 priores
1907 4077 2035 4132 libri
2062 4076 2437 4148 pluralitatem
2467 4077 2635 4134 docc-

131 4165 257 4222 rent,
286 4160 764 4218 invisibilitatem
794 4165 900 4218 Dei
929 4167 1114 4230 (Dent.
1145 4166 1294 4232 4,12.
1330 4168 1416 4230 15)
1460 4164 1667 4234 doceri,
1703 4181 1843 4237 quae
1877 4165 2083 4221 clarius
2119 4167 2233 4220 iam
2271 4181 2529 4236 expressa
2554 4175 2637 4222 est

132 4244 300 4302 Exod.
339 4255 528 4318 33,20,
565 4258 621 4306 et
666 4250 947 4306 intimam
985 4251 1111 4308 eius
1158 4253 1510 4308 relacionem
1551 4253 1638 4308 ad
1672 4253 1991 4326 populum,
2038 4270 2205 4325 quem
2241 4251 2475 4328 foedere
2516 4255 2637 4309 sibi

132 4336 412 4392 coniunxit
437 4341 622 4394 (Dent.
663 4343 787 4406 4,7;
823 4345 981 4403 10,14
1015 4345 1185 4413 sqq.),
1224 4338 1294 4396 de
1322 4339 1478 4396 cuius
1508 4333 1745 4396 foederis
1774 4339 2096 4396 fundatione
2127 4340 2329 4411 integri
2360 4349 2476 4397 tres
2510 4343 2635 4398 libri

131 4417 413 4480 intermedii
439 4436 608 4497 agunt
645 4425 848 4483 diserte
885 4437 1192 4484 asserentes
1227 4431 1404 4484 Deum
1442 4428 1672 4501 elegisse
1706 4429 1973 4500 populum
2014 4430 2213 4493 Israel,
2244 4437 2307 4484 ut
2343 4429 2443 4485 sibi
2488 4451 2513 4480 α
2545 4448 2633 4486 re-

133 4521 280 4575 gnum
313 4513 646 4570 sacerdotale
674 4523 730 4569 et
759 4531 892 4588 gens
920 4525 1104 4572 sancta
1135 4535 1161 4566 ι)
1196 4517 1405 4583 (Es-od.
1442 4521 1587 4586 19,5.
1620 4521 1672 4584 6)
1702 4525 1875 4587 esset,
1906 4515 2143 4588 ideoque
2170 4533 2299 4572 cum
2336 4534 2401 4572 eo
2441 4517 2633 4574 foedus

135 4596 370 4668 pepigisse
403 4603 599 4668 (Ex-od.
640 4607 770 4670 24,4
805 4608 971 4676 sqq.).
1015 4604 1240 4675 Saepius
1269 4603 1490 4677 quidem
1521 4604 1580 4659 in
1616 4603 1841 4670 ultime,
1873 4620 2039 4678 quam
2076 4606 2133 4662 in
2172 4606 2445 4678 prioribus
2481 4606 2633 4664 libris
