3050 5184
564 316 637 359 ne
680 314 915 361 nurum
952 314 1315 361 aecansronn
1357 314 1787 359 unanimam
1831 314 2141 359 inflamma.
2179 352 2184 357 .
2507 298 2624 357 389

118 446 301 515 turbet,
324 463 431 503 non
452 447 734 518 probatur,
755 448 921 503 etiam
940 446 1169 518 antiquo
1189 445 1566 502 diasceuastae
1591 444 1879 517 displicere
1902 447 2108 517 potuit3
2133 445 2244 501 huc
2269 446 2438 501 etiam
2463 444 2625 499 omis-

116 534 185 589 sio
208 535 595 603 nonnullarum
622 535 1025 591 sententiarum
1052 534 1270 590 videtur
1305 533 1610 606 pertinere,
1639 548 1810 605 quae,
1837 534 2096 605 quoniam
2133 534 2242 589 alio
2277 533 2334 588 in
2369 539 2624 587 contextu

116 621 291 679 iisdem
326 623 438 678 sere
462 621 643 678 verbis
664 632 821 679 erant
850 637 1159 694 expressae,
1191 620 1479 677 abundare
1507 621 1876 677 censebantur
1907 625 2012 687 (ex.
2041 636 2125 693 gr.
2155 625 2376 689 8‚10-12
2405 627 2626 691 propter

114 715 353 777 6‚13-15;
382 740 453 750 —
482 716 626 777 11‚7.
656 717 695 769 8
724 719 949 781 propter
976 716 1105 777 7‚24
1124 726 1245 781 sqq.
1264 728 1281 774 ς
1302 740 1373 749 -
1402 716 1526 777 1⁷,3
1554 724 1638 780 sq.
1667 716 1895 779 propter
1921 714 2078 775 15,13
2108 708 2237 779 sq.),
2269 716 2362 765 aut
2391 722 2534 779 quae
2555 705 2626 760 ob

116 806 309 853 certum
327 797 611 854 brevitatis
628 797 873 853 studium
893 796 1285 869 compendiose
1302 805 1521 853 tantum
1556 804 1686 853 sunt
1713 795 1962 857 redditae
2002 801 2112 862 (ex.
2144 811 2228 867 gr.
2260 800 2506 862 10,4-10;
2533 800 2623 862 27,

120 891 295 947 12-243
338 889 693 952 41,14·etc.).
735 886 1003 943 versione
1048 892 1235 940 autem
1265 900 1464 955 graeca
1500 883 1604 939 has
1627 883 1964 939 mutationes
1993 882 2227 938 dicimus
2255 882 2622 953 antiquiores,

117 972 225 1041 quia
266 971 533 1031 Ieremiae
574 972 849 1043 interpres
884 972 1068 1027 servili
1104 971 1276 1028 modo
1312 973 1509 1027 saltem
1555 971 1882 1043 plerumque
1919 970 2152 1025 totidem
2195 969 2309 1028 fere
2353 968 2532 1025 verbis
2573 976 2628 1022 et

114 1058 289 1114 eodem
318 1059 719 1115 vocabulorum
748 1058 971 1129 ordine,
1004 1059 1050 1113 si
1072 1059 1195 1114 fieri
1222 1066 1435 1129 potest,
1472 1066 1688 1115 retento
1723 1056 2042 1115 hebraicum
2064 1066 2280 1113 textum
2309 1071 2502 1129 graece
2529 1071 2627 1111 ex·-

116 1146 309 1215 pressit,
338 1147 421 1204 ita
447 1155 511 1202 ut
531 1162 643 1201 non
678 1146 749 1201 sit
776 1146 1033 1217 suspicio,
1066 1160 1195 1201 eum
1222 1146 1467 1217 integras
1495 1145 1728 1217 phrases
1763 1153 1860 1201 aut
1890 1144 2174 1216 pericopas
2207 1143 2460 1201 consulto
2486 1144 2626 1199 omi-

114 1232 227 1288 sisse
254 1242 309 1289 et
335 1232 589 1290 ordinem
620 1232 1005 1290 vaticiniorum
1032 1240 1298 1289 mutasse.

182 1402 455 1479 Utraque
482 1402 767 1461 recensio
796 1418 913 1479 pro
944 1400 1301 1475 authentica
1328 1402 1701 1462 admittatur
1741 1404 2020 1477 oportet;
2055 1404 2320 1476 utraque
2360 1400 2488 1459 suis
2527 1415 2632 1457 or-

113 1500 278 1557 natur
303 1497 649 1557 virtutibus
678 1498 933 1574 suisque
959 1497 1349 1557 deformatur
1371 1499 1614 1571 naeviS,
1643 1501 1906 1573 utraque
1935 1496 2211 1573 genuino
2239 1495 2439 1555 textui
2457 1494 2628 1552 inve-

114 1594 329 1654 niendo
352 1594 639 1663 inservit,
660 1593 771 1653 sed
791 1598 1013 1655 neutra
1036 1594 1355 1671 primitivo
1379 1593 1542 1653 libro
1565 1590 1862 1653 Ieremiae
1884 1592 2056 1652 omni
2079 1608 2154 1651 ex
2175 1594 2354 1669 parte
2376 1593 2472 1649 est
2491 1606 2632 1649 con-

113 1696 331 1757 formis,
359 1701 519 1759 Cum
540 1692 991 1758 massorethica
1010 1698 1373 1758 recensione
1395 1697 1712 1774 longiores
1735 1698 2066 1775 pericopae
2089 1696 2167 1755 ab
2193 1693 2630 1755 Alexandrinis

115 1795 366 1855 omissae
428 1796 689 1855 omnino
744 1798 888 1855 sunt
934 1794 1364 1871 recipiendam
1420 1811 1565 1854 cum
1623 1793 2022 1853 alexandrina
2062 1793 2350 1852 versione
2403 1790 2554 1850 ordo
2597 1807 2633 1849 a

116 1892 550 1952 massorethico
579 1895 751 1951 textu
778 1891 1179 1969 perturbatus
1203 1890 1457 1950 videtur
1477 1889 1937 1962 restituendus;
1968 1889 2243 1948 minores
2270 1888 2632 1965 discrepan-

114 1986 219 2047 tiae
246 1986 604 2048 secundum
635 2004 817 2047 sanae
849 1988 1099 2047 criticae
1130 1986 1375 2065 regulas
1405 1990 1552 2045 sunt
1584 1983 2046 2045 diiudicandae.

172 2109 422 2181 Utraque
454 2108 773 2163 recensione
793 2108 878 2162 usi
904 2116 1033 2164 sunt
1058 2108 1196 2163 sacri
1217 2108 1542 2178 scriptores,
1570 2108 1624 2161 S.
1649 2107 1857 2163 Mami.
1889 2112 2014 2169 218
2037 2102 2496 2161 massorethicum
2519 2111 2633 2157 tex-

113 2202 215 2249 tum
242 2197 518 2267 sequitur,
550 2195 643 2250 ubi
672 2210 903 2266 graecus
926 2195 1275 2265 aliquantum
1303 2194 1555 2249 dissentit
1592 2196 1815 2259 (Ierem.
1850 2198 2052 2261 31,15),
2081 2198 2133 2249 S.
2175 2190 2401 2247 Paulus
2433 2190 2624 2260 (Hebr.

112 2287 207 2348 8,9>
231 2298 495 2355 graecum
520 2282 783 2353 sequitur,
819 2281 909 2337 ubi
943 2278 1371 2337 massorethicus
1400 2279 1654 2336 dissentit
1682 2283 1900 2347 (ierem.
1934 2284 2136 2347 31,32).
2167 2282 2419 2351 Utraque
2437 2292 2633 2348 appro-

112 2366 223 2424 bata
250 2379 332 2425 est
348 2371 421 2427 ab
452 2370 725 2437 Ecclesia3
760 2368 1116 2425 alexandrina
1144 2368 1465 2425 recensione
1494 2368 1578 2422 usi
1605 2376 1736 2422 sunt
1761 2375 1980 2423 tantum
2008 2383 2121 2422 non
2151 2382 2344 2423 omnes
2370 2365 2632 2421 ecclesiae

112 2470 189 2509 sex
206 2458 481 2526 prioribus
499 2456 732 2511 saeculis
750 2464 805 2511 et
824 2454 989 2511 hodie
1000 2462 1232 2510 utuntur
1248 2455 1541 2526 pleraeque
1563 2453 1823 2511 ecclesiae
1845 2453 2140 2509 orientales
2154 2477 2168 2522 ς
2180 2451 2632 2509 massorethicam

110 2542 221 2598 inde
244 2560 275 2601 a
302 2544 530 2601 saeculo
556 2548 608 2599 6.
632 2542 860 2598 adhibet
888 2540 1250 2598 occidentalis
1269 2542 1515 2597 Ecclesia
1546 2543 1602 2597 in
1623 2542 1858 2614 Vulgata
1890 2541 2168 2607 versione3
2201 2560 2225 2590 α
2252 2548 2520 2595 vetustate
2538 2539 2632 2611 igi-

110 2638 189 2684 tur
203 2639 253 2686 et
271 2647 374 2687 usu
400 2652 425 2683 ι
457 2639 697 2701 utraque
713 2630 917 2687 meruit
941 2629 1347 2685 auctoritatem.
1376 2629 1652 2697 Quoniam
1673 2638 1862 2685 autem
1891 2629 2103 2699 plenior
2121 2628 2358 2698 Vulgata
2384 2626 2632 2683 recensio

111 2726 179 2771 nst
216 2718 553 2790 approbata,
586 2718 754 2773 etiam
792 2717 920 2772 illae
961 2717 1199 2773 maiores
1238 2716 1546 2788 pericopae,
1597 2732 1733 2789 quas
1773 2714 2130 2771 Alexandrini
2163 2714 2496 2781 omiserunt,
2534 2728 2632 2783 pro

110 2802 287 2861 divinis
300 2794 647 2877 recipiantur
661 2812 908 2875 oportet;
927 2802 1096 2876 idque
1116 2819 1182 2859 eo
1202 2802 1377 2875 magis
1392 2846 1406 2871 ,
1431 2804 1561 2874 quia
1577 2804 1786 2874 syriaca
1803 2803 2032 2858 ecclesia
2049 2817 2142 2857 eas
2161 2816 2378 2871 semper
2396 2801 2506 2855 iam
2531 2799 2638 2854 ha·-

112 2889 229 2959 buit,
252 2893 467 2949 multae
494 2906 727 2963 graecae
755 2890 1020 2947 ecclesiae
1040 2890 1344 2961 antiquitus
1372 2906 1467 2945 eas
1482 2906 1548 2945 ex
1577 2885 1978 2945 Theodotionis
2007 2889 2255 2945 versione
2273 2887 2519 2943 studiose
2538 2902 2627 2941 re·-

110 2988 372 3049 cepernnt,
392 2980 619 3035 criticae
643 2994 863 3050 quoque
882 2979 1122 3034 rationes
1142 2979 1220 3033 eis
1237 2977 1439 3033 favent.
1460 2976 1726 3033 Ordinem
1744 2986 1930 3033 tamen
1947 2975 2364 3033 alexandrinum
2379 2973 2630 3045 praeieri-

110 3080 240 3130 muS,
271 3066 359 3137 a.)
391 3066 523 3139 quia
550 3066 801 3121 vaticinia
825 3075 1020 3121 contra
1046 3075 1237 3136 gentes
1267 3066 1323 3120 in
1352 3064 1746 3121 massorethica
1773 3062 2016 3119 editione
2045 3072 2238 3134 aptum
2275 3078 2390 3117 non
2426 3061 2632 3116 habent

110 3152 301 3221 locum;
323 3170 513 3224 neque
533 3152 682 3208 enim
706 3168 833 3208 cum
854 3152 1309 3221 praecedentibus
1334 3168 1436 3208 nec
1457 3168 1585 3207 cum
1604 3150 1961 3223 sequentibus
1981 3152 2094 3207 ullo
2117 3148 2286 3205 modo
2311 3148 2625 3209 cohaerent,

109 3236 225 3294 dum
252 3240 305 3295 in
333 3256 537 3314 graeca
571 3240 811 3299 editione
836 3248 961 3309 post
988 3245 1151 3308 25‚13
1182 3240 1385 3295 inserta
1429 3240 1640 3310 optimo
1669 3247 1799 3294 sunt
1837 3240 1895 3293 in
1921 3245 2214 3304 contextu3
2251 3237 2329 3301 b.)
2371 3237 2498 3307 quia
2531 3235 2630 3291 he-

112 3323 311 3383 braicus
333 3336 525 3383 textus
566 3328 681 3397 ipse
712 3333 875 3395 25,13
916 3327 1117 3393 innuit,
1166 3326 1296 3382 olim
1325 3326 1601 3382 'vaticinia
1643 3334 1835 3381 contra
1876 3334 2068 3397 gentes
2107 3321 2424 3379 immediate
2467 3322 2632 3378 fuisse

112 3427 333 3482 annexa3
356 3415 431 3485 c.)
465 3414 593 3487 quia
619 3414 815 3469 titulus
843 3418 1036 3482 (1‚2.3)
1068 3413 1327 3469 hebraico
1360 3414 1505 3469 libro
1548 3413 1869 3469 nullatenus
1902 3413 2188 3480 convenit,
2227 3412 2322 3482 qui
2364 3411 2632 3467 vaticiniis

110 3500 252 3556 titulo
266 3503 527 3558 indicatis
557 3500 661 3557 alia
688 3502 859 3556 multa
893 3502 1139 3572 (40.-44.)
1182 3502 1403 3568 inserit,
1435 3516 1576 3571 quae
1609 3500 1718 3555 illis
1761 3508 1888 3555 sunt
1917 3502 2222 3556 recentiora
2252 3509 2306 3555 et
2334 3500 2498 3555 titulo
2533 3516 2629 3555 ex—

110 3588 411 3658 cluduntur,
438 3588 577 3645 dum
606 3604 801 3661 graeca
828 3588 997 3645 editio
1028 3590 1215 3645 omnia
1243 3589 1379 3644 haec
1406 3589 1559 3643 velut
1587 3586 1948 3660 appendicem
1974 3588 2255 3659 primitivo
2283 3587 2428 3643 libro
2457 3585 2624 3642 addit.

637 3809 906 3865 Qun-’emo
935 3808 1005 3855 11.
1031 3834 1095 3843 —
1121 3808 1195 3854 De
1221 3808 1335 3854 libri
1361 3810 1676 3867 argumento,
1704 3807 1894 3866 ordine,
1923 3772 2097 3853 indole.

179 4012 229 4066 2.
266 4044 337 4055 -—-
369 4009 657 4071 Iermiae
680 4008 1003 4088 Prophetia
1032 4009 1249 4069 multis
1282 4012 1525 4068 constat
1561 4008 1971 4068 concionibus
2004 4006 2443 4081 vaticiniisque
2474 4011 2628 4079 qua-

114 4100 377 4180 draginta
412 4122 719 4166 annorum
764 4106 967 4183 spatio
1014 4102 1385 4184 (effla-586.)
1417 4104 1650 4164 habitis
1698 4102 2145 4177 nonnullisque
2176 4100 2492 4178 pericopis
2532 4099 2629 4158 hi-

115 4200 371 4274 storicis,
405 4219 568 4279 quae
606 4201 907 4261 vaticinia
946 4202 1261 4261 illustrant
1286 4200 1387 4260 vel
1430 4201 1835 4272 confirmant;
1868 4198 2044 4258 velut
2071 4196 2384 4275 appendix
2413 4200 2629 4256 autem

116 4292 161 4349 ei
199 4301 337 4357 sunt
380 4298 598 4358 addita
641 4298 948 4357 nonnulla
990 4296 1295 4357 historica
1337 4300 1400 4356 et
1444 4296 1842 4374 prophetica,
1876 4310 2036 4371 quae
2068 4296 2285 4370 utpote
2313 4292 2488 4369 regni
2522 4290 2626 4351 de-

115 4392 435 4453 structione
463 4394 813 4456 recentiora
834 4393 1026 4455 titulo'
1048 4410 1173 4453 non
1200 4392 1840 4471 comprehenduntur.
1867 4391 2100 4450 Omnes
2127 4392 2340 4449 autem
2379 4387 2627 4447 concio-

114 4498 211 4545 nes
230 4492 291 4547 et
317 4489 689 4568 prophetiae
714 4495 777 4551 et
799 4490 1214 4562 narrationeS‚
1248 4488 1534 4567 quamvis
1566 4488 1810 4547 diversa
1841 4486 1968 4544 sint
1997 4502 2211 4545 earum
2241 4487 2622 4563 argumenta,

115 4580 179 4638 ad
206 4585 499 4646 unitatem
528 4586 898 4664 rediguntur
926 4587 1067 4671 idea
1096 4586 1343 4645 divinae
1366 4584 1658 4655 iustitiae,
1689 4582 1866 4643 cuius
1886 4582 2186 4641 Ieremias
2217 4586 2348 4642 erat
2372 4597 2622 4659 praeco.
