3050 5184
1358 337 1560 384 mnsx.

652 469 683 534 5
710 472 762 522 7.
791 468 1159 539 Antiquorum
1197 469 1533 526 Iudaeorum
1568 479 1866 542 systemata
1902 471 2312 528 hermeneutica
2349 471 2552 538 (Thal-

864 555 1193 625 mudistae,
1224 560 1565 622 Karaitae,
1593 559 2012 626 Alexandrini,
2047 559 2541 625 Kabbalistae)...

651 643 682 708 5
710 649 761 697 8.
790 643 1073 714 Praecipui
1097 644 1431 700 Iudaeorum
1450 645 1784 717 interpretes
1807 645 2072 703 iuniores,
2104 689 2118 702 .
2175 689 2188 702 .
2246 695 2256 704 .

435 775 629 842 Caput
652 773 758 826 IV.
787 776 870 828 De
897 775 1345 845 interpretatione
1373 774 1790 834 catholicorum
1817 817 2540 836 ...........

651 863 682 926 5
709 865 763 914 9.
790 861 885 916 SS.
910 863 1137 916 Patrum
1158 863 1307 918 varia
1332 871 1632 934 systemata
1658 863 2072 920 hermeneutica
2098 863 2552 931 (Alexandrini,

869 949 1230 1017 Antioclaeni)
1256 991 2545 1010 ...................

619 1039 653 1102 5
682 1042 763 1090 10.
794 1035 1080 1108 praecipui
1105 1036 1435 1109 interpretes
1462 1038 1756 1094 orientales
1791 1055 1822 1093 a
1852 1045 1904 1094 3.
1935 1055 2114 1110 usque
2143 1037 2214 1094 ad
2236 1045 2290 1094 6.
2322 1054 2473 1096 saec.
2529 1085 2546 1098 .

619 1126 651 1189 §
682 1129 766 1178 11.
794 1123 1081 1195 Praecipui
1106 1124 1435 1196 interpretes
1463 1125 1835 1182 occidentales
1862 1141 1894 1182 a
1924 1133 1976 1181 3.
2005 1141 2180 1197 usque
2207 1125 2280 1181 ad
2311 1132 2363 1182 6.
2391 1141 2544 1181 saec.

618 1214 649 1277 5
683 1216 767 1265 12.
793 1211 989 1266 Graeci
1016 1212 1344 1283 interpretes
1366 1227 1399 1266 a
1426 1218 1483 1268 6.
1506 1227 1685 1284 usque
1711 1211 1782 1269 ad
1811 1219 1897 1270 13.
1925 1227 2066 1270 saec.
2099 1213 2430 1284 (Catenae).
2460 1259 2474 1270 .
2531 1253 2544 1266 .

619 1301 651 1366 5
682 1305 765 1355 13.
794 1299 975 1354 Latmi
1002 1300 1329 1371 interpretes
1356 1316 1387 1355 a
1417 1307 1469 1356 7.
1501 1315 1678 1371 usque
1701 1299 1773 1356 ad
1805 1306 1890 1357 12.
1925 1315 2068 1356 saec.
2102 1303 2401 1367 (Glossae).
2459 1346 2473 1358 .
2531 1345 2544 1357 .

2593 333 2722 394 655

2629 565 2726 613 1⁴7

2529 693 2540 704 .
2629 651 2730 702 1⁴9

2629 782 2729 832 150

2631 957 2732 1006 150

2630 1044 2730 1094 152

2629 1131 2731 1180 154

2633 1217 2733 1268 156

2633 1307 2732 1356 158

620 1389 651 1453 5
685 1392 769 1441 14.
795 1389 879 1441 De
907 1385 1378 1444 Scholasticorum
1414 1387 1874 1460 interpretatione
1895 1427 2545 1447 ..........
2634 1393 2732 1443 159

619 1477 650 1540 5
686 1480 766 1529 15.
792 1477 1040 1530 Aureum
1064 1473 1686 1548 modernae‘exegeseos
1706 1475 2012 1531 catholicae
2039 1475 2320 1532 saeculum
2341 1479 2556 1540 (1563.-

836 1561 1013 1636 1660.)
1046 1603 2544 1623 ......................
2633 1567 2732 1616 163

619 1652 651 1716 §
682 1655 767 1705 16.
794 1648 989 1706 Studia
1016 1650 1407 1720 scripturistica
1436 1666 1580 1706 saec.
1614 1657 1666 1706 2.
1695 1659 1752 1705 et
1776 1657 1828 1706 3.
1860 1657 1984 1722 post
2011 1651 2182 1706 Cone.
2215 1648 2366 1704 Trid.
2393 1696 2404 1707 .
2463 1695 2476 1706 .
2537 1690 2548 1701 .
2633 1654 2734 1706 166

466 1783 663 1853 Caput
695 1784 769 1838 V.
795 1782 879 1836 De
904 1781 1355 1858 interpretatione
1380 1782 1776 1852 protestantica
1784 1820 2548 1838 ............
2635 1785 2734 1835 169

621 1872 653 1935 5
684 1874 747 1923 17
757 1910 770 1923 .
796 1869 883 1924 Ab
910 1878 1035 1924 orto
1061 1870 1517 1925 Protestantismo
1545 1884 1718 1940 usque
1747 1867 1820 1924 ad
1853 1867 2241 1926 Rationalismi
2278 1868 2546 1940 origines.
2633 1873 2736 1923 169

620 1960 653 2023 5
670 1962 767 2012 ,18.
796 1957 963 2012 Varia
992 1957 1355 2014 rationalismi
1382 1956 1565 2014 biblici
1593 1965 1890 2029 systemata
1903 1994 2546 2017 ..........
2632 1961 2729 2010 171

621 2049 651 2112 5
682 2051 767 2101 19.
795 2043 988 2100 Studia
1016 2044 1409 2116 scripturistica
1444 2043 1846 2100 modernorum
1875 2044 2334 2099 Protestantium.
2391 2088 2404 2100 .
2463 2089 2474 2098 .
2534 2089 2545 2099 .
2635 2049 2732 2098 175

462 2203 648 2267 PARS
688 2203 767 2266 11.
802 2213 1217 2272 lun-nonnemo
1249 2227 1567 2268 ercuus
1596 2213 1661 2265 in
1690 2213 1923 2267 Veteris
1957 2215 2106 2267 Test.
2139 2210 2350 2266 libros.
2391 2252 2406 2264 .
2461 2255 2475 2266 .
2525 2197 2546 2264 ⁰.
2635 2216 2732 2264 177

238 2357 656 2410 Disssnn‘no
686 2369 771 2408 ιν.
801 2357 883 2407 De
916 2353 1145 2408 Veteris
1176 2357 1428 2408 Testam.
1460 2352 1636 2407 libris
1657 2351 1958 2407 historicis
1971 2391 2546 2408 .........
2635 2355 2734 2404 179

495 2487 683 2556 Caput
711 2487 762 2540 1.
794 2488 874 2540 De
904 2483 1295 2540 Pentateucho
1334 2486 1599 2539 mosaico
1611 2523 2403 2542 ............
2441 2492 2473 2538 ·.
2530 2526 2544 2538 .
2633 2487 2734 2537 179

655 2575 686 2640 5
718 2579 767 2628 1.
795 2574 880 2628 De
906 2571 1271 2628 Pentateuchi
1296 2579 1621 2643 argumento
1651 2581 1708 2627 et
1730 2571 2023 2642 partitione
2035 2611 2544 2628 ........
2633 2575 2734 2624 179

654 2665 685 2728 5
711 2667 764 2716 2.
793 2660 993 2716 Variae
1017 2659 1319 2716 sententiae
1344 2659 1413 2716 de
1442 2658 1798 2715 Pentateuchi
1828 2659 2038 2730 origine
2043 2698 2544 2716 ........
2633 2663 2733 2712 186

653 2753 684 2816 5
714 2755 764 2804 3.
794 2750 879 2804 De
904 2748 1145 2804 mosaica
1171 2747 1532 2804 Pentateuchi
1561 2747 1775 2818 origine
1786 2784 2543 2804 ............
2629 2750 2730 2801 189

655 2841 687 2904 5
714 2842 767 2891 4.
795 2835 1149 2892 Obiectiones
1175 2843 1369 2890 contra
1390 2833 1752 2890 Pentateuchi
1781 2811 2166 2906 antiquitatem
2179 2873 2545 2890 ......
2631 2838 2732 2887 196

656 2929 687 2992 5
715 2931 769 2980 5.
797 2926 881 2980 De
908 2923 1268 2980 Pentateuchi
1297 2923 1508 2978 unitate
1513 2959 2544 2982 ................
2629 2926 2726 2975 201

658 3017 689 3080 5
716 3019 770 3066 6.
800 3014 882 3068 De
918 3012 1161 3068 mosaica
1198 3012 1409 3084 origine
1436 3009 1854 3066 Deuteronomii
1890 3016 1946 3064 et
1986 3029 2011 3060 α
2051 3007 2270 3064 Codicis
2297 3007 2557 3064 sacerdo-

868 3101 998 3155 talis
1022 3119 1049 3150 r
1069 3137 2547 3158 ......................
2632 3102 2735 3151 210

656 3193 687 3257 5
714 3197 767 3243 7.
793 3191 877 3244 De
905 3186 1266 3245 Pentateuchi
1294 3186 1621 3242 auctoritate
1633 3221 2548 3246 ..............
2633 3189 2736 3240 216

660 3281 689 3344 5
718 3284 773 3332 8.
798 3279 883 3332 De
908 3275 1215 3347 praecipuis
1239 3274 1650 3329 commentariis
1677 3272 1825 3328 cath.
1853 3272 1912 3328 in
1944 3271 2379 3328 Pentateucbum
2395 3317 2407 3328 .
2465 3313 2480 3326 .
2537 3317 2548 3326 .
2632 3277 2733 3326 217

470 3415 669 3481 Caput
696 3411 768 3464 Π.
794 3411 879 3464 De
911 3407 1053 3463 libro
1089 3408 1249 3462 Iosue
1264 3443 2550 3466 ...................
2632 3409 2738 3458 219

656 3501 687 3564 5
715 3503 767 3552 9.
796 3499 879 3551 De
902 3495 1030 3551 libri
1059 3496 1220 3550 Iosue
1248 3501 1608 3566 argumento,
1641 3491 1936 3556 divisione,
1965 3491 2074 3546 line
2082 3531 2550 3551 ........
2631 3496 2737 3545 219

624 3590 655 3653 5
688 3591 767 3640 10.
797 3586 882 3640 De
908 3582 1036 3638 libri
1068 3585 1229 3638 Iosue
1257 3582 1469 3637 unitate
1481 3619 2550 3642 ................
2631 3583 2731 3634 221

623 3677 654 3740 5
684 3679 770 3729 11.
799 3674 881 3727 De
910 3671 1033 3727 libri
1059 3673 1221 3726 losue
1254 3669 1463 3742 origine
1475 3708 2548 3726 ................
2631 3671 2737 3720 224

623 3764 655 3828 5
686 3766 771 3816 12.
800 3762 883 3814 De
912 3758 1039 3814 libri
1068 3759 1229 3814 Iosue
1252 3758 1582 3812 auctoritate
1588 3795 2549 3813 ...............
2633 3759 2735 3807 227

624 3852 655 3917 5
689 3855 771 3904 13.
800 3851 884 3904 De
914 3846 1224 3918 praecipuis
1246 3843 1658 3902 commentariis
1683 3842 1830 3898 cath.
1858 3842 1978 3898 inl.
2012 3844 2174 3897 losue
2186 3881 2551 3898 ......
2633 3847 2739 3896 228

440 3987 638 4056 Caput
668 3984 771 4037 111.
800 3983 883 4036 De
908 3981 1063 4037 libris
1094 3976 1348 4033 iudicum
1376 3985 1431 4031 et
1456 3975 1612 4032 Ruth
1625 4014 2547 4032 ..............
2629 3977 2734 4026 228

623 4075 653 4138 5
686 4079 767 4126 14.
797 4073 881 4124 De
910 4074 1267 4140 argumento,
1297 4065 1436 4133 line,
1468 4051 1736 4119 divisione
1763 4061 1889 4118 libri
1923 4060 2174 4117 Indicum
2191 4100 2546 4117 ......
2627 4066 2732 4114 228

621 4164 651 4227 5
684 4165 767 4213 15.
799 4161 879 4212 De
906 4156 1035 4212 libri
1064 4153 1314 4211 Indicum
1344 4152 1584 4224 origine.
1615 4191 1630 4206 .
1686 4191 1700 4220 .
1758 4189 2547 4209 ............
2629 4153 2726 4202 231

622 4251 653 4314 5
686 4253 769 4302 16.
796 4249 881 4319 De
908 4245 1037 4301 libri
1060 4242 1314 4299 Indicum
1342 4240 1672 4298 auctoritate
1685 4277 2546 4296 .............
2628 4241 2731 4290 233

624 4341 655 4404 5
688 4341 768 4390 17.
795 4337 881 4404 De
905 4332 1031 4390 libri
1054 4331 1209 4388 Ruth
1234 4337 1594 4403 argumente,
1629 4327 1766 4394 fine,
1800 4333 2026 4382 auctore
2038 4362 2548 4382 ........
2628 4328 2734 4378 236

626 4427 657 4492 5
690 4429 771 4479 18.
802 4425 884 4478 De
909 4421 1211 4494 praecipuis
1238 4415 1651 4475 commentariis
1675 4413 1822 4470 cath.
1852 4413 1906 4468 in
1933 4411 1988 4467 ll.
2018 4410 2192 4467 ludio.
2221 4420 2276 4467 et
2298 4411 2549 4466 Ruth..
2630 4416 2736 4466 238

450 4563 641 4634 Caput
666 4561 767 4614 IV.
794 4559 879 4610 De
906 4553 1124 4611 duobus
1148 4552 1303 4610 libris
1329 4550 1552 4608 Samuel
1581 4552 1654 4615 (1.
1684 4551 1720 4602 2
1744 4545 1970 4619 Requm)
1979 4584 2551 4600 .........
2632 4547 2736 4597 238

630 4649 661 4714 5
698 4651 777 4700 19.
805 4647 889 4699 De
915 4641 1187 4698 librorum
1216 4638 1439 4698 Samuel
1467 4643 1825 4708 argumento,
1857 4631 2146 4700 divisione,
2179 4631 2336 4686 fine..
2396 4675 2409 4687 .
2467 4671 2480 4684 .
2537 4676 2549 4689 .
2632 4635 2736 4685 238
