3050 5184
407 245 525 304 288
605 259 680 304 m:
710 261 843 305 vm.
877 261 1133 306 TESTAM.
1164 261 1363 306 umus
1392 261 1737 307 msmmcls.
1769 279 1847 289 -
1875 261 2002 306 cAP.
2033 261 2121 305 XI.
2153 261 2232 304 ΒΕ
2253 261 2338 304 n..
2371 261 2859 306 uacuum-:onum

1465 613 1763 682 CAPUT
1805 613 1933 681 XI.

978 853 1075 904 DE
1114 853 1416 905 DUOBUS
1454 853 2074 907 MACHABAEORUM
2113 853 2379 905 LIBRIS.

534 1069 570 1152 ἓ
599 1072 706 1136 40.
740 1107 829 1118 —
855 1072 950 1136 De
980 1069 1330 1160 utriusque
1358 1069 1524 1137 libri
1544 1069 2114 1138 Machabaeomm
2141 1082 2537 1160 arqumento
2565 1081 2632 1136 et
2647 1069 2808 1157 fine.

494 1290 548 1347 1.
584 1321 662 1330 ——
686 1290 825 1348 Duo
849 1289 995 1349 libri
1030 1290 1547 1350 Machabaeorum
1563 1333 1580 1366 ,
1600 1289 1750 1350 licet
1767 1307 1885 1350 nec
1909 1292 1986 1350 ab
2013 1289 2238 1350 eodem
2257 1293 2512 1350 auctore
2541 1306 2657 1350 nec
2677 1287 2931 1349 eundem

412 1384 477 1442 in
514 1383 710 1444 finem
742 1384 868 1445 sint
907 1386 1282 1463 conscripti,
1325 1390 1471 1465 apte
1506 1387 1991 1464 coniunguntur,
2035 1387 2191 1463 quia
2225 1387 2292 1446 in
2335 1386 2562 1447 iisdem
2595 1386 2728 1446 fere
2765 1385 2934 1444 rebus

415 1479 611 1558 gestis
635 1481 966 1558 narrandis
995 1485 1322 1543 versantur
1349 1489 1411 1543 et
1440 1482 1602 1542 alter
1627 1482 1901 1543 alterum
1929 1482 2227 1560 complet.
2268 1482 2439 1543 Bella
2468 1481 2637 1543 enim
2663 1485 2932 1548 narrant,

411 1576 642 1653 quibus
670 1577 885 1637 Iudaei
917 1576 1184 1638 ducibus
1212 1577 1552 1639 Mathathia
1581 1579 1846 1656 eiusque
1875 1579 2027 1639 filiis
2066 1578 2304 1656 patriae
2341 1595 2490 1639 suae
2528 1577 2882 1638 libertatem
2905 1592 2936 1634 a
3026 1637 3027 1668 ᾖ

414 1672 882 1734 Seleucidarum
908 1674 1320 1752 oppressione
1344 1679 1815 1753 recuperarunt.
1845 1679 2052 1754 Atque
2085 1675 2264 1752 prior
2296 1673 2556 1752 quidem
2590 1673 2758 1734 liber
2785 1675 2933 1732 inte·
3026 1693 3027 1698 ¹

412 1786 667 1846 grorum
696 1767 966 1829 istorum
995 1769 1308 1831 bellorum
1337 1770 1596 1831 exhibet
1630 1775 2066 1849 conspectum,
2099 1769 2260 1832 alter
2285 1775 2496 1831 autem
2533 1769 2730 1830 solius
2767 1769 2936 1830 Iudae

416 1865 775 1924 Machabaei
804 1881 905 1925 res
934 1869 1141 1942 gestas
1164 1867 1374 1927 tradit.

484 1977 883 2034 Macltabaeus
921 1993 1231 2052 cognomen
1266 1984 1353 2034 est
1380 1978 1580 2048 Iudae,
1617 1980 1781 2035 tertio
1809 1979 2152 2036 Mathathiae
2191 1977 2493 2035 sacerdotis
2519 1978 2674 2045 filio,
2705 1978 2778 2034 ob
2807 1975 2938 2032 forti·

416 2073 687 2141 tudinem,
710 2082 772 2130 ut
794 2073 1031 2142 videtur,
1054 2073 1311 2140 inditum,
1337 2091 1444 2147 qua
1466 2076 1786 2132 Seleucidas
1807 2076 1999 2148 populi
2017 2075 2102 2132 sui
2129 2091 2483 2147 oppressores
2510 2073 2716 2131 devicit
2738 2066 2936 2157 (⁸:3³2.
3026 2093 3027 2096 ¹

412 2169 758 2234 malleator,
782 2179 878 2226 aut
906 2177 1084 2236 ⁷222,
1117 2171 1486 2244 exstinctor).
1514 2171 1602 2228 Ab
1625 2172 1722 2226 illo
1742 2180 1927 2248 autem
1945 2188 2152 2228 nomen
2178 2187 2292 2227 non
2319 2179 2537 2226 tantum
2559 2170 2620 2226 in
2642 2179 2822 2226 totam
2841 2171 2941 2225 eius
3026 2203 3027 2238 5

416 2256 715 2326 familiam,
745 2272 914 2328 quam
939 2262 1458 2314 Hasmonaeorum
1497 2268 1659 2316 vocat
1694 2259 1778 2314 Fl.
1827 2259 2124 2330 Iosephus,
2165 2258 2263 2315 sed
2299 2259 2470 2314 etiam
2510 2257 2568 2314 in
2607 2273 2806 2314 omnes
2840 2257 2944 2311 eius

414 2347 653 2400 asseclas
667 2344 907 2414 transiit,
936 2345 1028 2417 qui
1052 2354 1148 2400 aut
1166 2347 1336 2401 armis
1352 2346 1696 2418 tyrranidem
1721 2347 2135 2403 Seleucidarum
2159 2345 2583 2418 impugnabant,
2605 2354 2704 2401 aut
2723 2345 2942 2417 patriam
3026 2351 3027 2412 γ

416 2430 585 2487 fidem
611 2432 670 2487 in
700 2431 1115 2488 Seleucidarum
1143 2433 1527 2504 persecutione
1549 2435 1815 2506 martyrio
1845 2433 2264 2512 profitebantur.
2288 2431 2455 2488 Unde
2483 2433 2649 2488 etiam
2678 2431 2828 2488 idem
2853 2447 2940 2487 no-
3026 2415 3027 2434 ¹

414 2535 543 2575 men
571 2519 751 2575 sortiti
784 2528 913 2574 sunt
946 2519 1060 2575 duo
1091 2521 1269 2576 nostri
1305 2519 1461 2588 libri,
1490 2521 1590 2592 qui
1621 2521 1692 2576 de
1722 2520 1830 2576 hac
1857 2521 2240 2592 perseeutione
2263 2525 2320 2576 et
2345 2519 2416 2575 de
2450 2519 2538 2576 his
2571 2519 2734 2576 bellis
2765 2527 2942 2588 agunt.

412 2607 729 2662 Persecutio
756 2607 974 2662 initium
1011 2607 1211 2663 sumsit
1242 2607 1443 2664 ultimo
1486 2608 1704 2666 Seleuci
1731 2609 1826 2664 lv.
1857 2608 2230 2679 Philopatoris
2255 2623 2402 2663 anno
2425 2611 2618 2676 (1770,
2647 2607 2833 2663 multo
2857 2623 2942 2662 au·
3026 2599 3027 2678 3

413 2701 529 2750 tem
557 2694 781 2766 gravior
806 2695 1009 2750 exarsit
1050 2695 1156 2750 sub
1200 2695 1319 2751 eius
1350 2710 1668 2752 successore
1695 2695 1972 2751 Antiocho
1996 2696 2093 2750 lv.
2119 2695 2408 2766 Epiphane
2430 2694 2632 2762 (γυῖα.
2677 2693 2942 2758 Illustris).

416 2781 575 2838 cuius
602 2780 929 2838 erudelitate
952 2783 1015 2838 in
1044 2781 1489 2857 desperationem
1507 2781 1700 2837 iniecti
1727 2781 1952 2838 Asidaei
1987 2781 2220 2840 ducibus
2247 2781 2556 2838 Mathatbia
2581 2781 2820 2854 filiisque
2845 2781 2946 2837 eius
3026 2771 3027 2790 ¹

414 2884 570 2926 arma
598 2878 913 2926 sumserunt
957 2877 1014 2926 et
1054 2869 1331 2926 continuis
1358 2868 1724 2942 quadraginta
1753 2885 2029 2926 annorum
2054 2869 2218 2925 bellis
2255 2871 2489 2941 patriam
2526 2869 2945 2942 religionemque

414 2965 609 3013 contra
653 2957 997 3029 Epiphanem
1038 2957 1265 3029 eiusque
1306 2973 1652 3014 successores
1695 2955 2086 3013 defendebant.
2131 2959 2468 3028 'temporum
2509 2957 2732 3014 ratione
2777 2957 2945 3014 habita
3026 2981 3027 3034 3

416 3044 708 3116 incipimus
734 3060 768 3100 a
796 3050 850 3100 2.
880 3043 1139 3100 Machab.
1159 3086 1175 3112 ‚
1204 3045 1409 3116 quippe
1434 3045 1530 3116 qui
1565 3045 1677 3100 iam
1705 3043 1774 3099 ab
1813 3044 2007 3100 ultimo
2043 3044 2261 3100 Seleuci
2286 3045 2381 3099 lV.
2409 3059 2557 3100 anno
2584 3046 2947 3100 narrationem
3026 3039 3027 3058 ¹

420 3131 741 3188 exordiatur
770 3130 873 3202 (cfr
898 3135 1042 3204 App.
1072 3132 1223 3203 XL).

498 3276 560 3334 2.
590 3307 670 3316 -
698 3271 879 3334 Liber
900 3277 961 3334 2.
990 3273 1265 3334 ΜασΙιαὸ.
1300 3273 1545 3335 duabus
1573 3274 1861 3352 partibus
1897 3291 2152 3351 prorsus
2186 3273 2500 3334 distinctis
2525 3277 2802 3346 constat;
2824 3289 2946 3332 nar-

421 3370 653 3429 rationi
679 3370 849 3430 enim
877 3387 1025 3431 suae
1055 3387 1131 3430 ex
1157 3371 1395 3430 Iasonis
1426 3371 1727 3448 Cyrenaei
1756 3370 1934 3430 libris
1961 3373 2290 3449 excerptae
2329 3369 2406 3430 de
2445 3370 2627 3429 initio
2664 3385 2946 3448 persecu·
3026 3367 3027 3370 ’

422 3466 618 3526 tionis
648 3465 1063 3526 seleucidieae
1093 3471 1159 3526 et
1187 3465 1265 3526 de
1295 3466 1481 3527 bellis
1504 3483 1542 3526 a
1567 3467 1722 3527 Iuda
1753 3466 1954 3528 Mach.
1982 3466 2179 3545 gestis
2217 3471 2442 3526 auctor
2477 3465 2634 3526 duas
2665 3464 2951 3544 epistolas
3026 3507 3027 3510 η

426 3559 760 3641 (Li-219)
792 3563 1178 3641 praemittit,
1212 3563 1444 3640 quibus
1474 3581 1531 3622 a.
1568 3565 1705 3622 124.
1740 3567 1804 3623 et
1830 3581 1886 3622 a.
1911 3565 2050 3622 162.
2078 3580 2134 3622 a.
2168 3562 2307 3623 Chr.
2333 3561 2544 3623 Iudaei
2573 3561 2952 3640 ierosolymi-

424 3659 559 3718 tani
580 3659 978 3737 aegyptiacos
998 3660 1342 3720 invitarunt
1361 3705 1375 3728 ,
1397 3664 1464 3720 ut
1494 3659 2177 3720 secum-encaeniarum
2202 3658 2434 3720 festum
2463 3658 2705 3717 mensis
2753 3657 2952 3718 Gaslev

420 3760 821 3834 peragerent.
846 3756 1281 3816 Narrationem
1310 3773 1564 3833 quoque
1589 3757 1655 3816 in
1686 3755 1839 3816 duas
1861 3755 2547 3826 sectiones'distribuit‚
2571 3771 2734 3832 quae
2761 3754 2954 3830 singu·
3026 3795 3027 3800 η

420 3853 520 3914 lae
548 3851 855 3913 relatione
883 3852 1035 3924 novi,
1056 3852 1199 3912 festi
1230 3852 1507 3912 instituti
1542 3852 1962 3913 terminantur
1991 3851 2260 3932 (10‚1-9;
2295 3851 2496 3924 15,36.
2517 3849 2644 3930 37).

494 3959 914 4014 Iunonucno
937 3959 1236 4027 (1,1-2‚19)
1264 3953 1405 4012 duas
1432 3955 1658 4012 exhibet
1687 3955 2054 4011 ludaeorum
2083 3955 2605 4028 palaestinensium
2633 3953 2914 4026 epistolas
2934 3971 2955 4003 .-

496 4052 547 4102 1.
576 4046 735 4102 Prior
760 4043 1004 4115 aliquam
1026 4042 1361 4100 anteriorem
1386 4044 1532 4112 (anni
1563 4045 1683 4112 144)
1707 4058 2150 4098 commemorans
2171 4043 2470 4116 Aegyptios
2495 4040 2569 4097 ad
2591 4041 2854 4097 encaenia
2879 4039 2946 4094 in·

668 4133 803 4188 vitat
831 4134 1037 4199 <1‚1-1o
1061 4137 1167 4200 a.);

492 4227 545 4276 2.
580 4220 755 4276 altera
784 4234 815 4274 a
840 4229 1022 4276 morte
1044 4217 1344 4291 Epiphania
1366 4217 1660 4274 reserenda
1684 4218 1951 4290 incipiens
1975 4218 2236 4291 (ml-1⁷)
2265 4233 2364 4290 pro
2393 4215 2732 4274 invitationis
2757 4215 2952 4272 motivo

668 4317 863 4364 narrat
898 4306 1188 4363 historiam
1224 4306 1366 4379 ignis
1392 4315 1643 4377 tempore
1679 4305 1980 4362 Nehemiae
2008 4305 2266 4361 divinitus
2297 4304 2413 4361 dati
2441 4309 2772 4376 (1‚18-2,12)
2799 4312 2956 4374 atque

673 4395 839 4452 simul
870 4395 1044 4452 libros
1072 4409 1257 4451 sacros
1285 4393 1571 4467 Aegyptiis
1599 4394 1763 4450 offert
1791 4399 2080 4464 (zia-19).

498 4485 821 4541 Nunnio
858 4483 934 4540 de
970 4482 1421 4540 Seleucidarum
1443 4481 1944 4556 persecutionibus
1980 4487 2037 4537 et
2075 4481 2263 4538 Iudae
2292 4480 2650 4539 machabaei
2687 4477 2858 4536 bellis
2883 4481 2952 4542 3.

427 4573 737 4641 20-15,4o).
