3050 5184
537 337 726 382 canon
766 339 900 384 νεῖ.
948 340 1112 384 rsssr.
1156 342 1195 383 A
1237 341 1402 386 sanc.
1449 343 1505 384 a.
1556 340 1743 392 usone
1785 339 1861 382 An
1906 324 2001 382 10.
2048 339 2218 383 sanc.
2568 323 2641 380 31

129 483 210 532 eo,
241 466 388 537 quod
408 467 648 526 photius
675 471 740 540 (1-
772 475 921 538 891.)
937 513 950 539 ‚
979 470 1334 530 occidentalis
1371 471 1635 528 ecclesiae
1670 469 1844 527 hostis
1872 469 2285 539 acerbissimus,
2316 467 2557 525 eundem
2588 468 2645 522 in

129 569 220 609 suo
243 556 634 612 Nomocanone
662 566 718 614 et
743 559 1030 615 Canonum
1058 561 1413 632 syntagmate
1431 560 1539 626 (tit.
1566 560 1643 615 11.
1664 575 1718 614 c.
1742 558 1797 632 3)
1826 558 2015 615 retulit
2040 573 2143 614 nec
2165 571 2433 629 umquam
2452 555 2521 612 de
2548 571 2645 610 ca-

130 642 274 698 nonis
297 641 608 701 diversitate
633 645 907 718 loquitur;
942 646 1179 704 eundem
1207 663 1428 720 quoque
1454 647 1607 702 velut
1643 647 1821 719 legem
1852 646 2115 703 ecclesiae
2140 661 2369 717 graecae
2404 643 2639 700 admise-

129 739 246 785 runt
279 735 562 788 Zonaras
605 736 666 804 (1-
705 738 886 800 1188.)
913 744 969 790 et
1009 735 1289 792 Bal-samo
1337 736 1399 806 (†
1439 735 1623 806 1192.)
1650 735 1709 792 in
1744 736 1858 791 suis
1886 732 2335 806 explicationibus
2371 746 2645 788 canonum

127 817 520 875 Tmllanorum.
547 821 782 890 Quando
807 827 994 879 autem
1023 839 1166 878 saec.
1197 830 1280 879 17.
1308 821 1570 894 Cyrinus
1590 823 1841 879 Luctaris
1863 822 2091 894 eiusque
2116 820 2414 892 discipulus
2436 824 2643 874 Metro·

125 905 337 974 'dianes
361 899 704 982 Critopulus
733 926 860 966 cum
887 911 1008 966 aliis
1036 909 1442 983 protestanticis
1465 909 1746 966 erroribus
1774 911 1939 966 etiam
1975 909 2268 966 arctiorem
2291 923 2558 963 canonem
2586 907 2641 961 in

129 994 398 1050 ecclesiam
425 1011 685 1069 graecam
709 997 1062 1054 introducere
1088 998 1270 1054 conati
1291 1007 1438 1067 sunt,
1475 998 1690 1054 fortiter
1718 999 1794 1054 eis
1831 997 2151 1054 restiterunt
2184 996 2279 1052 alii
2312 993 2641 1052 schismatici

130 1082 342 1155 episcopi
367 1083 428 1139 in
453 1085 698 1158 conciliis
722 1085 938 1142 duobus
970 1087 1657 1160 constantinopolitanis
1688 1087 1866 1158 (1638.
1894 1094 1950 1142 et
1979 1085 2157 1157 1672.)
2187 1093 2241 1140 et
2268 1082 2641 1154 [erosolymi-

137 1177 244 1224 εαιο
271 1171 482 1243 (1672.)
521 1181 740 1244 praeter
769 1176 1224 1244 protocanonicos
1257 1176 1422 1231 etiam
1461 1173 1985 1231 deuterocanonieos
2022 1187 2215 1228 omnes
2248 1171 2400 1227 iuxta
2437 1169 2639 1226 catalo-

146 1273 236 1314 =um
257 1259 764 1332 oenhaginiensem
795 1261 1148 1319 admittentes
1169 1261 1271 1332 (cfr
1299 1262 1565 1318 Kimmel
1590 1265 1948 1318 Monumenta
1976 1259 2106 1316 tidei
2142 1259 2442 1315 orientalis.
2474 1259 2639 1313 lenae

149 1351 256 1400 isso.
283 1348 332 1401 1.
365 1361 425 1418 p.
459 1349 569 1400 415
597 1359 699 1416 sq.;
731 1345 809 1402 11.
841 1360 894 1415 p.
929 1350 1056 1402 225.
1085 1351 1212 1403 467.
1245 1351 1418 1418 sqq.).

187 1433 256 1490 Ad
281 1443 404 1490 tres
454 1431 658 1489 deinde
693 1433 994 1504 scriptores
1029 1435 1178 1506 quod
1223 1434 1454 1503 attinet,
1493 1450 1635 1507 quos
1677 1437 1827 1493 velut
1866 1451 2001 1494 suae
2038 1439 2345 1497 sententiae
2383 1449 2649 1512 patronos

139 1523 379 1592 Jppellant
407 1519 747 1590 adversarii,
777 1524 1046 1578 Leontius
1082 1526 1221 1594 Byz.
1253 1524 1356 1590 (De
1385 1524 1567 1579 sectis,
1598 1527 1726 1580 Act.
1751 1527 1825 1580 11.
1853 1527 1967 1596 1-4)
1997 1541 2189 1582 revera
2215 1529 2363 1584 solos
2389 1540 2648 1601 protoca-

133 1611 326 1666 nonicos
349 1609 523 1666 affert
555 1610 756 1666 omisso
784 1608 930 1665 libro
954 1609 1171 1679 Esther,
1204 1608 1301 1666 sed
1339 1611 1396 1665 in
1423 1612 1760 1668 monasterio
1800 1613 1853 1668 S.
1894 1612 2071 1670 Sabae
2103 1630 2277 1688 prope
2307 1618 2647 1692 lerosolyma

129 1698 340 1754 scribens
371 1713 576 1754 eorum
613 1695 902 1754 dumtaxat
948 1698 1216 1754 librorum
1260 1699 1577 1772 catalogum
1614 1699 1871 1767 tradidit,
1922 1717 2061 1774 quos
2090 1719 2156 1759 eo
2184 1712 2463 1775 tempore,
2508 1707 2651 1764 sicut

129 1785 272 1842 tribus
299 1785 548 1842 saeculis
579 1794 770 1853 antea,
807 1785 956 1842 solos
985 1784 1200 1858 publice
1229 1787 1364 1859 legit
1396 1789 1627 1844 ecclesia
1682 1789 2131 1860 palaestinensis3
2164 1800 2418 1850 ceterum
2447 1794 2644 1852 eodem

125 1873 170 1928 in
191 1889 348 1946 opere
391 1873 664 1929 Leontius
693 1871 733 1929 l.
778 1873 996 1930 Baruch
1027 1873 1128 1930 sub
1157 1875 1385 1931 nomine
1429 1877 1697 1932 Ieremiae
1726 1877 1929 1950 allegat
1964 1881 2068 1944 (De
2108 1889 2241 1936 sect.
2285 1885 2411 1937 Act.
2447 1885 2523 1940 11.
2564 1889 2637 1950 6),

125 1971 288 2018 eontra
303 1961 677 2019 Nestorianos
697 1970 753 2017 et
774 1962 1150 2036 Eutychianos
1175 1979 1242 2018 ex
1272 1964 1328 2019 ll.
1353 1965 1482 2036 Sap.
1507 1973 1563 2020 et
1585 1966 1753 2021 Eccli.
1784 1969 1932 2022 velut
1952 1982 2017 2023 ex
2044 1969 2332 2042 Scriptura
2357 1987 2647 2043 argumen-

122 2057 247 2106 tatur
269 2051 372 2120 (ci'r
403 2052 484 2106 M.
519 2055 610 2118 86,
659 2055 813 2106 1208.
847 2057 1003 2108 1293.
1054 2057 1208 2108 1308.
1255 2059 1412 2109 1633.
1459 2060 1595 2111 1745
1624 2059 1775 2122 etc.).
1807 2057 1867 2111 S.
1899 2057 2151 2114 Ioannes
2177 2062 2363 2114 Dam.
2398 2063 2461 2131 (†
2501 2065 2646 2130 760.)

123 2153 260 2194 suum
283 2139 611 2210 oetalogum
637 2140 744 2210 (De
764 2137 876 2194 fide
900 2139 1122 2195 orthod.
1149 2143 1244 2196 1V.
1281 2143 1362 2212 17)
1397 2141 1481 2198 ad
1506 2141 1759 2199 literam
1782 2142 2128 2217 transcripsit
2152 2162 2221 2202 ex
2250 2149 2308 2205 S.
2340 2149 2543 2220 Epiph.
2577 2150 2647 2206 dc

123 2226 267 2296 pond.
295 2236 352 2284 et
391 2241 576 2282 menS.
606 2233 686 2294 4.,
733 2243 846 2282 non
874 2226 1165 2284 attendens
1193 2229 1299 2285 isto
1340 2231 1581 2286 maxime
1607 2231 1668 2286 in
1701 2231 1825 2287 loco
1863 2248 1896 2288 a
1920 2233 1977 2289 S.
2018 2234 2330 2305 Epiphanio
2376 2251 2647 2295 canonem

120 2312 376 2371 iudaicam
413 2315 694 2370 recenseri
735 2330 838 2371 nec
884 2317 1099 2387 praxim
1141 2332 1300 2374 suam
1345 2333 1474 2376 cum
1515 2319 1774 2393 catalogo
1801 2321 2139 2394 transcripto
2176 2339 2513 2396 consonare3
2544 2342 2647 2398 pro

123 2401 278 2459 divina
304 2401 466 2460 enim
503 2403 833 2460 auctoritate
872 2403 1252 2462 Damascenus
1295 2406 1799 2468 deuterocanonica
1828 2407 2149 2482 frequenter
2186 2412 2388 2486 allegat
2414 2412 2520 2486 (cfr
2557 2431 2642 2472 ex.

123 2505 190 2562 gr.
219 2489 284 2547 de
305 2489 422 2547 fide
454 2489 680 2547 orthod.
714 2493 811 2548 IV.
845 2497 896 2548 4.
929 2497 982 2548 6.
1022 2499 1104 2549 15.
1137 2499 1221 2550 18.
1253 2501 1322 2550 27
1353 2500 1507 2563 etc.).
1538 2497 1905 2570 Nic-ephorus
1935 2500 1997 2568 (†
2027 2504 2177 2568 828.)
2208 2500 2435 2558 demum
2458 2503 2518 2558 in
2546 2518 2643 2560 sua

125 2578 484 2636 Stichometria
519 2595 552 2635 a
580 2579 814 2652 Synopsi
849 2582 942 2636 Ps.
992 2581 1374 2640 Athanasiana
1404 2585 1567 2655 plane
1605 2584 1911 2657 dependet,
1955 2603 2121 2658 quam
2150 2589 2208 2644 in
2248 2591 2645 2662 compendium

123 2665 334 2809 {degiss
357 2667 444 2722 ita
471 2675 534 2721 ut
561 2682 663 2722 nec
686 2683 875 2737 suam,
908 2685 1012 2724 nec
1040 2685 1172 2726 suae
1202 2671 1462 2728 ecclesiae
1481 2713 1495 2740 ,
1524 2687 1631 2728 nec
1668 2689 1801 2729 suae
1839 2675 2035 2730 aetatis
2070 2679 2403 2734 sententiam
2438 2678 2646 2736 referre

154 2754 360 2812 ‘cendus
387 2755 483 2811 sit.

651 2886 920 2944 Quamne
951 2889 994 2934 5.
1026 2912 1090 2924 --
1117 2886 1285 2934 Canon
1316 2885 1514 2934 Veteris
1541 2886 1676 2934 Test.
1703 2885 1867 2934 modia
1892 2887 2071 2932 notate.

187 3063 269 3121 12.
299 3097 378 3108 -
399 3067 568 3124 Dum
586 3062 653 3122 in
679 3062 932 3124 Oriente
967 3062 1388 3123 controversia
1411 3062 1490 3122 de
1510 3061 1765 3122 canonis
1790 3060 2031 3121 ambitu
2058 3059 2312 3119 decreto
2336 3055 2630 3117 'lh'ullano

18 3185 20 3188 >
127 3171 350 3230 prorsus
401 3163 506 3220 est
545 3160 880 3233 exstincta,
920 3159 987 3219 in
1027 3159 1366 3220 Occidente
1407 3158 1825 3236 praefationes
1867 3157 1930 3218 S.
1964 3155 2361 3232 Hieronymi,
2400 3153 2629 3230 quibus

18 3287 20 3292 ·
129 3253 290 3316 nimia
315 3256 660 3318 auctoritas
689 3255 1166 3326 attribuebatur,
1199 3256 1348 3316 inde
1379 3273 1414 3316 a
1442 3256 1543 3316 10.
1572 3272 1732 3315 saec.
1763 3270 1990 3314 novam
2019 3251 2533 3313 incertitudinem
2564 3249 2627 3307 in

131 3351 442 3415 multorum
471 3353 700 3413 animis
730 3357 1240 3432 provocaverunt.

182 3472 354 3531 Fixum
383 3489 820 3546 persuasumque
849 3473 1102 3530 omnibus
1132 3472 1234 3528 suit
1260 3472 1416 3528 istius
1445 3471 1640 3528 aetatis
1664 3470 1958 3542 theologiS,
1978 3485 2009 3524 a
2037 3468 2308 3525 catholica
2331 3465 2629 3524 traditione

20 3593 22 3642 3
129 3557 416 3620 discendum
457 3577 576 3619 esse
603 3564 902 3635 genuinum
927 3561 1336 3633 scripturarum
1371 3575 1673 3628 canonem,
1704 3567 1765 3615 at
1789 3576 1903 3615 non
1932 3573 2124 3612 omnes
2152 3555 2459 3612 sufficiente
2500 3569 2627 3612 cum

20 3681 22 3686 ·
131 3645 374 3720 diligentia
401 3651 464 3706 in
491 3651 748 3722 antiquae
773 3648 1085 3706 traditionis
1119 3656 1480 3706 monumenta
1515 3647 1935 3728 inquisiverunt.
1978 3647 2035 3701 S.
2079 3645 2403 3718 Hieronymi
2440 3645 2625 3715 prolo-

135 3749 212 3802 gus
225 3739 464 3809 galeatus
485 3748 542 3795 et
563 3739 806 3811 reliquae
821 3737 1190 3811 praefationes
1214 3737 1472 3792 omnibus
1490 3734 1607 3792 iere
1628 3737 2037 3808 scripturarum
2056 3732 2335 3790 codicibus
2350 3731 2625 3804 praefixae

135 3820 176 3876 in
195 3827 424 3882 omnium
451 3837 609 3882 erant
635 3827 890 3882 manibus
909 3835 1075 3898 atque
1097 3825 1247 3881 velut
1271 3839 1398 3896 pars
1427 3823 1701 3896 quaedam
1722 3824 1892 3895 ipsius
1918 3821 2235 3892 Scripturas
2270 3835 2443 3892 paene
2474 3829 2624 3876 trac-

137 3908 370 3970 tahantur.
399 3913 590 3972 Altera
623 3929 690 3969 ex
732 3923 890 3985 parte
918 3913 1138 3970 decreta
1171 3915 1338 3968 Rom.
1380 3912 1715 3968 Pontificum
1752 3909 2219 3980 conciliorumque
2256 3907 2624 3964 africanorum

137 4004 178 4050 et
205 3999 252 4054 S.
287 4001 584 4076 Augustini
625 4001 892 4057 sententia
931 4017 1047 4056 non
1084 3999 1505 4073 ignorabantur.
1546 4000 1691 4056 Hinc
1716 3999 1910 4054 incerti
1938 3997 2279 4053 fluctuabant
2320 3997 2621 4052 multorum

143 4086 290 4157 an‘mi,
307 4100 474 4164 atque
491 4093 698 4146 multae
716 4089 998 4162 miraeque
1017 4089 1413 4146 vocabulorum
1439 4109 1466 4140 α
1481 4086 1883 4160 hagiographi»
1915 4095 1971 4143 et
1995 4107 2020 4138 e
2039 4082 2338 4157 apocryphi
2358 4104 2381 4134 υ
2405 4081 2623 4153 ‚quibus

143 4187 241 4230 usus
262 4187 366 4236 erat
395 4181 456 4236 S.
485 4178 858 4250 Hieronymus
883 4186 940 4232 et
967 4191 1108 4248 quae
1135 4176 1194 4232 in
1223 4176 1503 4232 codicibus
1532 4193 1694 4246 saepe
1722 4191 1753 4230 a
1776 4173 2009 4230 librariis
2032 4169 2505 4244 permutabantur,
2530 4169 2621 4225 de-

145 4257 366 4324 finitiones
393 4266 733 4338 excogitatae
761 4273 914 4332 sunt,
960 4263 1158 4336 quibus
1194 4265 1249 4320 S.
1281 4263 1607 4335 Hieronymi
1638 4263 1886 4318 doctrina
1927 4275 2053 4317 cum
2090 4258 2323 4315 decretis
2351 4257 2621 4313 Ecclesiae

145 4353 492 4412 muciliaretur.
519 4354 696 4410 Maior
726 4351 948 4426 quidem
975 4353 1268 4422 saniorque
1296 4350 1683 4424 theologorum
1710 4364 1972 4406 numerus
1994 4349 2051 4403 in
2077 4346 2292 4402 theoria
2318 4345 2447 4401 etin
2469 4347 2621 4417 praxi

149 4433 320 4498 decreta
341 4443 615 4500 Ecclesiae
643 4441 935 4509 retinebat,
967 4439 1064 4496 sed
1091 4439 1246 4496 nullo
1271 4445 1522 4510 tempore
1550 4438 1861 4506 defuerunt,
1902 4437 1996 4510 qui
2020 4435 2121 4491 etsi
2154 4436 2210 4490 in
2238 4433 2393 4505 praxi
2431 4449 2620 4490 omnes

149 4527 374 4596 amplioris
399 4533 628 4588 canonis
653 4529 827 4587 libros
865 4544 966 4601 pro
994 4527 1193 4584 divinis
1215 4525 1561 4594 adhiberent,
1586 4527 1645 4582 in
1684 4525 1897 4582 theoria
1926 4534 2114 4581 tamen
2154 4523 2373 4578 decreta
2400 4522 2495 4578 ilia
2532 4537 2618 4577 se-

148 4614 342 4675 eundum
381 4622 434 4678 S.
479 4617 810 4692 Hieronymi
848 4616 1160 4674 doctrinam
1206 4613 1510 4671 reformare
1555 4621 1653 4669 aut
1695 4614 1890 4668 saltem
1937 4611 2209 4682 explicare
2254 4609 2615 4664 conabantur.

152 4697 300 4761 Paucis
315 4707 610 4766 referemus
635 4706 960 4780 praecipuas
979 4705 1132 4762 istius
1176 4705 1370 4760 aetatis
1393 4702 1464 4760 de
1483 4701 1708 4759 canonis
1730 4700 1942 4757 ambitu
1965 4698 2262 4756 sententias
2277 4740 2291 4767 ,
2329 4706 2387 4753 ut
2416 4697 2618 4753 clarius
