3050 5184
480 306 832 351 russone-rs
874 303 1455 349 mrsm’nnnrioms
1496 304 2292 353 ansnuAnco-msromcss.
2543 296 2654 353 133·

134 437 365 493 attulerit
400 438 699 494 latinorum
746 440 1109 509 interpretum
1160 437 1373 493 infinita
1404 438 1641 495 varietas
1673 462 1724 495 n.
1767 442 1916 497 Neve
1953 442 2076 511 quis
2117 451 2288 512 putet,
2337 442 2656 497 varietatem

134 523 293 593 illam,
312 535 605 597 postquam
634 527 869 599 Vulgata
897 525 1175 581 declarata
1204 534 1288 581 est
1315 525 1662 595 authentica,
1703 527 1870 583 hodie
1893 529 2006 585 iam
2033 546 2150 585 esse
2187 530 2480 587 sublatam.
2513 530 2640 583 Vul-

132 620 245 681 gata
268 613 413 669 enim
450 624 667 682 nostra,
710 614 963 685 quamvis
998 612 1143 668 hona
1188 613 1280 683 sit,
1312 614 1427 669 sive
1476 614 1548 669 ob
1591 616 1812 688 linguae
1842 616 2042 673 latinae
2079 618 2397 688 penuriam,
2434 617 2506 673 de
2545 634 2651 689 qua

128 714 279 771 saepe
312 711 653 773 conquestus
689 710 773 759 est
809 704 867 757 S.
906 703 1303 772 Hieronymus
1344 700 1447 773 (cfr
1486 704 1551 758 In
1589 702 1717 759 Gal.
1761 709 1924 772 5,18;
1956 704 2016 759 in
2059 704 2200 775 Eph.
2247 710 2363 774 1‚4;
2405 712 2562 774 2143
2595 704 2648 758 in

128 787 345 843 Philem.
378 794 453 844 20
479 790 631 862 etc.),
660 789 776 847 sive
800 788 871 845 ob
896 788 1199 845 humanam
1226 789 1545 860 interpretis
1575 789 1954 848 infirmitatem
1982 809 2092 848 non
2133 808 2350 865 semper
2377 794 2648 865 integram

130 884 295 931 textus
320 876 639 949 primigenii
668 878 779 933 vim
804 876 1089 948 exprimit,
1126 875 1405 932 interdum
1437 877 1620 933 verbis
1651 878 1923 951 ambiguis
1951 881 2144 951 utitur,
2179 880 2459 936 interdum
2503 896 2651 936 erro-

126 976 242 1017 neas
262 965 512 1036 sequitur
534 964 829 1033 lectiones,
858 963 928 1021 de
957 964 1158 1037 quibus
1182 965 1439 1021 omnibus
1467 964 1773 1022 secundum
1802 966 2162 1040 primigenios
2188 977 2373 1025 textus
2398 976 2486 1024 est
2512 968 2650 1025 iudi-

126 1048 367 1107 candum.
398 1082 472 1092 —
496 1054 673 1109 Porro
703 1053 1049 1125 singulorum
1072 1068 1291 1125 quoque
1318 1058 1636 1109 auctorum
1666 1054 1878 1111 modus
1900 1054 2181 1127 loquendi
2209 1064 2464 1112 teneatur
2491 1073 2650 1127 opor·

126 1147 209 1192 tet.
248 1144 525 1196 Auctoroe
574 1141 723 1197 enim
765 1156 795 1195 a
840 1140 1245 1196 contribulibus
1289 1149 1344 1197 et
1390 1139 1607 1197 coaevis
1647 1141 1762 1197 suis
1799 1143 2048 1214 proxime
2087 1143 2380 1199 voluerunt
2416 1143 2650 1216 intelligi

126 1224 344 1298 ideoque
367 1228 481 1283 illis
509 1229 643 1285 solis
668 1226 1160 1301 significationibus
1187 1227 1301 1283 sive
1332 1228 1567 1301 propriis
1605 1229 1717 1285 sive
1746 1231 2028 1285 translatis
2055 1231 2140 1285 usi
2173 1240 2322 1300 sunt,
2354 1246 2492 1302 quas
2520 1247 2652 1288 suae

124 1316 285 1383 gentis
307 1331 558 1388 suaeque
584 1316 783 1372 aetatis
810 1332 914 1371 usu
932 1315 1263 1388 approbatas
1291 1316 1590 1372 sciverunt.
1614 1318 1840 1391 Moysen
1869 1316 2017 1373 inter
2035 1326 2090 1374 et
2109 1318 2344 1374 Esdram
2367 1318 2519 1374 mille
2548 1319 2650 1374 cir·

124 1401 243 1457 citer
278 1403 613 1459 interiacent
647 1404 798 1473 anni,
842 1420 951 1476 quo
993 1403 1161 1476 longo
1202 1404 1466 1475 temporis
1508 1404 1686 1474 spatio
1732 1404 2162 1477 significationes
2200 1422 2328 1461 suas
2369 1414 2656 1461 mutarunt

124 1490 279 1545 multa
312 1490 615 1559 vocabula;
645 1492 781 1547 alias
817 1491 1246 1563 significationes
1292 1490 1505 1546 classici
1549 1491 1844 1562 scriptores
1879 1491 2111 1561 ethnici,
2146 1493 2281 1549 alias
2325 1493 2658 1563 interpretes

124 1578 287 1645 graeci
314 1578 537 1635 Veteris
573 1580 720 1635 Test.
752 1588 809 1635 et
846 1579 1143 1649 scriptores
1172 1579 1313 1635 Novi
1352 1578 1562 1651 graecis
1608 1579 1836 1635 vocibus
1875 1579 2166 1637 dederunt.
2209 1579 2459 1647 Accedit,
2507 1580 2656 1652 quod

126 1666 521 1737 metaphoricus
546 1667 941 1724 vocabulorum
966 1682 1098 1723 usus
1125 1665 1335 1723 facilius
1365 1681 1533 1738 quam
1562 1667 1818 1739 proprius
1843 1676 2111 1735 mutatur,
2140 1666 2288 1740 quod
2318 1667 2454 1723 aliae
2483 1668 2657 1741 signi-

127 1752 389 1809 ficationes
446 1754 673 1810 vocibus
712 1754 1083 1811 attribuantur
1126 1754 1185 1810 in
1212 1754 1321 1811 vita
1360 1754 1674 1823 communi,
1706 1754 1846 1811 aliae
1871 1756 1932 1811 in
1963 1756 2169 1813 scholis
2195 1754 2655 1827 philosophorum

128 1840 625 1915 theologorumque,
650 1842 795 1899 aliae
822 1858 854 1899 a
878 1842 1127 1909 rusticiS,
1154 1842 1293 1897 aliae
1317 1842 1387 1898 ab
1414 1840 1675 1911 eruditiS,
1703 1842 1771 1897 ab
1801 1842 2078 1899 historicis
2105 1844 2264 1913 aliae,
2297 1843 2439 1900 aliae
2459 1858 2490 1898 a
2513 1859 2642 1914 poe·

126 1936 181 1981 us
200 1937 303 1985 etc.

188 2100 240 2156 3.
272 2133 354 2142 -
386 2102 737 2159 Auctorum
762 2116 1086 2160 sacrorum
1113 2100 1411 2177 loquendi
1440 2117 1590 2160 usus
1615 2094 1954 2179 praecipue
1983 2100 2329 2161 addiscitur
2351 2098 2655 2177 frequente

126 2194 559 2273 Scripturas-um
580 2196 827 2257 lectione
844 2200 1346 2275 antiquorumque
1371 2200 1702 2256 versionum
1722 2198 2044 2257 collatione
2059 2212 2180 2257 nec
2205 2214 2329 2256 non
2353 2195 2650 2272 diligente

125 2296 556 2363 patrumm-um
596 2310 843 2371 operum
883 2292 1116 2367 studim
1155 2292 1323 2355 haud
1358 2292 1582 2353 inutile
1617 2310 1900 2371 quoque,
1943 2292 2092 2353 licet
2130 2293 2340 2352 minus
2375 2296 2618 2352 certum

126 2387 541 2450 adiumentum
566 2388 645 2449 ad
670 2388 946 2451 eundem
970 2390 1159 2449 finem
1189 2389 1450 2467 praebet
1467 2388 1853 2469 etymoloyt'a.

184 2520 484 2591 Plerosque
508 2518 610 2574 hos
635 2518 819 2575 fontes
846 2518 1057 2575 indicat
1082 2520 1193 2575 iam
1221 2524 1277 2577 S.
1309 2520 1680 2593 Auqustinus
1715 2520 1776 2593 (l.
1807 2536 1857 2576 c.
1903 2520 1980 2576 ΙΙ.
2011 2526 2046 2576 9
2081 2522 2252 2593 sqq.),
2286 2520 2382 2592 qui
2411 2521 2652 2575 maxime

128 2606 425 2663 continuam
450 2606 755 2663 lectionem
782 2607 1154 2676 commendat,
1174 2616 1236 2663 ut
1261 2627 1284 2657 α
1320 2608 1664 2664 familiaritas
1687 2622 1814 2663 cum
1842 2606 1959 2678 ipsa
1979 2607 2167 2680 lingua
2187 2608 2596 2678 Scripturarum
2619 2628 2643 2655 »ν

126 2696 443 2765 acquiratur,
474 2694 745 2767 siquidem
772 2695 936 2752 lectio
964 2712 1127 2767 saepe
1161 2716 1185 2746 α
1212 2710 1279 2750 ex
1297 2694 1756 2767 praecedentibus
1776 2695 1864 2750 vel
1891 2694 2355 2767 consequentibus
2375 2697 2458 2751 vel
2481 2696 2648 2749 utris-

128 2798 211 2850 que
244 2782 523 2850 ostendit,
556 2800 725 2855 quam
760 2784 871 2839 vim
899 2781 1100 2839 habeat
1128 2782 1329 2855 quidve
1359 2782 1632 2856 significet
1665 2782 1813 2856 quod
1842 2783 2163 2855 ignoramus
2205 2803 2227 2835 ι
2247 2826 2262 2853 ,
2293 2790 2350 2838 et
2381 2803 2406 2833 α
2447 2782 2516 2838 ad
2548 2782 2648 2836 ob-

128 2872 379 2927 scuriores
408 2871 715 2927 locutiones
748 2871 1103 2927 illustrandas
1140 2872 1210 2927 de
1238 2870 1712 2927 manifestioribus
1742 2870 1988 2942 exempla
2031 2879 2321 2927 sumantur
2347 2890 2374 2921 s
2409 2878 2647 2941 oportet.

181 2958 325 3015 Idem
365 2975 592 3031 quoque
625 2979 648 3009 ‹
682 2960 983 3030 plurimum
1012 2959 1205 3015 iuvare
1233 2959 1630 3031 interpretum
1665 2960 2162 3015 numerositatem
2199 2957 2412 3014 collatis
2439 2957 2650 3013 codici-

128 3042 207 3099 bus
230 3046 542 3119 inspectam
572 3056 737 3118 atque
766 3045 1071 3103 discussam
1103 3068 1128 3099 a>
1160 3055 1371 3115 monet,
1395 3062 1527 3103 nam
1560 3066 1584 3099 α
1617 3046 2034 3119 ambiguitatem
2061 3048 2117 3101 in
2147 3045 2382 3117 propriis
2410 3044 2590 3101 verbis
2621 3068 2646 3096 υ

132 3130 253 3189 haud
281 3150 417 3191 raro
455 3155 481 3185 α
515 3134 655 3190 solvi
686 3135 1049 3205 interpretum
1088 3134 1380 3191 collatione
1418 3144 1515 3190 aut
1549 3134 1932 3206 praecedentis
1959 3134 2178 3206 linguae
2217 3133 2555 3206 inspectione
2597 3156 2646 3187 ».

180 3224 452 3278 Continua
508 3231 697 3278 autem
741 3224 1153 3293 Scripturarum
1204 3223 1439 3279 lectione
1481 3226 1693 3278 Patres
1735 3221 2038 3278 dictionem
2092 3221 2448 3294 linguamque
2493 3236 2650 3277 suam

29 3362 37 3385 ‚
132 3306 183 3363 ad
216 3309 486 3367 biblicum
527 3325 691 3365 usum
732 3310 1124 3379 efformarunt3
1177 3326 1349 3381 quare
1384 3326 1452 3366 ex
1498 3326 1694 3365 eorum
1733 3309 1988 3381 operibus
2022 3309 2230 3365 multae
2263 3310 2492 3382 phrases
2532 3308 2649 3364 dic-

132 3396 395 3471 tionesque
440 3397 873 3469 scripturisticae
920 3398 1297 3463 illustrantur;
1344 3413 1524 3469 neque
1577 3413 1901 3470 graecarum
1953 3406 2172 3453 tantum
2230 3406 2284 3452 et
2329 3398 2647 3463 latinarum,

136 3482 211 3539 »ed
235 3488 403 3543 etiam
447 3485 835 3541 hebraicarum
877 3486 1219 3542 locutionum
1257 3485 1748 3557 significationibus
1785 3484 2184 3559 cognoscendis
2221 3483 2390 3545 dictio
2423 3488 2652 3541 Patrum

136 3570 349 3645 inservit,
387 3575 651 3646 quoniam
679 3590 775 3644 per
801 3575 1146 3645 scripturam
1184 3573 1346 3629 multi
1376 3573 1676 3630 hebraismi
1712 3574 1771 3628 in
1809 3573 2026 3646 linguas
2055 3588 2308 3646 graecam
2337 3581 2393 3629 et
2419 3572 2652 3629 latinam

138 3672 361 3733 receptae
390 3672 523 3719 sunt
552 3662 655 3735 (cfr
682 3666 741 3719 S.
772 3668 924 3737 Auq.
956 3662 994 3718 l.
1028 3680 1079 3719 c.
1120 3664 1198 3719 ΙΙ.
1227 3668 1313 3718 13.
1357 3661 1463 3734 14).
1502 3660 1777 3717 Maximae
1815 3670 2002 3717 autem
2043 3662 2298 3716 utilitatis
2337 3668 2466 3717 sunt
2495 3676 2652 3717 com-

140 3752 365 3807 mentarii
393 3754 626 3807 Patrum
656 3760 713 3806 et
738 3752 1093 3823 antIquorum
1120 3750 1515 3821 interpretum,
1547 3766 1578 3804 a
1611 3748 1813 3821 quibus
1841 3764 2038 3804 vocum
2066 3748 2496 3820 significationes
2525 3747 2654 3805 data

138 3848 275 3903 opera
299 3840 672 3911 explicantur.
700 3840 827 3893 Huc
858 3839 1021 3894 etiam
1046 3846 1257 3909 spectat
1290 3838 1513 3894 collatio
1543 3852 1774 3908 operum
1802 3836 2053 3892 Philonis
2087 3845 2143 3892 et
2169 3837 2250 3891 Fl.
2285 3836 2525 3907 Iosephi,
2558 3835 2654 3907 qui

150 3926 503 3993 lpostolorum
520 3926 713 3983 coaevi
734 3925 1022 3982 historiam
1042 3925 1463 3997 doctrinamque
1492 3940 1624 3980 suae
1648 3924 1827 3997 gentis
1857 3923 2052 3980 eadem
2071 3924 2260 3995 lingua
2289 3923 2652 3989 hellenistica,

142 4024 227 4079 qua
254 4016 329 4071 usi
356 4023 489 4072 sunt
514 4014 789 4087 Apostoli,
814 4022 1211 4069 tractaverunt.
2403 4054 2414 4062 .

198 4104 565 4177 Etymoloqia
607 4102 831 4159 demum
869 4118 969 4174 per
992 4118 1051 4157 se
1085 4100 1311 4173 quidem
1348 4101 1841 4175 significationibus
1875 4100 2272 4173 cognoscendis
2309 4098 2528 4171 egregie
2565 4099 2654 4153 in-

145 4189 301 4259 servit,
329 4201 604 4265 quatenus
632 4207 698 4247 ex
727 4188 915 4246 radice
946 4190 1016 4247 ad
1052 4188 1299 4245 derivata
1329 4190 1590 4245 concludi
1617 4198 1817 4261 potest.
1851 4192 2112 4245 Attamen
2143 4186 2539 4243 vocabulorum
2562 4185 2656 4241 he-

148 4270 425 4335 braicorum
462 4279 773 4336 multorum
801 4278 1113 4334 hebraicae
1150 4276 1368 4333 radices
1402 4277 1568 4334 nobis
1593 4293 1706 4333 non
1735 4286 1863 4333 sunt
1887 4285 2273 4343 conservatam
2311 4289 2376 4331 ex
2409 4273 2658 4330 dialectis

150 4360 289 4431 igitur
308 4366 565 4425 affinibus
588 4364 961 4424 desumendae
988 4373 1138 4434 sunt,
1164 4365 1403 4421 transitu
1430 4374 1618 4421 autem
1645 4380 1712 4421 ex
1739 4381 1847 4420 una
1875 4364 2112 4421 dialecto
2137 4363 2210 4420 ad
2238 4362 2470 4418 alteram
2499 4378 2660 4421 voces

150 4448 541 4521 signifloetionoe
576 4470 707 4511 suas
752 4453 1197 4527 frequentissime
1225 4453 1441 4509 variant
1475 4468 1659 4526 neque
1699 4468 1918 4524 semper
1959 4453 2104 4507 inter
2146 4450 2348 4507 radicis
2387 4449 2660 4506 derivato-

154 4548 353 4613 rumque
376 4542 805 4617 significationes
828 4557 1005 4598 nexus
1036 4541 1249 4615 logicus
1272 4550 1357 4597 est
1382 4541 1736 4611 manifestus,
1767 4540 1846 4597 ita
1869 4548 1932 4595 ut
1959 4540 2292 4612 etymologia
2309 4582 2323 4611 ,
2355 4538 2484 4595 licet
2513 4538 2665 4594 utilis

153 4624 235 4695 Sit,
260 4640 461 4689 certum
486 4638 881 4705 argumentum
912 4628 1063 4685 haud
1096 4627 1401 4688 admodum
1432 4628 1750 4701 frequenter
1777 4627 2058 4700 praebeat.
