<?xml version="1.0" encoding="UTF-8"?>
<!DOCTYPE html PUBLIC "-//W3C//DTD XHTML 1.0 Transitional//EN"
    "http://www.w3.org/TR/xhtml1/DTD/xhtml1-transitional.dtd">
<html xmlns="http://www.w3.org/1999/xhtml" xml:lang="en" lang="en">
 <head>
  <title>
</title>
<meta http-equiv="Content-Type" content="text/html;charset=utf-8" />
  <meta name='ocr-system' content='tesseract 3.04.00' />
  <meta name='ocr-capabilities' content='ocr_page ocr_carea ocr_par ocr_line ocrx_word'/>
</head>
<body>
  <div class='ocr_page' id='page_1' title='image "./historicaeetcri00corngoog_0391.png"; bbox 0 0 3050 5184; ppageno 0'>
   <div class='ocr_carea' id='block_1_1' title="bbox 583 311 2730 368">
    <p class='ocr_par' dir='ltr' id='par_1_1' title="bbox 583 311 2730 368">
     <span class='ocr_line' id='line_1_1' title="bbox 583 311 2730 368; baseline 0.003 -6"><span class='ocrx_word' id='word_1_1' title='bbox 583 319 658 362; x_wconf 76' lang='lat' dir='ltr'>DE</span> <span class='ocrx_word' id='word_1_2' title='bbox 700 316 1122 362; x_wconf 71' lang='lat' dir='ltr'>AUCTomTATB</span> <span class='ocrx_word' id='word_1_3' title='bbox 1161 317 1238 360; x_wconf 75' lang='lat' dir='ltr'>ET</span> <span class='ocrx_word' id='word_1_4' title='bbox 1278 317 1625 363; x_wconf 61' lang='lat' dir='ltr'>Annii-:nna</span> <span class='ocrx_word' id='word_1_5' title='bbox 1667 321 2096 367; x_wconf 74' lang='lat' dir='ltr'>VATICINIORUM</span> <span class='ocrx_word' id='word_1_6' title='bbox 2134 324 2353 368; x_wconf 72' lang='lat' dir='ltr'>ISAIAE.</span> <span class='ocrx_word' id='word_1_7' title='bbox 2618 311 2730 368; x_wconf 84' lang='lat'>381</span> 
     </span>
    </p>
   </div>
   <div class='ocr_carea' id='block_1_2' title="bbox 191 447 2735 1406">
    <p class='ocr_par' dir='ltr' id='par_1_2' title="bbox 191 447 2735 1406">
     <span class='ocr_line' id='line_1_2' title="bbox 193 447 2733 527; baseline 0.001 -21"><span class='ocrx_word' id='word_1_8' title='bbox 193 463 414 524; x_wconf 75' lang='lat' dir='ltr'>tegi-am</span> <span class='ocrx_word' id='word_1_9' title='bbox 443 449 743 507; x_wconf 89' lang='lat' dir='ltr'>secundam</span> <span class='ocrx_word' id='word_1_10' title='bbox 779 457 993 521; x_wconf 90' lang='lat' dir='ltr'>partem</span> <span class='ocrx_word' id='word_1_11' title='bbox 1024 449 1276 519; x_wconf 81' lang='grc'><strong>(40.·66.)</strong></span> <span class='ocrx_word' id='word_1_12' title='bbox 1304 447 1673 521; x_wconf 80' lang='lat' dir='ltr'>addubitavit,</span> <span class='ocrx_word' id='word_1_13' title='bbox 1701 461 1865 524; x_wconf 89' lang='lat' dir='ltr'>atque</span> <span class='ocrx_word' id='word_1_14' title='bbox 1889 455 2077 526; x_wconf 88' lang='lat' dir='ltr'>paucis</span> <span class='ocrx_word' id='word_1_15' title='bbox 2108 455 2266 511; x_wconf 89' lang='lat' dir='ltr'>annis</span> <span class='ocrx_word' id='word_1_16' title='bbox 2286 464 2412 527; x_wconf 90' lang='lat' dir='ltr'>post</span> <span class='ocrx_word' id='word_1_17' title='bbox 2451 457 2520 527; x_wconf 88' lang='lat' dir='ltr'>(a.</span> <span class='ocrx_word' id='word_1_18' title='bbox 2558 462 2733 520; x_wconf 81' lang='grc'>1794.)</span> 
     </span>
     <span class='ocr_line' id='line_1_3' title="bbox 193 535 2733 615; baseline 0.002 -22"><span class='ocrx_word' id='word_1_19' title='bbox 193 539 398 594; x_wconf 87' lang='lat' dir='ltr'>tertius</span> <span class='ocrx_word' id='word_1_20' title='bbox 437 554 559 594; x_wconf 89' lang='lat' dir='ltr'>eam</span> <span class='ocrx_word' id='word_1_21' title='bbox 600 537 944 611; x_wconf 82' lang='lat' dir='ltr'><strong>argumentis</strong></span> <span class='ocrx_word' id='word_1_22' title='bbox 993 535 1172 592; x_wconf 88' lang='lat' dir='ltr'>allatis</span> <span class='ocrx_word' id='word_1_23' title='bbox 1217 538 1460 607; x_wconf 88' lang='lat' dir='ltr'>spuriam</span> <span class='ocrx_word' id='word_1_24' title='bbox 1515 538 1897 596; x_wconf 89' lang='lat' dir='ltr'>demonstrare</span> <span class='ocrx_word' id='word_1_25' title='bbox 1943 551 2173 598; x_wconf 89' lang='lat' dir='ltr'>conatus</span> <span class='ocrx_word' id='word_1_26' title='bbox 2218 551 2320 598; x_wconf 89' lang='lat' dir='ltr'>est.</span> <span class='ocrx_word' id='word_1_27' title='bbox 2368 543 2523 611; x_wconf 82' lang='lat' dir='ltr'><strong>Quae</strong></span> <span class='ocrx_word' id='word_1_28' title='bbox 2569 559 2733 615; x_wconf 84' lang='lat' dir='ltr'>argu-</span> 
     </span>
     <span class='ocr_line' id='line_1_4' title="bbox 191 625 2732 703; baseline 0.002 -22"><span class='ocrx_word' id='word_1_29' title='bbox 191 634 386 682; x_wconf 87' lang='lat' dir='ltr'>menta</span> <span class='ocrx_word' id='word_1_30' title='bbox 409 628 486 683; x_wconf 90' lang='lat' dir='ltr'>ita</span> <span class='ocrx_word' id='word_1_31' title='bbox 514 627 868 698; x_wconf 88' lang='lat' dir='ltr'>placuerunt,</span> <span class='ocrx_word' id='word_1_32' title='bbox 901 633 962 680; x_wconf 91' lang='lat' dir='ltr'>ut</span> <span class='ocrx_word' id='word_1_33' title='bbox 987 625 1134 680; x_wconf 90' lang='lat' dir='ltr'>inter</span> <span class='ocrx_word' id='word_1_34' title='bbox 1161 625 1530 682; x_wconf 87' lang='lat' dir='ltr'>rationalistas</span> <span class='ocrx_word' id='word_1_35' title='bbox 1551 627 1716 683; x_wconf 89' lang='lat' dir='ltr'>hodie</span> <span class='ocrx_word' id='word_1_36' title='bbox 1736 629 1921 684; x_wconf 87' lang='lat' dir='ltr'>nullus</span> <span class='ocrx_word' id='word_1_37' title='bbox 1949 630 2272 700; x_wconf 88' lang='lat' dir='ltr'>inveniatur,</span> <span class='ocrx_word' id='word_1_38' title='bbox 2307 632 2439 703; x_wconf 89' lang='lat' dir='ltr'>quin</span> <span class='ocrx_word' id='word_1_39' title='bbox 2469 647 2565 702; x_wconf 88' lang='lat' dir='ltr'>pro</span> <span class='ocrx_word' id='word_1_40' title='bbox 2594 629 2732 703; x_wconf 83' lang='lat' dir='ltr'>dog-</span> 
     </span>
     <span class='ocr_line' id='line_1_5' title="bbox 193 711 2731 790; baseline 0.001 -20"><span class='ocrx_word' id='word_1_41' title='bbox 193 723 348 771; x_wconf 86' lang='lat' dir='ltr'>mate</span> <span class='ocrx_word' id='word_1_42' title='bbox 397 723 610 784; x_wconf 90' lang='lat' dir='ltr'>teneat,</span> <span class='ocrx_word' id='word_1_43' title='bbox 651 722 906 786; x_wconf 88' lang='lat' dir='ltr'>tempore</span> <span class='ocrx_word' id='word_1_44' title='bbox 949 712 1126 768; x_wconf 83' lang='lat' dir='ltr'>exsilii</span> <span class='ocrx_word' id='word_1_45' title='bbox 1181 711 1490 786; x_wconf 80' lang='lat' dir='ltr'>babylonici</span> <span class='ocrx_word' id='word_1_46' title='bbox 1540 730 1663 787; x_wconf 85' lang='lat' dir='ltr'>epp.</span> <span class='ocrx_word' id='word_1_47' title='bbox 1714 723 1921 774; x_wconf 83' lang='grc'><strong>40.·66.</strong></span> <span class='ocrx_word' id='word_1_48' title='bbox 1970 733 2089 773; x_wconf 86' lang='lat' dir='ltr'>esse</span> <span class='ocrx_word' id='word_1_49' title='bbox 2144 719 2483 790; x_wconf 81' lang='lat' dir='ltr'>conscripta3</span> <span class='ocrx_word' id='word_1_50' title='bbox 2536 721 2731 774; x_wconf 85' lang='lat' dir='ltr'>Isaiam</span> 
     </span>
     <span class='ocr_line' id='line_1_6' title="bbox 195 801 2735 878; baseline 0.001 -20"><span class='ocrx_word' id='word_1_51' title='bbox 195 804 368 872; x_wconf 87' lang='lat' dir='ltr'>enim,</span> <span class='ocrx_word' id='word_1_52' title='bbox 401 803 498 874; x_wconf 91' lang='lat' dir='ltr'>qui</span> <span class='ocrx_word' id='word_1_53' title='bbox 519 811 741 858; x_wconf 89' lang='lat' dir='ltr'>centum</span> <span class='ocrx_word' id='word_1_54' title='bbox 771 801 990 858; x_wconf 84' lang='lat' dir='ltr'><strong>circiter</strong></span> <span class='ocrx_word' id='word_1_55' title='bbox 1017 801 1176 856; x_wconf 91' lang='lat' dir='ltr'>annis</span> <span class='ocrx_word' id='word_1_56' title='bbox 1203 809 1330 857; x_wconf 87' lang='lat' dir='ltr'>ante</span> <span class='ocrx_word' id='word_1_57' title='bbox 1359 811 1546 858; x_wconf 87' lang='lat' dir='ltr'>ortum</span> <span class='ocrx_word' id='word_1_58' title='bbox 1572 805 1763 876; x_wconf 87' lang='lat' dir='ltr'>magni</span> <span class='ocrx_word' id='word_1_59' title='bbox 1792 805 1947 878; x_wconf 86' lang='lat' dir='ltr'>regni</span> <span class='ocrx_word' id='word_1_60' title='bbox 1968 804 2281 877; x_wconf 84' lang='lat' dir='ltr'>babylonici</span> <span class='ocrx_word' id='word_1_61' title='bbox 2308 807 2468 874; x_wconf 86' lang='lat' dir='ltr'>vixit,</span> <span class='ocrx_word' id='word_1_62' title='bbox 2499 807 2639 862; x_wconf 89' lang='lat' dir='ltr'>nihil</span> <span class='ocrx_word' id='word_1_63' title='bbox 2668 806 2735 862; x_wconf 89' lang='lat' dir='ltr'>de</span> 
     </span>
     <span class='ocr_line' id='line_1_7' title="bbox 194 888 2735 966; baseline 0 -19"><span class='ocrx_word' id='word_1_64' title='bbox 194 890 490 948; x_wconf 80' lang='lat' dir='ltr'>Chaldaeis</span> <span class='ocrx_word' id='word_1_65' title='bbox 517 891 740 946; x_wconf 84' lang='lat' dir='ltr'>scivisse</span> <span class='ocrx_word' id='word_1_66' title='bbox 765 904 834 946; x_wconf 88' lang='lat' dir='ltr'>ac</span> <span class='ocrx_word' id='word_1_67' title='bbox 860 888 1022 961; x_wconf 90' lang='lat' dir='ltr'>proin</span> <span class='ocrx_word' id='word_1_68' title='bbox 1047 888 1188 945; x_wconf 88' lang='lat' dir='ltr'>nihil</span> <span class='ocrx_word' id='word_1_69' title='bbox 1212 890 1281 946; x_wconf 92' lang='lat' dir='ltr'>de</span> <span class='ocrx_word' id='word_1_70' title='bbox 1305 890 1495 948; x_wconf 76' lang='lat' dir='ltr'>exsilio</span> <span class='ocrx_word' id='word_1_71' title='bbox 1519 889 1845 963; x_wconf 87' lang='lat' dir='ltr'>babylonico</span> <span class='ocrx_word' id='word_1_72' title='bbox 1874 901 1971 948; x_wconf 88' lang='lat' dir='ltr'>aut</span> <span class='ocrx_word' id='word_1_73' title='bbox 1998 891 2067 948; x_wconf 89' lang='lat' dir='ltr'>de</span> <span class='ocrx_word' id='word_1_74' title='bbox 2094 895 2345 950; x_wconf 86' lang='lat' dir='ltr'>exsulum</span> <span class='ocrx_word' id='word_1_75' title='bbox 2372 893 2555 950; x_wconf 87' lang='lat' dir='ltr'>reditu</span> <span class='ocrx_word' id='word_1_76' title='bbox 2584 910 2735 966; x_wconf 91' lang='lat' dir='ltr'>prae—</span> 
     </span>
     <span class='ocr_line' id='line_1_8' title="bbox 195 975 2735 1055; baseline 0.002 -23"><span class='ocrx_word' id='word_1_77' title='bbox 195 977 384 1035; x_wconf 87' lang='lat' dir='ltr'>dicere</span> <span class='ocrx_word' id='word_1_78' title='bbox 413 979 675 1054; x_wconf 85' lang='lat' dir='ltr'>potuisse.</span> <span class='ocrx_word' id='word_1_79' title='bbox 708 978 832 1046; x_wconf 82' lang='lat' dir='ltr'>Quo</span> <span class='ocrx_word' id='word_1_80' title='bbox 859 975 1223 1032; x_wconf 87' lang='lat' dir='ltr'>fundamento</span> <span class='ocrx_word' id='word_1_81' title='bbox 1253 979 1430 1048; x_wconf 90' lang='lat' dir='ltr'>posito</span> <span class='ocrx_word' id='word_1_82' title='bbox 1466 978 1577 1036; x_wconf 87' lang='lat' dir='ltr'>alia</span> <span class='ocrx_word' id='word_1_83' title='bbox 1611 995 1832 1052; x_wconf 89' lang='lat' dir='ltr'>quoque</span> <span class='ocrx_word' id='word_1_84' title='bbox 1868 981 2123 1037; x_wconf 83' lang='lat' dir='ltr'>vaticinia</span> <span class='ocrx_word' id='word_1_85' title='bbox 2160 980 2229 1038; x_wconf 87' lang='lat' dir='ltr'>de</span> <span class='ocrx_word' id='word_1_86' title='bbox 2256 982 2553 1055; x_wconf 82' lang='lat' dir='ltr'>Babylonia</span> <span class='ocrx_word' id='word_1_87' title='bbox 2584 992 2639 1038; x_wconf 88' lang='lat' dir='ltr'>et</span> <span class='ocrx_word' id='word_1_88' title='bbox 2666 981 2735 1037; x_wconf 80' lang='lat' dir='ltr'>de·</span> 
     </span>
     <span class='ocr_line' id='line_1_9' title="bbox 195 1055 2733 1140; baseline 0.001 -18"><span class='ocrx_word' id='word_1_89' title='bbox 195 1065 496 1124; x_wconf 87' lang='lat' dir='ltr'>Chaldaeis</span> <span class='ocrx_word' id='word_1_90' title='bbox 530 1066 672 1138; x_wconf 86' lang='lat' dir='ltr'>(epp.</span> <span class='ocrx_word' id='word_1_91' title='bbox 709 1072 804 1135; x_wconf 80' lang='lat'>133</span> <span class='ocrx_word' id='word_1_92' title='bbox 840 1070 936 1133; x_wconf 78' lang='lat'>143</span> <span class='ocrx_word' id='word_1_93' title='bbox 965 1069 1091 1132; x_wconf 81' lang='lat'>21,1</span> <span class='ocrx_word' id='word_1_94' title='bbox 1131 1080 1290 1138; x_wconf 84' lang='lat' dir='ltr'>sqq.;</span> <span class='ocrx_word' id='word_1_95' title='bbox 1317 1071 1409 1134; x_wconf 82' lang='grc'>23)</span> <span class='ocrx_word' id='word_1_96' title='bbox 1440 1055 1615 1122; x_wconf 77' lang='lat' dir='ltr'>Isaiae</span> <span class='ocrx_word' id='word_1_97' title='bbox 1650 1067 2132 1138; x_wconf 87' lang='lat' dir='ltr'>abiudicabantur;</span> <span class='ocrx_word' id='word_1_98' title='bbox 2176 1070 2433 1140; x_wconf 86' lang='lat' dir='ltr'>quoniam</span> <span class='ocrx_word' id='word_1_99' title='bbox 2470 1070 2733 1126; x_wconf 88' lang='lat' dir='ltr'>nonnulla</span> 
     </span>
     <span class='ocr_line' id='line_1_10' title="bbox 193 1152 2729 1228; baseline 0.001 -19"><span class='ocrx_word' id='word_1_100' title='bbox 193 1163 384 1210; x_wconf 88' lang='lat' dir='ltr'>autem</span> <span class='ocrx_word' id='word_1_101' title='bbox 416 1156 594 1226; x_wconf 88' lang='lat' dir='ltr'>capita</span> <span class='ocrx_word' id='word_1_102' title='bbox 625 1159 859 1222; x_wconf 77' lang='lat'>(24.-27;</span> <span class='ocrx_word' id='word_1_103' title='bbox 893 1162 990 1221; x_wconf 78' lang='lat'>3⁴3</span> <span class='ocrx_word' id='word_1_104' title='bbox 1023 1157 1108 1224; x_wconf 78' lang='lat'>35)</span> <span class='ocrx_word' id='word_1_105' title='bbox 1138 1152 1281 1227; x_wconf 88' lang='lat' dir='ltr'>stylo</span> <span class='ocrx_word' id='word_1_106' title='bbox 1317 1163 1752 1227; x_wconf 83' lang='lat' dir='ltr'>argumentoque</span> <span class='ocrx_word' id='word_1_107' title='bbox 1784 1157 1981 1212; x_wconf 81' lang='lat' dir='ltr'>similia</span> <span class='ocrx_word' id='word_1_108' title='bbox 2011 1157 2337 1213; x_wconf 88' lang='lat' dir='ltr'>videbantur</span> <span class='ocrx_word' id='word_1_109' title='bbox 2364 1158 2607 1228; x_wconf 88' lang='lat' dir='ltr'>reiectis,</span> <span class='ocrx_word' id='word_1_110' title='bbox 2637 1157 2729 1214; x_wconf 90' lang='lat' dir='ltr'>illa</span> 
     </span>
     <span class='ocr_line' id='line_1_11' title="bbox 191 1239 2733 1317; baseline 0.001 -19"><span class='ocrx_word' id='word_1_111' title='bbox 191 1259 422 1315; x_wconf 89' lang='lat' dir='ltr'>quoque</span> <span class='ocrx_word' id='word_1_112' title='bbox 451 1242 856 1299; x_wconf 89' lang='lat' dir='ltr'>reiiciebantur.</span> <span class='ocrx_word' id='word_1_113' title='bbox 890 1241 1028 1297; x_wconf 83' lang='lat' dir='ltr'>Aliis</span> <span class='ocrx_word' id='word_1_114' title='bbox 1055 1241 1253 1297; x_wconf 88' lang='lat' dir='ltr'>deinde</span> <span class='ocrx_word' id='word_1_115' title='bbox 1281 1243 1386 1297; x_wconf 89' lang='lat' dir='ltr'>alia</span> <span class='ocrx_word' id='word_1_116' title='bbox 1415 1239 1840 1312; x_wconf 90' lang='lat' dir='ltr'>displicuerunt,</span> <span class='ocrx_word' id='word_1_117' title='bbox 1872 1253 2039 1316; x_wconf 88' lang='lat' dir='ltr'>atque</span> <span class='ocrx_word' id='word_1_118' title='bbox 2067 1261 2132 1300; x_wconf 90' lang='lat' dir='ltr'>eo</span> <span class='ocrx_word' id='word_1_119' title='bbox 2158 1245 2322 1300; x_wconf 90' lang='lat' dir='ltr'>hodie</span> <span class='ocrx_word' id='word_1_120' title='bbox 2350 1262 2439 1302; x_wconf 90' lang='lat' dir='ltr'>res</span> <span class='ocrx_word' id='word_1_121' title='bbox 2467 1246 2733 1317; x_wconf 84' lang='lat' dir='ltr'>pervenit,</span> 
     </span>
     <span class='ocr_line' id='line_1_12' title="bbox 195 1321 2731 1406; baseline 0.002 -22"><span class='ocrx_word' id='word_1_122' title='bbox 195 1338 256 1384; x_wconf 90' lang='lat' dir='ltr'>nt</span> <span class='ocrx_word' id='word_1_123' title='bbox 283 1345 353 1386; x_wconf 83' lang='lat' dir='ltr'>ex</span> <span class='ocrx_word' id='word_1_124' title='bbox 382 1332 672 1403; x_wconf 85' lang='lat' dir='ltr'>sexaginta</span> <span class='ocrx_word' id='word_1_125' title='bbox 699 1346 794 1386; x_wconf 85' lang='lat' dir='ltr'>sex</span> <span class='ocrx_word' id='word_1_126' title='bbox 823 1329 1111 1402; x_wconf 78' lang='lat' dir='ltr'>capitibuS,</span> <span class='ocrx_word' id='word_1_127' title='bbox 1147 1329 1342 1401; x_wconf 89' lang='lat' dir='ltr'>quibus</span> <span class='ocrx_word' id='word_1_128' title='bbox 1369 1330 1508 1386; x_wconf 88' lang='lat' dir='ltr'>liber</span> <span class='ocrx_word' id='word_1_129' title='bbox 1530 1321 1771 1400; x_wconf 87' lang='lat' dir='ltr'>constat,</span> <span class='ocrx_word' id='word_1_130' title='bbox 1802 1331 1937 1387; x_wconf 71' lang='lat' dir='ltr'>sola</span> <span class='ocrx_word' id='word_1_131' title='bbox 1964 1337 2139 1387; x_wconf 75' lang='lat' dir='ltr'>sexta</span> <span class='ocrx_word' id='word_1_132' title='bbox 2165 1336 2394 1390; x_wconf 75' lang='lat' dir='ltr'>circiter</span> <span class='ocrx_word' id='word_1_133' title='bbox 2412 1351 2586 1406; x_wconf 80' lang='lat' dir='ltr'>pars,</span> <span class='ocrx_word' id='word_1_134' title='bbox 2616 1335 2651 1388; x_wconf 92' lang='lat' dir='ltr'>i.</span> <span class='ocrx_word' id='word_1_135' title='bbox 2683 1349 2731 1388; x_wconf 87' lang='lat' dir='ltr'>e.</span> 
     </span>
    </p>
   </div>
   <div class='ocr_carea' id='block_1_3' title="bbox 193 1417 2737 1562">
    <p class='ocr_par' dir='ltr' id='par_1_3' title="bbox 193 1417 2737 1562">
     <span class='ocr_line' id='line_1_13' title="bbox 197 1417 2737 1494; baseline 0.002 -23"><span class='ocrx_word' id='word_1_136' title='bbox 197 1419 462 1475; x_wconf 81' lang='lat' dir='ltr'>undecim</span> <span class='ocrx_word' id='word_1_137' title='bbox 506 1419 720 1491; x_wconf 82' lang='lat' dir='ltr'>integra</span> <span class='ocrx_word' id='word_1_138' title='bbox 765 1418 945 1488; x_wconf 84' lang='lat' dir='ltr'>capita</span> <span class='ocrx_word' id='word_1_139' title='bbox 987 1424 1044 1472; x_wconf 89' lang='lat' dir='ltr'>et</span> <span class='ocrx_word' id='word_1_140' title='bbox 1069 1417 1240 1472; x_wconf 91' lang='lat' dir='ltr'>trium</span> <span class='ocrx_word' id='word_1_141' title='bbox 1281 1417 1589 1489; x_wconf 79' lang='lat' dir='ltr'>fragmenta</span> <span class='ocrx_word' id='word_1_142' title='bbox 1637 1417 1911 1489; x_wconf 87' lang='lat' dir='ltr'>quaedam</span> <span class='ocrx_word' id='word_1_143' title='bbox 1957 1418 2188 1492; x_wconf 83' lang='lat' dir='ltr'>principi</span> <span class='ocrx_word' id='word_1_144' title='bbox 2228 1421 2626 1494; x_wconf 89' lang='lat' dir='ltr'>prophetarum</span> <span class='ocrx_word' id='word_1_145' title='bbox 2668 1421 2737 1477; x_wconf 86' lang='lat' dir='ltr'>ab</span> 
     </span>
     <span class='ocr_line' id='line_1_14' title="bbox 193 1505 872 1562; baseline 0.003 -2"><span class='ocrx_word' id='word_1_146' title='bbox 193 1506 458 1562; x_wconf 85' lang='lat' dir='ltr'>omnibus</span> <span class='ocrx_word' id='word_1_147' title='bbox 481 1505 872 1562; x_wconf 89' lang='lat' dir='ltr'>concedantur.</span> 
     </span>
    </p>
   </div>
   <div class='ocr_carea' id='block_1_4' title="bbox 193 1656 2739 2510">
    <p class='ocr_par' dir='ltr' id='par_1_4' title="bbox 193 1656 2739 2510">
     <span class='ocr_line' id='line_1_15' title="bbox 271 1656 2731 1735; baseline 0.001 -18"><span class='ocrx_word' id='word_1_148' title='bbox 271 1658 544 1718; x_wconf 89' lang='lat' dir='ltr'>Duobus</span> <span class='ocrx_word' id='word_1_149' title='bbox 571 1657 956 1735; x_wconf 81' lang='lat' dir='ltr'>argumentis</span> <span class='ocrx_word' id='word_1_150' title='bbox 985 1656 1326 1716; x_wconf 88' lang='lat' dir='ltr'>adversarii</span> <span class='ocrx_word' id='word_1_151' title='bbox 1357 1656 1734 1716; x_wconf 88' lang='lat' dir='ltr'>sententiam</span> <span class='ocrx_word' id='word_1_152' title='bbox 1753 1674 1931 1718; x_wconf 87' lang='lat' dir='ltr'>suam</span> <span class='ocrx_word' id='word_1_153' title='bbox 1952 1657 2379 1719; x_wconf 89' lang='lat' dir='ltr'>demonstrare</span> <span class='ocrx_word' id='word_1_154' title='bbox 2406 1664 2731 1731; x_wconf 83' lang='lat' dir='ltr'>conantur,</span> 
     </span>
     <span class='ocr_line' id='line_1_16' title="bbox 201 1753 2737 1834; baseline 0.001 -21"><span class='ocrx_word' id='word_1_155' title='bbox 201 1771 328 1814; x_wconf 90' lang='lat' dir='ltr'>uno</span> <span class='ocrx_word' id='word_1_156' title='bbox 379 1753 771 1831; x_wconf 80' lang='lat' dir='ltr'>dogmatice,</span> <span class='ocrx_word' id='word_1_157' title='bbox 821 1754 1020 1814; x_wconf 88' lang='lat' dir='ltr'>altero</span> <span class='ocrx_word' id='word_1_158' title='bbox 1062 1753 1468 1831; x_wconf 86' lang='lat' dir='ltr'>philologico.</span> <span class='ocrx_word' id='word_1_159' title='bbox 1513 1753 1896 1830; x_wconf 88' lang='lat' dir='ltr'>Praeprimis</span> <span class='ocrx_word' id='word_1_160' title='bbox 1944 1759 2163 1816; x_wconf 90' lang='lat' dir='ltr'>tenent</span> <span class='ocrx_word' id='word_1_161' title='bbox 2208 1757 2578 1834; x_wconf 83' lang='lat' dir='ltr'>prophetam</span> <span class='ocrx_word' id='word_1_162' title='bbox 2620 1775 2737 1818; x_wconf 91' lang='lat' dir='ltr'>nec</span> 
     </span>
     <span class='ocr_line' id='line_1_17' title="bbox 197 1849 2735 1930; baseline 0.002 -20"><span class='ocrx_word' id='word_1_163' title='bbox 197 1851 382 1927; x_wconf 88' lang='lat' dir='ltr'>plura</span> <span class='ocrx_word' id='word_1_164' title='bbox 409 1851 568 1911; x_wconf 91' lang='lat' dir='ltr'>scire</span> <span class='ocrx_word' id='word_1_165' title='bbox 595 1866 712 1911; x_wconf 91' lang='lat' dir='ltr'>nec</span> <span class='ocrx_word' id='word_1_166' title='bbox 740 1849 922 1928; x_wconf 90' lang='lat' dir='ltr'>plura</span> <span class='ocrx_word' id='word_1_167' title='bbox 952 1849 1314 1927; x_wconf 80' lang='lat' dir='ltr'>praedicere</span> <span class='ocrx_word' id='word_1_168' title='bbox 1345 1866 1531 1926; x_wconf 90' lang='lat' dir='ltr'>posse</span> <span class='ocrx_word' id='word_1_169' title='bbox 1548 1897 1562 1924; x_wconf 95' lang='lat'>,</span> <span class='ocrx_word' id='word_1_170' title='bbox 1599 1867 1785 1927; x_wconf 85' lang='lat' dir='ltr'>quam</span> <span class='ocrx_word' id='word_1_171' title='bbox 1814 1850 2198 1929; x_wconf 86' lang='lat' dir='ltr'>quicumque</span> <span class='ocrx_word' id='word_1_172' title='bbox 2224 1854 2322 1912; x_wconf 86' lang='lat' dir='ltr'>vir</span> <span class='ocrx_word' id='word_1_173' title='bbox 2340 1870 2524 1930; x_wconf 83' lang='lat' dir='ltr'>sagax</span> <span class='ocrx_word' id='word_1_174' title='bbox 2548 1854 2735 1914; x_wconf 88' lang='lat' dir='ltr'>rebus</span> 
     </span>
     <span class='ocr_line' id='line_1_18' title="bbox 197 1945 2736 2027; baseline 0.002 -22"><span class='ocrx_word' id='word_1_175' title='bbox 197 1963 350 2008; x_wconf 88' lang='lat' dir='ltr'>suae</span> <span class='ocrx_word' id='word_1_176' title='bbox 391 1947 620 2007; x_wconf 89' lang='lat' dir='ltr'>aetatis</span> <span class='ocrx_word' id='word_1_177' title='bbox 659 1945 998 2025; x_wconf 85' lang='lat' dir='ltr'>diligenter</span> <span class='ocrx_word' id='word_1_178' title='bbox 1025 1946 1440 2008; x_wconf 80' lang='lat' dir='ltr'>consideratis</span> <span class='ocrx_word' id='word_1_179' title='bbox 1481 1963 1628 2006; x_wconf 87' lang='lat' dir='ltr'>cum</span> <span class='ocrx_word' id='word_1_180' title='bbox 1666 1947 1903 2008; x_wconf 88' lang='lat' dir='ltr'>maiore</span> <span class='ocrx_word' id='word_1_181' title='bbox 1942 1948 2258 2010; x_wconf 87' lang='lat' dir='ltr'>minoreve</span> <span class='ocrx_word' id='word_1_182' title='bbox 2296 1949 2736 2027; x_wconf 86' lang='lat' dir='ltr'>probabilitate</span> 
     </span>
     <span class='ocr_line' id='line_1_19' title="bbox 197 2042 2735 2124; baseline 0.002 -22"><span class='ocrx_word' id='word_1_183' title='bbox 197 2042 498 2111; x_wconf 86' lang='lat' dir='ltr'>coniicit;</span> <span class='ocrx_word' id='word_1_184' title='bbox 533 2043 808 2104; x_wconf 91' lang='lat' dir='ltr'>secundo</span> <span class='ocrx_word' id='word_1_185' title='bbox 837 2042 975 2104; x_wconf 89' lang='lat' dir='ltr'>loco</span> <span class='ocrx_word' id='word_1_186' title='bbox 995 2047 1204 2122; x_wconf 89' lang='lat' dir='ltr'>partes</span> <span class='ocrx_word' id='word_1_187' title='bbox 1233 2043 1494 2104; x_wconf 90' lang='lat' dir='ltr'>reiectas</span> <span class='ocrx_word' id='word_1_188' title='bbox 1522 2044 1685 2122; x_wconf 85' lang='lat' dir='ltr'>stylo</span> <span class='ocrx_word' id='word_1_189' title='bbox 1709 2043 2043 2124; x_wconf 89' lang='lat' dir='ltr'>linguaque</span> <span class='ocrx_word' id='word_1_190' title='bbox 2070 2064 2106 2106; x_wconf 90' lang='lat' dir='ltr'>a</span> <span class='ocrx_word' id='word_1_191' title='bbox 2133 2047 2417 2124; x_wconf 78' lang='lat' dir='ltr'>reliquiS,</span> <span class='ocrx_word' id='word_1_192' title='bbox 2452 2064 2607 2124; x_wconf 87' lang='lat' dir='ltr'>quas</span> <span class='ocrx_word' id='word_1_193' title='bbox 2635 2065 2735 2109; x_wconf 87' lang='lat' dir='ltr'>re-</span> 
     </span>
     <span class='ocr_line' id='line_1_20' title="bbox 195 2139 2737 2222; baseline 0.002 -22"><span class='ocrx_word' id='word_1_194' title='bbox 195 2141 431 2212; x_wconf 81' lang='lat' dir='ltr'>tinent,</span> <span class='ocrx_word' id='word_1_195' title='bbox 468 2139 721 2201; x_wconf 82' lang='lat' dir='ltr'>differre</span> <span class='ocrx_word' id='word_1_196' title='bbox 749 2144 1033 2201; x_wconf 91' lang='lat' dir='ltr'>monent.</span> <span class='ocrx_word' id='word_1_197' title='bbox 1067 2142 1146 2200; x_wconf 88' lang='lat' dir='ltr'>At</span> <span class='ocrx_word' id='word_1_198' title='bbox 1172 2139 1346 2218; x_wconf 87' lang='lat' dir='ltr'>prius</span> <span class='ocrx_word' id='word_1_199' title='bbox 1372 2157 1593 2200; x_wconf 90' lang='lat' dir='ltr'>eorum</span> <span class='ocrx_word' id='word_1_200' title='bbox 1614 2146 2058 2220; x_wconf 84' lang='lat' dir='ltr'>argumentum</span> <span class='ocrx_word' id='word_1_201' title='bbox 2086 2160 2333 2204; x_wconf 91' lang='lat' dir='ltr'>merum</span> <span class='ocrx_word' id='word_1_202' title='bbox 2366 2147 2463 2204; x_wconf 89' lang='lat' dir='ltr'>est</span> <span class='ocrx_word' id='word_1_203' title='bbox 2489 2143 2737 2222; x_wconf 84' lang='lat' dir='ltr'>praeiu-</span> 
     </span>
     <span class='ocr_line' id='line_1_21' title="bbox 193 2237 2737 2318; baseline 0.002 -22"><span class='ocrx_word' id='word_1_204' title='bbox 193 2237 441 2298; x_wconf 88' lang='lat' dir='ltr'>dicium</span> <span class='ocrx_word' id='word_1_205' title='bbox 486 2237 1042 2311; x_wconf 83' lang='lat' dir='ltr'>rationalisticum3</span> <span class='ocrx_word' id='word_1_206' title='bbox 1084 2238 1350 2298; x_wconf 88' lang='lat' dir='ltr'>alterum</span> <span class='ocrx_word' id='word_1_207' title='bbox 1401 2252 1547 2299; x_wconf 87' lang='lat' dir='ltr'>vero</span> <span class='ocrx_word' id='word_1_208' title='bbox 1596 2238 1755 2298; x_wconf 86' lang='lat' dir='ltr'>nihil</span> <span class='ocrx_word' id='word_1_209' title='bbox 1804 2240 2057 2316; x_wconf 86' lang='lat' dir='ltr'>probat,</span> <span class='ocrx_word' id='word_1_210' title='bbox 2098 2257 2291 2318; x_wconf 91' lang='lat' dir='ltr'>quum</span> <span class='ocrx_word' id='word_1_211' title='bbox 2340 2240 2529 2312; x_wconf 77' lang='lat' dir='ltr'>leviS,</span> <span class='ocrx_word' id='word_1_212' title='bbox 2579 2258 2737 2318; x_wconf 88' lang='lat' dir='ltr'>quae</span> 
     </span>
     <span class='ocr_line' id='line_1_22' title="bbox 194 2333 2739 2416; baseline 0.002 -22"><span class='ocrx_word' id='word_1_213' title='bbox 194 2334 417 2407; x_wconf 89' lang='lat' dir='ltr'>adest,</span> <span class='ocrx_word' id='word_1_214' title='bbox 449 2333 599 2412; x_wconf 83' lang='lat' dir='ltr'>styli</span> <span class='ocrx_word' id='word_1_215' title='bbox 646 2333 1096 2394; x_wconf 89' lang='lat' dir='ltr'>dissimilitudo</span> <span class='ocrx_word' id='word_1_216' title='bbox 1139 2351 1216 2395; x_wconf 81' lang='lat' dir='ltr'>ex</span> <span class='ocrx_word' id='word_1_217' title='bbox 1265 2334 1505 2395; x_wconf 86' lang='lat' dir='ltr'>diversa</span> <span class='ocrx_word' id='word_1_218' title='bbox 1536 2337 1921 2414; x_wconf 86' lang='lat' dir='ltr'>argumenti,</span> <span class='ocrx_word' id='word_1_219' title='bbox 1955 2337 2291 2416; x_wconf 78' lang='lat' dir='ltr'>temporiS,</span> <span class='ocrx_word' id='word_1_220' title='bbox 2330 2338 2739 2399; x_wconf 85' lang='lat' dir='ltr'>confectionis</span> 
     </span>
     <span class='ocr_line' id='line_1_23' title="bbox 193 2431 1242 2510; baseline 0.001 -20"><span class='ocrx_word' id='word_1_221' title='bbox 193 2431 447 2492; x_wconf 86' lang='lat' dir='ltr'>ratione</span> <span class='ocrx_word' id='word_1_222' title='bbox 481 2431 630 2491; x_wconf 88' lang='lat' dir='ltr'>satis</span> <span class='ocrx_word' id='word_1_223' title='bbox 660 2431 1036 2510; x_wconf 85' lang='lat' dir='ltr'>explicetur.</span> <span class='ocrx_word' id='word_1_224' title='bbox 1234 2437 1242 2447; x_wconf 90' lang='lat'>&#39;</span> 
     </span>
    </p>
   </div>
   <div class='ocr_carea' id='block_1_5' title="bbox 195 2543 2742 4732">
    <p class='ocr_par' dir='ltr' id='par_1_5' title="bbox 195 2543 2741 3146">
     <span class='ocr_line' id='line_1_24' title="bbox 263 2543 2737 2622; baseline 0.001 -21"><span class='ocrx_word' id='word_1_225' title='bbox 263 2543 475 2601; x_wconf 87' lang='lat' dir='ltr'>Omnia</span> <span class='ocrx_word' id='word_1_226' title='bbox 503 2553 558 2599; x_wconf 93' lang='lat' dir='ltr'>et</span> <span class='ocrx_word' id='word_1_227' title='bbox 585 2543 800 2616; x_wconf 89' lang='lat' dir='ltr'>singula</span> <span class='ocrx_word' id='word_1_228' title='bbox 829 2554 1163 2616; x_wconf 88' lang='lat' dir='ltr'>commenta,</span> <span class='ocrx_word' id='word_1_229' title='bbox 1186 2544 1383 2617; x_wconf 88' lang='lat' dir='ltr'>quibus</span> <span class='ocrx_word' id='word_1_230' title='bbox 1403 2546 1496 2600; x_wconf 90' lang='lat' dir='ltr'>uni</span> <span class='ocrx_word' id='word_1_231' title='bbox 1525 2546 1751 2602; x_wconf 87' lang='lat' dir='ltr'>alterive</span> <span class='ocrx_word' id='word_1_232' title='bbox 1770 2547 2147 2602; x_wconf 89' lang='lat' dir='ltr'>rationalistae</span> <span class='ocrx_word' id='word_1_233' title='bbox 2176 2545 2469 2620; x_wconf 85' lang='lat' dir='ltr'>pericopen</span> <span class='ocrx_word' id='word_1_234' title='bbox 2494 2549 2737 2622; x_wconf 83' lang='lat' dir='ltr'>aliquam</span> 
     </span>
     <span class='ocr_line' id='line_1_25' title="bbox 200 2632 2735 2704; baseline 0.002 -18"><span class='ocrx_word' id='word_1_235' title='bbox 200 2634 540 2704; x_wconf 83' lang='lat' dir='ltr'>impugnare</span> <span class='ocrx_word' id='word_1_236' title='bbox 573 2632 806 2703; x_wconf 86' lang='lat' dir='ltr'>placuit,</span> <span class='ocrx_word' id='word_1_237' title='bbox 845 2642 1102 2689; x_wconf 87' lang='lat' dir='ltr'>accurate</span> <span class='ocrx_word' id='word_1_238' title='bbox 1143 2632 1349 2690; x_wconf 80' lang='lat' dir='ltr'>referre</span> <span class='ocrx_word' id='word_1_239' title='bbox 1389 2643 1445 2689; x_wconf 92' lang='lat' dir='ltr'>et</span> <span class='ocrx_word' id='word_1_240' title='bbox 1482 2633 1746 2704; x_wconf 78' lang='lat' dir='ltr'>refutare,</span> <span class='ocrx_word' id='word_1_241' title='bbox 1784 2634 1872 2691; x_wconf 84' lang='lat' dir='ltr'>vel</span> <span class='ocrx_word' id='word_1_242' title='bbox 1908 2633 2034 2690; x_wconf 89' lang='lat' dir='ltr'>ideo</span> <span class='ocrx_word' id='word_1_243' title='bbox 2076 2651 2189 2690; x_wconf 90' lang='lat' dir='ltr'>non</span> <span class='ocrx_word' id='word_1_244' title='bbox 2230 2643 2315 2691; x_wconf 90' lang='lat' dir='ltr'>est</span> <span class='ocrx_word' id='word_1_245' title='bbox 2346 2639 2735 2702; x_wconf 87' lang='lat' dir='ltr'>necessarium,</span> 
     </span>
     <span class='ocr_line' id='line_1_26' title="bbox 198 2719 2741 2794; baseline 0.001 -18"><span class='ocrx_word' id='word_1_246' title='bbox 198 2719 324 2793; x_wconf 83' lang='lat' dir='ltr'>quia</span> <span class='ocrx_word' id='word_1_247' title='bbox 355 2728 480 2776; x_wconf 86' lang='lat' dir='ltr'>tam</span> <span class='ocrx_word' id='word_1_248' title='bbox 510 2719 686 2775; x_wconf 80' lang='lat' dir='ltr'>futilia</span> <span class='ocrx_word' id='word_1_249' title='bbox 713 2728 872 2790; x_wconf 85' lang='lat' dir='ltr'>sunt,</span> <span class='ocrx_word' id='word_1_250' title='bbox 903 2730 965 2776; x_wconf 90' lang='lat' dir='ltr'>ut</span> <span class='ocrx_word' id='word_1_251' title='bbox 991 2737 1062 2778; x_wconf 90' lang='lat' dir='ltr'>ne</span> <span class='ocrx_word' id='word_1_252' title='bbox 1089 2720 1279 2778; x_wconf 87' lang='lat' dir='ltr'>amicis</span> <span class='ocrx_word' id='word_1_253' title='bbox 1309 2721 1536 2794; x_wconf 90' lang='lat' dir='ltr'>quidem</span> <span class='ocrx_word' id='word_1_254' title='bbox 1562 2722 1675 2778; x_wconf 89' lang='lat' dir='ltr'>suis</span> <span class='ocrx_word' id='word_1_255' title='bbox 1703 2737 1767 2778; x_wconf 86' lang='lat' dir='ltr'>ea</span> <span class='ocrx_word' id='word_1_256' title='bbox 1795 2721 2099 2794; x_wconf 87' lang='lat' dir='ltr'>probabilia</span> <span class='ocrx_word' id='word_1_257' title='bbox 2126 2721 2495 2790; x_wconf 89' lang='lat' dir='ltr'>reddiderint;</span> <span class='ocrx_word' id='word_1_258' title='bbox 2529 2723 2599 2779; x_wconf 90' lang='lat' dir='ltr'>de</span> <span class='ocrx_word' id='word_1_259' title='bbox 2632 2725 2741 2794; x_wconf 83' lang='lat' dir='ltr'>illis</span> 
     </span>
     <span class='ocr_line' id='line_1_27' title="bbox 195 2808 2739 2882; baseline 0.002 -19"><span class='ocrx_word' id='word_1_260' title='bbox 195 2808 367 2882; x_wconf 84' lang='lat' dir='ltr'>igitur</span> <span class='ocrx_word' id='word_1_261' title='bbox 406 2809 700 2880; x_wconf 87' lang='lat' dir='ltr'>praecipue</span> <span class='ocrx_word' id='word_1_262' title='bbox 726 2808 996 2882; x_wconf 89' lang='lat' dir='ltr'>pericopis</span> <span class='ocrx_word' id='word_1_263' title='bbox 1031 2824 1286 2882; x_wconf 82' lang='lat' dir='ltr'>agemus,</span> <span class='ocrx_word' id='word_1_264' title='bbox 1319 2825 1459 2882; x_wconf 90' lang='lat' dir='ltr'>quae</span> <span class='ocrx_word' id='word_1_265' title='bbox 1489 2825 1520 2866; x_wconf 89' lang='lat' dir='ltr'>a</span> <span class='ocrx_word' id='word_1_266' title='bbox 1548 2809 1759 2866; x_wconf 89' lang='lat' dir='ltr'>maiore</span> <span class='ocrx_word' id='word_1_267' title='bbox 1794 2811 2263 2866; x_wconf 85' lang='lat' dir='ltr'>rationalistarum</span> <span class='ocrx_word' id='word_1_268' title='bbox 2304 2827 2537 2866; x_wconf 88' lang='lat' dir='ltr'>numero</span> <span class='ocrx_word' id='word_1_269' title='bbox 2568 2813 2739 2868; x_wconf 86' lang='lat' dir='ltr'>isaiae</span> 
     </span>
     <span class='ocr_line' id='line_1_28' title="bbox 197 2895 2735 2970; baseline 0.002 -18"><span class='ocrx_word' id='word_1_270' title='bbox 197 2895 609 2966; x_wconf 82' lang='lat' dir='ltr'>abiudicantur‚</span> <span class='ocrx_word' id='word_1_271' title='bbox 631 2897 670 2952; x_wconf 88' lang='lat' dir='ltr'>i.</span> <span class='ocrx_word' id='word_1_272' title='bbox 703 2913 754 2952; x_wconf 91' lang='lat' dir='ltr'>e.</span> <span class='ocrx_word' id='word_1_273' title='bbox 785 2895 857 2953; x_wconf 93' lang='lat' dir='ltr'>de</span> <span class='ocrx_word' id='word_1_274' title='bbox 879 2896 1124 2954; x_wconf 89' lang='lat' dir='ltr'>secunda</span> <span class='ocrx_word' id='word_1_275' title='bbox 1149 2897 1274 2954; x_wconf 88' lang='lat' dir='ltr'>libri</span> <span class='ocrx_word' id='word_1_276' title='bbox 1300 2906 1458 2970; x_wconf 82' lang='lat' dir='ltr'>parte</span> <span class='ocrx_word' id='word_1_277' title='bbox 1483 2899 1733 2970; x_wconf 61' lang='lat' dir='ltr'>(cam-66.)</span> <span class='ocrx_word' id='word_1_278' title='bbox 1754 2902 1811 2955; x_wconf 89' lang='lat' dir='ltr'>et</span> <span class='ocrx_word' id='word_1_279' title='bbox 1833 2898 1903 2954; x_wconf 87' lang='lat' dir='ltr'>de</span> <span class='ocrx_word' id='word_1_280' title='bbox 1934 2899 2129 2969; x_wconf 88' lang='lat' dir='ltr'>prioris</span> <span class='ocrx_word' id='word_1_281' title='bbox 2157 2899 2326 2970; x_wconf 89' lang='lat' dir='ltr'>partis</span> <span class='ocrx_word' id='word_1_282' title='bbox 2350 2914 2477 2970; x_wconf 90' lang='lat' dir='ltr'>cpp.</span> <span class='ocrx_word' id='word_1_283' title='bbox 2506 2905 2587 2954; x_wconf 77' lang='lat'>13.</span> <span class='ocrx_word' id='word_1_284' title='bbox 2616 2905 2735 2968; x_wconf 78' lang='grc'>14.;</span> 
     </span>
     <span class='ocr_line' id='line_1_29' title="bbox 198 2985 2708 3060; baseline 0.002 -22"><span class='ocrx_word' id='word_1_285' title='bbox 198 2990 455 3053; x_wconf 82' lang='lat'>21,1-10;</span> <span class='ocrx_word' id='word_1_286' title='bbox 485 2990 736 3054; x_wconf 80' lang='lat'>24.-27.;</span> <span class='ocrx_word' id='word_1_287' title='bbox 769 2991 984 3052; x_wconf 79' lang='lat'>34-35.;</span> <span class='ocrx_word' id='word_1_288' title='bbox 1017 2991 1224 3044; x_wconf 60' lang='lat' dir='ltr'>:ia-39.</span> <span class='ocrx_word' id='word_1_289' title='bbox 1255 2985 1512 3042; x_wconf 82' lang='lat' dir='ltr'>Ceterum</span> <span class='ocrx_word' id='word_1_290' title='bbox 1552 2995 1877 3059; x_wconf 85' lang='lat' dir='ltr'>argumenta</span> <span class='ocrx_word' id='word_1_291' title='bbox 1920 2986 2176 3058; x_wconf 84' lang='lat' dir='ltr'>positiva,</span> <span class='ocrx_word' id='word_1_292' title='bbox 2209 3003 2351 3060; x_wconf 88' lang='lat' dir='ltr'>quae</span> <span class='ocrx_word' id='word_1_293' title='bbox 2386 2988 2573 3042; x_wconf 87' lang='lat' dir='ltr'>statim</span> <span class='ocrx_word' id='word_1_294' title='bbox 2599 2987 2708 3044; x_wconf 82' lang='lat' dir='ltr'>affe</span> 
     </span>
     <span class='ocr_line' id='line_1_30' title="bbox 198 3070 1553 3146; baseline 0 -18"><span class='ocrx_word' id='word_1_295' title='bbox 198 3089 421 3143; x_wconf 72' lang='lat' dir='ltr'>remus»,</span> <span class='ocrx_word' id='word_1_296' title='bbox 451 3070 652 3146; x_wconf 88' lang='lat' dir='ltr'>integri</span> <span class='ocrx_word' id='word_1_297' title='bbox 674 3074 855 3144; x_wconf 88' lang='lat' dir='ltr'>operis</span> <span class='ocrx_word' id='word_1_298' title='bbox 882 3073 1226 3130; x_wconf 86' lang='lat' dir='ltr'>authentiam</span> <span class='ocrx_word' id='word_1_299' title='bbox 1255 3074 1553 3130; x_wconf 83' lang='lat' dir='ltr'>vindicant.</span> 
     </span>
    </p>

    <p class='ocr_par' dir='ltr' id='par_1_6' title="bbox 200 3155 2742 3673">
     <span class='ocr_line' id='line_1_31' title="bbox 269 3155 2741 3235; baseline 0.002 -19"><span class='ocrx_word' id='word_1_300' title='bbox 269 3162 398 3217; x_wconf 89' lang='lat' dir='ltr'>Iam</span> <span class='ocrx_word' id='word_1_301' title='bbox 424 3159 500 3216; x_wconf 89' lang='lat' dir='ltr'>ad</span> <span class='ocrx_word' id='word_1_302' title='bbox 527 3159 864 3217; x_wconf 87' lang='lat' dir='ltr'>obiectiones</span> <span class='ocrx_word' id='word_1_303' title='bbox 879 3161 1306 3218; x_wconf 85' lang='lat' dir='ltr'>rationalisticas</span> <span class='ocrx_word' id='word_1_304' title='bbox 1329 3161 1480 3233; x_wconf 92' lang='lat' dir='ltr'>quod</span> <span class='ocrx_word' id='word_1_305' title='bbox 1507 3163 1724 3231; x_wconf 88' lang='lat' dir='ltr'>attinet,</span> <span class='ocrx_word' id='word_1_306' title='bbox 1756 3163 1950 3235; x_wconf 89' lang='lat' dir='ltr'>procul</span> <span class='ocrx_word' id='word_1_307' title='bbox 1978 3163 2145 3220; x_wconf 88' lang='lat' dir='ltr'>dubio</span> <span class='ocrx_word' id='word_1_308' title='bbox 2176 3179 2367 3220; x_wconf 87' lang='lat' dir='ltr'>verum</span> <span class='ocrx_word' id='word_1_309' title='bbox 2397 3173 2505 3232; x_wconf 88' lang='lat' dir='ltr'>est,</span> <span class='ocrx_word' id='word_1_310' title='bbox 2543 3155 2741 3221; x_wconf 69' lang='lat' dir='ltr'>ISaiam</span> 
     </span>
     <span class='ocr_line' id='line_1_32' title="bbox 200 3248 2741 3324; baseline 0.002 -20"><span class='ocrx_word' id='word_1_311' title='bbox 200 3248 448 3305; x_wconf 83' lang='lat' dir='ltr'>naturali</span> <span class='ocrx_word' id='word_1_312' title='bbox 486 3249 782 3321; x_wconf 87' lang='lat' dir='ltr'>sagacitate</span> <span class='ocrx_word' id='word_1_313' title='bbox 821 3265 924 3305; x_wconf 86' lang='lat' dir='ltr'>nec</span> <span class='ocrx_word' id='word_1_314' title='bbox 965 3249 1215 3306; x_wconf 87' lang='lat' dir='ltr'>exsilium</span> <span class='ocrx_word' id='word_1_315' title='bbox 1255 3249 1649 3324; x_wconf 84' lang='lat' dir='ltr'>babylonicum</span> <span class='ocrx_word' id='word_1_316' title='bbox 1690 3268 1792 3307; x_wconf 87' lang='lat' dir='ltr'>neo</span> <span class='ocrx_word' id='word_1_317' title='bbox 1836 3251 2080 3308; x_wconf 87' lang='lat' dir='ltr'>reditum</span> <span class='ocrx_word' id='word_1_318' title='bbox 2123 3252 2373 3308; x_wconf 89' lang='lat' dir='ltr'>exsulum</span> <span class='ocrx_word' id='word_1_319' title='bbox 2419 3253 2741 3324; x_wconf 83' lang='lat' dir='ltr'>praevidere</span> 
     </span>
     <span class='ocr_line' id='line_1_33' title="bbox 201 3336 2737 3411; baseline 0.003 -20"><span class='ocrx_word' id='word_1_320' title='bbox 201 3337 478 3407; x_wconf 77' lang='lat' dir='ltr'>potuisse3</span> <span class='ocrx_word' id='word_1_321' title='bbox 507 3343 568 3392; x_wconf 91' lang='lat' dir='ltr'>at</span> <span class='ocrx_word' id='word_1_322' title='bbox 596 3337 880 3408; x_wconf 86' lang='lat' dir='ltr'>hucusque</span> <span class='ocrx_word' id='word_1_323' title='bbox 915 3336 1290 3394; x_wconf 84' lang='lat' dir='ltr'>rationalistae</span> <span class='ocrx_word' id='word_1_324' title='bbox 1325 3338 1577 3394; x_wconf 88' lang='lat' dir='ltr'>nondum</span> <span class='ocrx_word' id='word_1_325' title='bbox 1604 3337 2154 3407; x_wconf 87' lang='lat' dir='ltr'>demonstraverunt,</span> <span class='ocrx_word' id='word_1_326' title='bbox 2181 3341 2508 3396; x_wconf 88' lang='lat' dir='ltr'>omniscium</span> <span class='ocrx_word' id='word_1_327' title='bbox 2536 3343 2737 3411; x_wconf 92' lang='lat' dir='ltr'>Deum,</span> 
     </span>
     <span class='ocr_line' id='line_1_34' title="bbox 201 3425 2742 3501; baseline 0.003 -22"><span class='ocrx_word' id='word_1_328' title='bbox 201 3425 296 3496; x_wconf 82' lang='lat' dir='ltr'>qui</span> <span class='ocrx_word' id='word_1_329' title='bbox 311 3425 686 3480; x_wconf 85' lang='lat' dir='ltr'>remotissima</span> <span class='ocrx_word' id='word_1_330' title='bbox 705 3439 818 3480; x_wconf 91' lang='lat' dir='ltr'>non</span> <span class='ocrx_word' id='word_1_331' title='bbox 839 3425 1024 3481; x_wconf 88' lang='lat' dir='ltr'>minus</span> <span class='ocrx_word' id='word_1_332' title='bbox 1041 3442 1211 3498; x_wconf 88' lang='lat' dir='ltr'>quam</span> <span class='ocrx_word' id='word_1_333' title='bbox 1230 3426 1410 3482; x_wconf 86' lang='lat' dir='ltr'>vicina</span> <span class='ocrx_word' id='word_1_334' title='bbox 1438 3435 1605 3498; x_wconf 87' lang='lat' dir='ltr'>atque</span> <span class='ocrx_word' id='word_1_335' title='bbox 1633 3427 1889 3498; x_wconf 89' lang='lat' dir='ltr'>specialia</span> <span class='ocrx_word' id='word_1_336' title='bbox 1918 3443 2031 3484; x_wconf 91' lang='lat' dir='ltr'>non</span> <span class='ocrx_word' id='word_1_337' title='bbox 2060 3428 2245 3484; x_wconf 88' lang='lat' dir='ltr'>minus</span> <span class='ocrx_word' id='word_1_338' title='bbox 2268 3444 2436 3501; x_wconf 88' lang='lat' dir='ltr'>quam</span> <span class='ocrx_word' id='word_1_339' title='bbox 2468 3431 2742 3501; x_wconf 87' lang='lat' dir='ltr'>generalia</span> 
     </span>
     <span class='ocr_line' id='line_1_35' title="bbox 203 3511 2741 3590; baseline 0.003 -23"><span class='ocrx_word' id='word_1_340' title='bbox 203 3512 498 3584; x_wconf 87' lang='lat' dir='ltr'>perspicit,</span> <span class='ocrx_word' id='word_1_341' title='bbox 527 3512 666 3568; x_wconf 88' lang='lat' dir='ltr'>haec</span> <span class='ocrx_word' id='word_1_342' title='bbox 691 3511 978 3584; x_wconf 85' lang='lat' dir='ltr'>prophetis</span> <span class='ocrx_word' id='word_1_343' title='bbox 1003 3529 1117 3570; x_wconf 91' lang='lat' dir='ltr'>non</span> <span class='ocrx_word' id='word_1_344' title='bbox 1142 3515 1436 3570; x_wconf 84' lang='lat' dir='ltr'>revelasse.</span> <span class='ocrx_word' id='word_1_345' title='bbox 1468 3515 1617 3570; x_wconf 85' lang='lat' dir='ltr'>Num</span> <span class='ocrx_word' id='word_1_346' title='bbox 1642 3513 1880 3570; x_wconf 90' lang='lat' dir='ltr'>hominis</span> <span class='ocrx_word' id='word_1_347' title='bbox 1908 3524 1991 3572; x_wconf 87' lang='lat' dir='ltr'>est</span> <span class='ocrx_word' id='word_1_348' title='bbox 2019 3515 2395 3587; x_wconf 86' lang='lat' dir='ltr'>praescribere</span> <span class='ocrx_word' id='word_1_349' title='bbox 2418 3517 2569 3588; x_wconf 90' lang='lat' dir='ltr'>Deo,</span> <span class='ocrx_word' id='word_1_350' title='bbox 2601 3534 2741 3590; x_wconf 89' lang='lat' dir='ltr'>quae</span> 
     </span>
     <span class='ocr_line' id='line_1_36' title="bbox 204 3600 1925 3673; baseline 0.002 -18"><span class='ocrx_word' id='word_1_351' title='bbox 204 3609 257 3655; x_wconf 86' lang='lat' dir='ltr'>et</span> <span class='ocrx_word' id='word_1_352' title='bbox 283 3616 395 3672; x_wconf 87' lang='lat' dir='ltr'>qua</span> <span class='ocrx_word' id='word_1_353' title='bbox 423 3601 642 3657; x_wconf 87' lang='lat' dir='ltr'>ratione</span> <span class='ocrx_word' id='word_1_354' title='bbox 669 3609 726 3658; x_wconf 88' lang='lat' dir='ltr'>et</span> <span class='ocrx_word' id='word_1_355' title='bbox 747 3617 857 3672; x_wconf 88' lang='lat' dir='ltr'>quo</span> <span class='ocrx_word' id='word_1_356' title='bbox 883 3600 1077 3657; x_wconf 86' lang='lat' dir='ltr'>ordine</span> <span class='ocrx_word' id='word_1_357' title='bbox 1105 3601 1390 3673; x_wconf 89' lang='lat' dir='ltr'>prophetis</span> <span class='ocrx_word' id='word_1_358' title='bbox 1419 3602 1603 3658; x_wconf 69' lang='lat' dir='ltr'>Futura</span> <span class='ocrx_word' id='word_1_359' title='bbox 1628 3602 1925 3658; x_wconf 80' lang='lat' dir='ltr'>ostendat?</span> 
     </span>
    </p>

    <p class='ocr_par' dir='ltr' id='par_1_7' title="bbox 201 3688 2738 4732">
     <span class='ocr_line' id='line_1_37' title="bbox 273 3688 2737 3763; baseline 0.003 -19"><span class='ocrx_word' id='word_1_360' title='bbox 273 3688 532 3744; x_wconf 85' lang='lat' dir='ltr'>Alterum</span> <span class='ocrx_word' id='word_1_361' title='bbox 575 3697 963 3760; x_wconf 85' lang='lat' dir='ltr'>argumentum</span> <span class='ocrx_word' id='word_1_362' title='bbox 1008 3691 1320 3746; x_wconf 89' lang='lat' dir='ltr'>ornamenti</span> <span class='ocrx_word' id='word_1_363' title='bbox 1363 3691 1540 3763; x_wconf 88' lang='lat' dir='ltr'>gratia</span> <span class='ocrx_word' id='word_1_364' title='bbox 1584 3690 1765 3762; x_wconf 87' lang='lat' dir='ltr'>potius</span> <span class='ocrx_word' id='word_1_365' title='bbox 1814 3689 2051 3759; x_wconf 80' lang='lat' dir='ltr'>addunt,</span> <span class='ocrx_word' id='word_1_366' title='bbox 2097 3701 2159 3748; x_wconf 92' lang='lat' dir='ltr'>ut</span> <span class='ocrx_word' id='word_1_367' title='bbox 2204 3693 2593 3750; x_wconf 86' lang='lat' dir='ltr'>rationalistica</span> <span class='ocrx_word' id='word_1_368' title='bbox 2640 3711 2737 3751; x_wconf 84' lang='lat' dir='ltr'>sua</span> 
     </span>
     <span class='ocr_line' id='line_1_38' title="bbox 209 3775 2737 3854; baseline 0.003 -23"><span class='ocrx_word' id='word_1_369' title='bbox 209 3775 474 3849; x_wconf 78' lang='lat' dir='ltr'>principia</span> <span class='ocrx_word' id='word_1_370' title='bbox 512 3785 722 3850; x_wconf 88' lang='lat' dir='ltr'>tegant.</span> <span class='ocrx_word' id='word_1_371' title='bbox 759 3777 874 3834; x_wconf 89' lang='lat' dir='ltr'>Nec</span> <span class='ocrx_word' id='word_1_372' title='bbox 909 3778 1095 3834; x_wconf 91' lang='lat' dir='ltr'>minus</span> <span class='ocrx_word' id='word_1_373' title='bbox 1135 3793 1332 3850; x_wconf 88' lang='lat' dir='ltr'>puram</span> <span class='ocrx_word' id='word_1_374' title='bbox 1370 3795 1488 3834; x_wconf 88' lang='lat' dir='ltr'>esse</span> <span class='ocrx_word' id='word_1_375' title='bbox 1532 3779 1780 3852; x_wconf 88' lang='lat' dir='ltr'>linguam</span> <span class='ocrx_word' id='word_1_376' title='bbox 1820 3795 1924 3836; x_wconf 88' lang='lat' dir='ltr'>nec</span> <span class='ocrx_word' id='word_1_377' title='bbox 1968 3780 2151 3834; x_wconf 91' lang='lat' dir='ltr'>minus</span> <span class='ocrx_word' id='word_1_378' title='bbox 2197 3781 2493 3852; x_wconf 89' lang='lat' dir='ltr'>pulchrum</span> <span class='ocrx_word' id='word_1_379' title='bbox 2536 3783 2737 3854; x_wconf 81' lang='lat' dir='ltr'>stylum</span> 
     </span>
     <span class='ocr_line' id='line_1_39' title="bbox 203 3863 2738 3943; baseline 0.003 -23"><span class='ocrx_word' id='word_1_380' title='bbox 203 3863 538 3921; x_wconf 82' lang='lat' dir='ltr'>reiectamm</span> <span class='ocrx_word' id='word_1_381' title='bbox 566 3866 834 3936; x_wconf 88' lang='lat' dir='ltr'>partium,</span> <span class='ocrx_word' id='word_1_382' title='bbox 861 3882 1030 3938; x_wconf 90' lang='lat' dir='ltr'>quam</span> <span class='ocrx_word' id='word_1_383' title='bbox 1051 3873 1390 3924; x_wconf 84' lang='lat' dir='ltr'>retentarum</span> <span class='ocrx_word' id='word_1_384' title='bbox 1405 3909 1418 3936; x_wconf 92' lang='lat'>‚</span> <span class='ocrx_word' id='word_1_385' title='bbox 1445 3867 1551 3938; x_wconf 90' lang='lat' dir='ltr'>ipsi</span> <span class='ocrx_word' id='word_1_386' title='bbox 1577 3865 1839 3936; x_wconf 81' lang='lat' dir='ltr'>fatentur,</span> <span class='ocrx_word' id='word_1_387' title='bbox 1868 3865 1966 3922; x_wconf 90' lang='lat' dir='ltr'>sed</span> <span class='ocrx_word' id='word_1_388' title='bbox 1992 3866 2295 3924; x_wconf 85' lang='lat' dir='ltr'>faciliorem</span> <span class='ocrx_word' id='word_1_389' title='bbox 2318 3870 2738 3943; x_wconf 88' lang='lat' dir='ltr'>politioremque</span> 
     </span>
     <span class='ocr_line' id='line_1_40' title="bbox 201 3952 2733 4030; baseline 0.002 -22"><span class='ocrx_word' id='word_1_390' title='bbox 201 3967 526 4010; x_wconf 85' lang='lat' dir='ltr'>sermonem</span> <span class='ocrx_word' id='word_1_391' title='bbox 564 3952 838 4011; x_wconf 87' lang='lat' dir='ltr'>secundae</span> <span class='ocrx_word' id='word_1_392' title='bbox 885 3955 1054 4025; x_wconf 87' lang='lat' dir='ltr'>partis</span> <span class='ocrx_word' id='word_1_393' title='bbox 1100 3970 1220 4011; x_wconf 87' lang='lat' dir='ltr'>esse</span> <span class='ocrx_word' id='word_1_394' title='bbox 1261 3965 1488 4011; x_wconf 90' lang='lat' dir='ltr'>censent</span> <span class='ocrx_word' id='word_1_395' title='bbox 1527 3955 1803 4027; x_wconf 85' lang='lat' dir='ltr'>simulque</span> <span class='ocrx_word' id='word_1_396' title='bbox 1840 3954 2182 4012; x_wconf 80' lang='lat' dir='ltr'>diffusiorem</span> <span class='ocrx_word' id='word_1_397' title='bbox 2220 3957 2733 4030; x_wconf 88' lang='lat' dir='ltr'>verbosioremque;</span> 
     </span>
     <span class='ocr_line' id='line_1_41' title="bbox 209 4040 2735 4116; baseline 0.003 -20"><span class='ocrx_word' id='word_1_398' title='bbox 209 4040 318 4096; x_wconf 83' lang='lat' dir='ltr'>suis</span> <span class='ocrx_word' id='word_1_399' title='bbox 343 4055 568 4114; x_wconf 86' lang='lat' dir='ltr'>quoque</span> <span class='ocrx_word' id='word_1_400' title='bbox 594 4042 1022 4113; x_wconf 86' lang='lat' dir='ltr'>proprietatibus</span> <span class='ocrx_word' id='word_1_401' title='bbox 1043 4042 1290 4116; x_wconf 88' lang='lat' dir='ltr'>linguam</span> <span class='ocrx_word' id='word_1_402' title='bbox 1319 4043 1516 4115; x_wconf 82' lang='lat' dir='ltr'>prioris</span> <span class='ocrx_word' id='word_1_403' title='bbox 1543 4043 1613 4099; x_wconf 89' lang='lat' dir='ltr'>ab</span> <span class='ocrx_word' id='word_1_404' title='bbox 1642 4044 1815 4100; x_wconf 88' lang='lat' dir='ltr'>altera</span> <span class='ocrx_word' id='word_1_405' title='bbox 1840 4052 1997 4115; x_wconf 88' lang='lat' dir='ltr'>parte</span> <span class='ocrx_word' id='word_1_406' title='bbox 2026 4042 2304 4116; x_wconf 87' lang='lat' dir='ltr'>distingui.</span> <span class='ocrx_word' id='word_1_407' title='bbox 2334 4047 2408 4100; x_wconf 81' lang='lat' dir='ltr'>At</span> <span class='ocrx_word' id='word_1_408' title='bbox 2439 4044 2735 4104; x_wconf 85' lang='lat' dir='ltr'>adversarii</span> 
     </span>
     <span class='ocr_line' id='line_1_42' title="bbox 207 4127 2735 4204; baseline 0.003 -20"><span class='ocrx_word' id='word_1_409' title='bbox 207 4128 380 4184; x_wconf 83' lang='lat' dir='ltr'>nostri</span> <span class='ocrx_word' id='word_1_410' title='bbox 415 4143 534 4184; x_wconf 89' lang='lat' dir='ltr'>non</span> <span class='ocrx_word' id='word_1_411' title='bbox 577 4127 897 4200; x_wconf 85' lang='lat' dir='ltr'>attendunt,</span> <span class='ocrx_word' id='word_1_412' title='bbox 944 4130 1145 4185; x_wconf 90' lang='lat' dir='ltr'>Isaiam</span> <span class='ocrx_word' id='word_1_413' title='bbox 1189 4131 1314 4201; x_wconf 89' lang='lat' dir='ltr'>plus</span> <span class='ocrx_word' id='word_1_414' title='bbox 1350 4132 1747 4204; x_wconf 85' lang='lat' dir='ltr'>quinquaginta</span> <span class='ocrx_word' id='word_1_415' title='bbox 1785 4131 1944 4188; x_wconf 89' lang='lat' dir='ltr'>annis</span> <span class='ocrx_word' id='word_1_416' title='bbox 1978 4147 2209 4187; x_wconf 86' lang='lat' dir='ltr'>munere</span> <span class='ocrx_word' id='word_1_417' title='bbox 2246 4133 2570 4204; x_wconf 90' lang='lat' dir='ltr'>prophetico</span> <span class='ocrx_word' id='word_1_418' title='bbox 2618 4149 2735 4192; x_wconf 89' lang='lat' dir='ltr'>esse</span> 
     </span>
     <span class='ocr_line' id='line_1_43' title="bbox 207 4214 2729 4294; baseline 0.002 -23"><span class='ocrx_word' id='word_1_419' title='bbox 207 4214 480 4286; x_wconf 75' lang='lat' dir='ltr'>stinctum,</span> <span class='ocrx_word' id='word_1_420' title='bbox 500 4232 683 4289; x_wconf 87' lang='lat' dir='ltr'>neque</span> <span class='ocrx_word' id='word_1_421' title='bbox 709 4215 988 4290; x_wconf 85' lang='lat' dir='ltr'>integrum</span> <span class='ocrx_word' id='word_1_422' title='bbox 1015 4217 1218 4273; x_wconf 87' lang='lat' dir='ltr'>librum</span> <span class='ocrx_word' id='word_1_423' title='bbox 1243 4233 1356 4274; x_wconf 89' lang='lat' dir='ltr'>uno</span> <span class='ocrx_word' id='word_1_424' title='bbox 1383 4226 1577 4274; x_wconf 89' lang='lat' dir='ltr'>tenore</span> <span class='ocrx_word' id='word_1_425' title='bbox 1606 4219 1996 4291; x_wconf 88' lang='lat' dir='ltr'>conscripsisse</span> <span class='ocrx_word' id='word_1_426' title='bbox 2024 4218 2119 4275; x_wconf 90' lang='lat' dir='ltr'>sed</span> <span class='ocrx_word' id='word_1_427' title='bbox 2149 4235 2216 4275; x_wconf 86' lang='lat' dir='ltr'>ex</span> <span class='ocrx_word' id='word_1_428' title='bbox 2249 4221 2413 4276; x_wconf 86' lang='lat' dir='ltr'>variis</span> <span class='ocrx_word' id='word_1_429' title='bbox 2441 4221 2729 4294; x_wconf 88' lang='lat' dir='ltr'>pericopis,</span> 
     </span>
     <span class='ocr_line' id='line_1_44' title="bbox 209 4304 2731 4380; baseline 0.003 -20"><span class='ocrx_word' id='word_1_430' title='bbox 209 4319 344 4375; x_wconf 87' lang='lat' dir='ltr'>quas</span> <span class='ocrx_word' id='word_1_431' title='bbox 369 4313 533 4360; x_wconf 89' lang='lat' dir='ltr'>antea</span> <span class='ocrx_word' id='word_1_432' title='bbox 561 4305 671 4360; x_wconf 89' lang='lat' dir='ltr'>iam</span> <span class='ocrx_word' id='word_1_433' title='bbox 692 4304 865 4361; x_wconf 90' lang='lat' dir='ltr'>literis</span> <span class='ocrx_word' id='word_1_434' title='bbox 892 4305 1276 4374; x_wconf 85' lang='lat' dir='ltr'>mandaverat,</span> <span class='ocrx_word' id='word_1_435' title='bbox 1312 4322 1502 4364; x_wconf 82' lang='lat' dir='ltr'>versus</span> <span class='ocrx_word' id='word_1_436' title='bbox 1535 4309 1701 4363; x_wconf 82' lang='lat' dir='ltr'>finem</span> <span class='ocrx_word' id='word_1_437' title='bbox 1732 4309 1873 4363; x_wconf 87' lang='lat' dir='ltr'>vitae</span> <span class='ocrx_word' id='word_1_438' title='bbox 1898 4308 2268 4378; x_wconf 90' lang='lat' dir='ltr'>composuisse</span> <span class='ocrx_word' id='word_1_439' title='bbox 2292 4307 2465 4380; x_wconf 90' lang='lat' dir='ltr'>iisque</span> <span class='ocrx_word' id='word_1_440' title='bbox 2502 4310 2731 4367; x_wconf 86' lang='lat' dir='ltr'>alteram</span> 
     </span>
     <span class='ocr_line' id='line_1_45' title="bbox 211 4391 2733 4471; baseline 0.004 -23"><span class='ocrx_word' id='word_1_441' title='bbox 211 4403 421 4460; x_wconf 88' lang='lat' dir='ltr'>partem</span> <span class='ocrx_word' id='word_1_442' title='bbox 449 4391 742 4449; x_wconf 88' lang='lat' dir='ltr'>addidisse.</span> <span class='ocrx_word' id='word_1_443' title='bbox 765 4391 1010 4449; x_wconf 87' lang='lat' dir='ltr'>Ubinam</span> <span class='ocrx_word' id='word_1_444' title='bbox 1038 4403 1224 4451; x_wconf 88' lang='lat' dir='ltr'>autem</span> <span class='ocrx_word' id='word_1_445' title='bbox 1250 4395 1526 4451; x_wconf 88' lang='lat' dir='ltr'>invenitur</span> <span class='ocrx_word' id='word_1_446' title='bbox 1551 4396 1802 4467; x_wconf 89' lang='lat' dir='ltr'>scriptor,</span> <span class='ocrx_word' id='word_1_447' title='bbox 1828 4395 1920 4466; x_wconf 91' lang='lat' dir='ltr'>qui</span> <span class='ocrx_word' id='word_1_448' title='bbox 1948 4411 2046 4467; x_wconf 83' lang='lat' dir='ltr'>per</span> <span class='ocrx_word' id='word_1_449' title='bbox 2068 4396 2289 4468; x_wconf 85' lang='lat' dir='ltr'>longam</span> <span class='ocrx_word' id='word_1_450' title='bbox 2318 4399 2486 4454; x_wconf 84' lang='lat' dir='ltr'>vitam</span> <span class='ocrx_word' id='word_1_451' title='bbox 2515 4413 2733 4471; x_wconf 89' lang='lat' dir='ltr'>semper</span> 
     </span>
     <span class='ocr_line' id='line_1_46' title="bbox 209 4479 2730 4555; baseline 0.004 -22"><span class='ocrx_word' id='word_1_452' title='bbox 209 4479 402 4536; x_wconf 90' lang='lat' dir='ltr'>eodem</span> <span class='ocrx_word' id='word_1_453' title='bbox 439 4479 592 4553; x_wconf 74' lang='lat' dir='ltr'>stylo</span> <span class='ocrx_word' id='word_1_454' title='bbox 626 4485 849 4536; x_wconf 85' lang='lat' dir='ltr'>utatur?</span> <span class='ocrx_word' id='word_1_455' title='bbox 877 4483 1071 4553; x_wconf 89' lang='lat' dir='ltr'>Neque</span> <span class='ocrx_word' id='word_1_456' title='bbox 1109 4482 1428 4548; x_wconf 90' lang='lat' dir='ltr'>attendunt,</span> <span class='ocrx_word' id='word_1_457' title='bbox 1470 4483 1669 4555; x_wconf 89' lang='lat' dir='ltr'>prioris</span> <span class='ocrx_word' id='word_1_458' title='bbox 1711 4483 1877 4553; x_wconf 89' lang='lat' dir='ltr'>partis</span> <span class='ocrx_word' id='word_1_459' title='bbox 1924 4483 2215 4539; x_wconf 88' lang='lat' dir='ltr'>conciones</span> <span class='ocrx_word' id='word_1_460' title='bbox 2254 4484 2322 4540; x_wconf 88' lang='lat' dir='ltr'>ab</span> <span class='ocrx_word' id='word_1_461' title='bbox 2363 4485 2501 4542; x_wconf 89' lang='lat' dir='ltr'>Isaia</span> <span class='ocrx_word' id='word_1_462' title='bbox 2542 4502 2730 4543; x_wconf 89' lang='lat' dir='ltr'>coram</span> 
     </span>
     <span class='ocr_line' id='line_1_47' title="bbox 207 4567 2729 4648; baseline 0.003 -24"><span class='ocrx_word' id='word_1_463' title='bbox 207 4569 409 4640; x_wconf 82' lang='lat' dir='ltr'>populo</span> <span class='ocrx_word' id='word_1_464' title='bbox 438 4585 557 4626; x_wconf 89' lang='lat' dir='ltr'>esse</span> <span class='ocrx_word' id='word_1_465' title='bbox 587 4567 802 4625; x_wconf 86' lang='lat' dir='ltr'>habitas</span> <span class='ocrx_word' id='word_1_466' title='bbox 826 4579 882 4625; x_wconf 89' lang='lat' dir='ltr'>et</span> <span class='ocrx_word' id='word_1_467' title='bbox 911 4568 1110 4626; x_wconf 91' lang='lat' dir='ltr'>deinde</span> <span class='ocrx_word' id='word_1_468' title='bbox 1139 4587 1330 4627; x_wconf 89' lang='lat' dir='ltr'>earum</span> <span class='ocrx_word' id='word_1_469' title='bbox 1354 4587 1628 4628; x_wconf 88' lang='lat' dir='ltr'>summam</span> <span class='ocrx_word' id='word_1_470' title='bbox 1658 4586 1774 4626; x_wconf 88' lang='lat' dir='ltr'>esse</span> <span class='ocrx_word' id='word_1_471' title='bbox 1802 4571 2092 4644; x_wconf 88' lang='lat' dir='ltr'>scriptam,</span> <span class='ocrx_word' id='word_1_472' title='bbox 2125 4571 2357 4630; x_wconf 88' lang='lat' dir='ltr'>alteram</span> <span class='ocrx_word' id='word_1_473' title='bbox 2386 4581 2574 4631; x_wconf 88' lang='lat' dir='ltr'>autem</span> <span class='ocrx_word' id='word_1_474' title='bbox 2601 4591 2729 4648; x_wconf 89' lang='lat' dir='ltr'>par-</span> 
     </span>
     <span class='ocr_line' id='line_1_48' title="bbox 207 4657 2730 4732; baseline 0.004 -23"><span class='ocrx_word' id='word_1_475' title='bbox 207 4661 318 4710; x_wconf 82' lang='lat' dir='ltr'>tem</span> <span class='ocrx_word' id='word_1_476' title='bbox 351 4673 462 4713; x_wconf 89' lang='lat' dir='ltr'>non</span> <span class='ocrx_word' id='word_1_477' title='bbox 489 4673 594 4730; x_wconf 92' lang='lat' dir='ltr'>pro</span> <span class='ocrx_word' id='word_1_478' title='bbox 631 4657 895 4714; x_wconf 88' lang='lat' dir='ltr'>concione</span> <span class='ocrx_word' id='word_1_479' title='bbox 925 4671 1042 4715; x_wconf 89' lang='lat' dir='ltr'>esse</span> <span class='ocrx_word' id='word_1_480' title='bbox 1069 4657 1293 4716; x_wconf 88' lang='lat' dir='ltr'>dictam.</span> <span class='ocrx_word' id='word_1_481' title='bbox 1325 4657 1639 4730; x_wconf 81' lang='lat' dir='ltr'>AddamuS,</span> <span class='ocrx_word' id='word_1_482' title='bbox 1673 4657 1956 4732; x_wconf 89' lang='lat' dir='ltr'>utriusque</span> <span class='ocrx_word' id='word_1_483' title='bbox 1986 4660 2153 4732; x_wconf 87' lang='lat' dir='ltr'>partis</span> <span class='ocrx_word' id='word_1_484' title='bbox 2192 4672 2583 4729; x_wconf 83' lang='lat' dir='ltr'>argumentum</span> <span class='ocrx_word' id='word_1_485' title='bbox 2611 4679 2730 4719; x_wconf 85' lang='lat' dir='ltr'>esse</span> 
     </span>
    </p>
   </div>
  </div>
 </body>
</html>
