3050 5184
640 292 1213 338 mrsnrnnurloms
1254 292 1634 337 cai-nomon:
1677 292 2044 337 eamearn.
2505 274 2617 331 145

106 422 335 493 competit
360 422 623 479 iudicium
648 440 827 497 neque
855 425 970 481 ulla
996 433 1175 496 potest
1202 425 1421 480 admitti
1447 424 1757 495 explicatio,
1791 439 1934 495 quae
1959 423 2044 477 vel
2075 421 2427 478 authenticae
2456 420 2618 476 huius

108 510 376 581 magisterii
398 512 835 581 interpretationi
861 512 945 567 vel
976 511 1307 583 apostolicae
1332 512 1617 571 traditioni
1640 528 1754 568 non
1777 512 1847 566 sit
1875 510 2197 567 conformis.
2230 510 2383 565 Sicut
2413 500 2619 579 pharus

108 607 289 663 portum
316 597 523 653 indicat
549 610 751 655 nautae
782 615 1025 672 eumque
1055 598 1317 671 impedit,
1345 615 1415 655 ne
1446 612 1648 655 navem
1675 614 1835 655 suam
1865 598 1922 653 in
1951 598 2208 667 scopulos
2231 597 2510 667 impellat,
2542 595 2614 649 ita

110 686 341 741 &telesiae
384 687 763 759 magisterium
802 687 1258 759 explicationibus
1295 696 1351 743 et
1376 688 1590 759 legibus
1627 687 1742 743 suis
1773 686 1932 742 nobis
1966 687 2110 741 viam
2148 684 2416 752 ostendit,
2448 699 2614 756 quam

106 782 253 827 tenere
275 771 569 837 debemus,
608 784 668 829 ut
696 775 769 830 ad
802 777 1102 846 genuinum
1130 791 1354 831 sensum
1381 776 1798 846 scripturarum
1827 774 2232 845 perveniamus
2277 774 2437 840 Illos,
2469 770 2612 843 apud

108 875 213 927 quos
232 870 309 915 est
337 861 639 932 apostolica
663 863 937 918 successio
962 872 1019 918 et
1044 862 1419 921 insolubilitas,
1455 884 1479 913 (ι
1506 863 1821 933 Scripturas
1847 861 2008 919 nobis
2031 860 2146 917 sine
2171 861 2414 932 periculo
2443 874 2614 930 expo-

108 962 205 1001 nere
228 968 287 1015 n,
312 958 503 1005 monet
529 949 643 1005 iam
670 952 728 1006 S.
754 953 1036 1007 Irenaeus
1067 951 1137 1020 (c.
1168 950 1321 1006 haer.
1357 952 1451 1005 IV.
1488 951 1666 1019 26,5);
1699 950 2038 1021 reliquorum
2071 951 2301 1005 Patrum
2331 946 2400 1003 de
2425 946 2529 1003 hac
2556 962 2616 1002 re

108 1033 373 1091 doctrinam
415 1037 807 1108 complectitur
850 1039 1197 1094 Vincentius
1240 1039 1472 1104 Le1·in.,
1504 1038 1730 1108 quando
1775 1058 1800 1088 α
1841 1054 2064 1093 necesse
2111 1052 2228 1091 esse
2274 1036 2350 1090 ait
2391 1042 2614 1106 propter

108 1130 249 1177 tantos
271 1132 387 1179 tam
419 1125 559 1180 varii
582 1126 786 1181 erroris
808 1126 1111 1195 anfractuS,
1138 1130 1205 1181 ut
1218 1126 1613 1199 propheticae
1633 1131 1688 1181 et
1713 1125 2084 1197 apostolicae
2109 1124 2614 1197 interpretationis

111 1209 235 1263 linea
257 1211 579 1267 secundum
610 1212 994 1269 ecclesiastici
1027 1220 1085 1269 et
1110 1212 1397 1269 catholici
1424 1229 1626 1268 sensus
1664 1228 1938 1269 normam
1967 1213 2280 1280 diriqatur
2318 1230 2360 1267 υ.
2405 1209 2616 1281 Quibus

108 1297 287 1353 Petrum
314 1300 559 1371 vestigiis
589 1301 847 1357 insistens
878 1301 1205 1358 Concilium
1250 1301 1517 1358 Trident.
1551 1300 1824 1369 decrevit,
1863 1322 1890 1353 «t
1920 1309 1983 1355 ut
2007 1316 2174 1356 nemo
2209 1316 2340 1355 suae
2369 1296 2614 1369 pruden-

108 1382 185 1437 tiae
207 1386 413 1441 innixus
442 1388 499 1441 in
532 1388 697 1444 rebus
722 1388 849 1444 fidei
887 1397 943 1445 et
968 1404 1192 1445 morum
1229 1389 1302 1446 ad
1330 1388 1774 1445 aedificationem
1808 1388 2096 1444 doetrinae
2126 1388 2458 1443 christianae
2487 1400 2612 1458 per-

110 1471 353 1530 tinentium
380 1478 437 1531 S.
474 1475 815 1547 scripturam
846 1477 917 1532 ad
946 1492 1075 1533 suos
1102 1493 1296 1533 sensus
1324 1485 1698 1549 contorquens
1745 1486 1943 1533 contra
1993 1492 2120 1533 eum
2165 1491 2414 1543 sensum,
2448 1488 2612 1547 quem

110 1561 239 1614 tenuit
272 1570 326 1617 et
362 1572 522 1618 tenet
549 1566 605 1619 S.
636 1566 815 1619 Mater
852 1564 1122 1632 Ecclesia,
1150 1566 1305 1620 cuius
1340 1573 1424 1619 est
1449 1564 1695 1620 iudicare
1723 1563 1792 1619 de
1823 1580 1954 1620 vero
2003 1578 2168 1619 sensu
2197 1571 2254 1618 et
2279 1564 2612 1632 interpreta-

113 1647 219 1701 tione
256 1650 669 1721 Scripturarum
710 1660 1057 1719 sanctarum,
1090 1660 1187 1709 aut
1214 1654 1382 1708 etiam
1424 1660 1616 1707 contra
1660 1652 1980 1707 unanimem
2023 1666 2354 1707 eonsensum
2381 1652 2610 1704 Patrum

113 1733 241 1801 ipsam
274 1739 618 1809 scripturam
660 1754 875 1796 sacram
912 1740 1263 1811 interpretari
1309 1738 1509 1795 audeat
1553 1761 1576 1790 n
1613 1741 1776 1804 (Sess.
1823 1741 1917 1794 IV.
1965 1741 2128 1793 Decr.
2174 1737 2245 1793 de
2287 1736 2418 1792 edit.
2468 1750 2607 1790 sacr.

116 1820 235 1891 libiz).
272 1825 433 1893 Quod
473 1825 767 1883 decretum
798 1828 1134 1883 Concilium
1181 1829 1387 1883 Vatic.
1434 1827 1772 1882 confirmans
1812 1835 1867 1882 et
1894 1841 2194 1894 renovans,
2233 1844 2256 1876 ‹
2298 1825 2441 1880 hanc
2468 1823 2612 1878 illius

47 1984 49 1987 y
116 1920 306 1967 mentem
331 1928 451 1970 esse
492 1913 823 1983 declaravit,
854 1924 915 1970 ut
955 1915 1012 1971 in
1039 1915 1207 1971 rebus
1250 1914 1378 1971 fidei
1423 1930 1487 1970 ac
1518 1930 1741 1970 morum
1769 1913 1841 1970 ad
1870 1913 2306 1969 aedificationem
2332 1910 2612 1967 doctrinae

118 1995 389 2057 christianae
430 2002 858 2073 pertinentium,
898 2002 947 2057 is
982 2018 1083 2073 pro
1123 2018 1252 2058 vero
1294 2016 1459 2059 sensu
1504 2004 1561 2058 8.
1613 2002 1929 2072 scripturae
1971 2000 2258 2057 habendus
2304 2000 2401 2067 sit,
2447 2013 2609 2069 quem

118 2088 243 2141 tenuit
275 2098 327 2143 et
360 2098 521 2145 tenet
551 2091 605 2145 S.
637 2092 818 2145 Mater
847 2090 1119 2158 Ecclesia,
1154 2098 1320 2161 atque
1357 2090 1481 2144 ideo
1527 2090 1734 2147 nemini
1765 2089 1931 2145 licere
1959 2099 2152 2143 contra
2194 2087 2344 2143 hunc
2388 2101 2610 2141 sensum

120 2176 345 2231 autetiam
366 2186 565 2233 contra
593 2178 911 2233 unanimem
938 2192 1266 2235 consensum
1295 2179 1525 2233 Patrum
1549 2177 1726 2249 ipsam
1751 2176 1805 2231 S.
1833 2176 2178 2248 scripturam
2200 2174 2553 2245 interpretari
2582 2194 2606 2222 υ

120 2256 317 2317 :Consua
347 2263 417 2319 de
446 2264 591 2320 Fide
620 2265 768 2321 cath.
802 2280 853 2321 c.
880 2264 977 2336 2.).

170 2422 215 2477 4.
240 2454 311 2465 -
336 2424 425 2483 Ex
455 2424 772 2484 Ecclesiae
809 2428 1021 2485 autem
1062 2424 1336 2485 decretis
1375 2442 1489 2485 sua
1533 2428 1755 2501 sponte
1795 2423 1950 2485 haec
1989 2425 2193 2484 fluunt
2223 2425 2557 2501 praecepta
2589 2439 2603 2481 :

47 2594 49 2599 ³
173 2514 241 2593 a.)
280 2518 545 2580 Sensum
594 2520 861 2581 alicuius
906 2524 1117 2581 textus
1160 2521 1289 2580 sive
1340 2521 1636 2597 explicite
1691 2522 1818 2580 sive
1863 2520 2168 2597 implicite
2210 2520 2287 2579 ab
2331 2519 2611 2579 Ecclesia

121 2610 415 2677 authentice
446 2616 838 2677 declaratum
868 2616 1180 2695 interpres
1209 2618 1503 2695 amplecti
1535 2621 1599 2679 et
1622 2617 1784 2677 tueri
1815 2621 2085 2677 tenetur.

166 2724 463 2784 Anthentica
490 2728 645 2785 enim
666 2730 942 2785 Ecclesiae
967 2728 1267 2786 declaratio
1294 2731 1487 2801 procul
1514 2728 1682 2785 dubio
1716 2729 1876 2785 nobis
1899 2728 2120 2785 exhibet
2150 2742 2280 2783 eum
2305 2751 2332 2777 αι
2363 2742 2602 2793 sensum,

122 2820 239 2875 quem
254 2816 421 2872 tenuit
438 2826 492 2873 et
512 2826 671 2873 tenet
689 2816 745 2872 S.
767 2818 946 2873 Mater
963 2818 1207 2873 Ecclesia
1226 2838 1289 2884 »ς
1311 2826 1558 2873 attamen
1581 2832 1694 2873 non
1712 2815 2016 2873 admodum
2033 2815 2338 2871 multorum
2357 2823 2610 2871 textuum

122 2908 289 2955 ‘en-mm
317 2902 537 2961 directe
568 2904 819 2959 definivit
850 2904 1121 2973 Ecclesia,
1158 2905 1239 2960 uti
1271 2920 1357 2961 ex.
1389 2921 1471 2977 gr.
1502 2905 1649 2961 inter
1677 2904 1783 2960 alia
1810 2905 1869 2959 in
1905 2906 2078 2960 Conc.
2118 2903 2282 2957 Trid.
2313 2923 2332 2956 .·
2361 2903 2420 2959 in
2441 2906 2606 2958 Rom.

124 2986 211 3038 5-12
231 3003 525 3047 sermonem
556 3006 678 3046 esse
706 2990 775 3046 de
800 3000 1025 3062 peccato
1054 2991 1305 3063 originali
1337 2993 1502 3060 (8333.
1537 2998 1589 3047 5.
1621 3008 1670 3047 c.
1702 2997 1756 3047 2.
1785 2996 1870 3061 4);
1904 3007 1970 3046 ex
1996 2994 2170 3045 Ioan.
2204 2996 2294 3059 3,5
2319 2989 2608 3047 necessita·

124 3076 201 3125 tem
236 3075 531 3135 absolutam
576 3078 833 3149 baptismi
875 3080 1031 3150 sequi
1059 3080 1194 3135 etin
1223 3079 1497 3150 baptismo
1531 3094 1736 3151 aquam
1758 3086 1961 3134 veram·
1979 3088 2036 3134 et
2062 3078 2374 3133 naturalem
2401 3078 2608 3149 requiri

128 3157 241 3215 'Sese
267 3170 313 3218 5.
343 3181 391 3221 c.
421 3172 474 3221 4.
506 3175 564 3224 et
588 3168 733 3222 Sess,
756 3174 788 3222 7
798 3209 808 3220 .
843 3165 912 3221 de
931 3170 1089 3239 Bapt.
1118 3183 1168 3223 c.
1190 3173 1273 3235 2);
1300 3168 1463 3223 verba
1485 3168 1846 3223 institutionis
1864 3168 1960 3223 SS.
1990 3166 2366 3223 Eucharistiae
2393 3166 2606 3223 Mattio.

125 3247 243 3309 2⁸22ss
268 3266 345 3323 sq.
376 3262 477 3309 etc.
520 3254 747 3325 proprio
783 3269 949 3310 sensu
996 3270 1115 3309 esse
1147 3253 1503 3327 intelligenda
1533 3258 1697 3321 (8333.
1743 3260 1809 3309 13
1846 3270 1934 3325 cp.
1978 3260 2050 3319 1.)
2093 3263 2199 3310 etc.
2241 3257 2386 3311 Item
2418 3257 2612 3311 Patres

130 3334 359 3393 ''uticani
398 3342 609 3408 (Const.
651 3340 721 3397 de
761 3342 911 3397 Eccl.
939 3359 985 3397 c.
1028 3344 1077 3414 1)
1119 3358 1342 3397 sensum
1371 3343 1665 3398 verborum
1703 3342 1924 3397 Matth.
1967 3348 2130 3409 16,16
2168 3358 2292 3415 sqq.
2338 3352 2394 3398 et
2437 3345 2604 3399 Ioan.

128 3420 243 3479 21‚15
266 3440 378 3497 sqq.
415 3427 627 3485 directe
666 3427 1049 3485 definiverunt.
1081 3458 1153 3471 ·-
1179 3430 1475 3486 Indirecte
1511 3429 1866 3485 damnatione
1903 3429 2232 3499 haereseon,
2263 3445 2404 3501 quae
2439 3430 2610 3487 talsae

129 3510 319 3568 textuum
344 3514 793 3588 interpretatione
828 3516 1227 3587 innitebantur,
1261 3527 1316 3573 et
1354 3516 1670 3573 definitione
1699 3516 2107 3586 doctrinarum,
2141 3535 2174 3573 a
2201 3518 2400 3590 quibus
2433 3519 2609 3590 expli-

130 3596 230 3649 citio
250 3608 483 3659 textuum
510 3602 813 3674 dependet,
842 3606 1019 3661 multo
1049 3606 1235 3675 plures
1268 3614 1396 3661 sunt
1425 3604 1674 3674 definiti3
1706 3620 1793 3661 ex.
1821 3620 1905 3677 gr.
1938 3620 2158 3675 omneS,
2187 3606 2386 3678 quibus
2415 3607 2609 3662 abute-

132 3674 281 3739 bantur
296 3690 501 3759 Ariaui,
528 3700 593 3747 ut
620 3692 865 3748 Verbum
894 3691 1248 3753 ostenderent
1276 3707 1395 3748 esse
1421 3702 1754 3761 creaturam,
1783 3692 1952 3748 Conc.
1978 3694 2102 3749 Nic.
2129 3694 2410 3765 quomodo
2436 3694 2608 3767 expli-

134 3769 250 3825 candi
272 3776 385 3846 sint,
414 3778 677 3835 ostendit.
710 3779 983 3836 indirecte
1030 3796 1251 3852 quoque
1282 3784 1450 3837 Conc.
1487 3785 1560 3836 V.
1597 3784 1903 3837 Constant.
1941 3782 2022 3835 II.
2053 3796 2280 3836 sensum
2305 3783 2608 3837 multorum

138 3854 451 3921 vasiciniorum
477 3867 788 3923 accuratius
814 3866 1200 3924 determinavit
1228 3870 1483 3940 viamque
1510 3868 1868 3937 monstravit,
1901 3884 2069 3939 quam
2095 3869 2152 3923 in
2176 3870 2340 3924 certis
2371 3870 2610 3941 Scriptu-

138 3950 201 3993 ffle
232 3951 451 4015 partibus
497 3964 690 4010 tenere
730 3954 1025 4025 debemuS,
1070 3953 1345 4011 damnatis
1389 3954 1930 4027 interpretationibus
1981 3954 2261 4011 Theodori
2308 3958 2607 4027 Mopsuest.

140 4026 305 4090 {Mami
325 4038 451 4097 Coll.
484 4043 652 4098 Conc.
683 4043 786 4098 IX.
814 4048 917 4098 210
946 4044 1092 4115 sqq.)

196 4186 261 4267 b.)
282 4192 496 4279 Sensus
523 4202 788 4262 alicuius
817 4206 1029 4263 textus
1058 4202 1137 4262 ad
1166 4219 1267 4262 res
1297 4202 1447 4262 fidei
1480 4207 1543 4263 et
1566 4220 1818 4264 morum
1844 4204 2220 4280 pertinentis
2239 4250 2254 4277 ,
2285 4204 2334 4263 si
2362 4220 2398 4262 a
2419 4204 2613 4263 Patri-

144 4276 225 4339 hus
248 4294 499 4354 unanimi
528 4314 837 4360 consensu
867 4298 1156 4371 traditur,
1190 4300 1268 4359 ab
1300 4300 1646 4376 interprete
1677 4299 2046 4361 retinendus
2078 4306 2195 4360 est.

194 4394 313 4453 Duas
332 4408 691 4467 restrictiones
727 4410 1115 4467 Tridentinum
1142 4420 1198 4467 et
1223 4412 1552 4468 Vaticanum
1586 4426 1686 4467 suo
1719 4422 2012 4484 praecepto
2045 4423 2422 4485 apposuerunt
2453 4432 2467 4471 ε

197 4486 259 4547 αὖ
286 4489 487 4569 patrum
506 4499 882 4555 testimonium
909 4500 966 4555 in
996 4499 1101 4556 hac
1130 4500 1451 4571 quaestione
1480 4500 1928 4571 amplectendum
1965 4509 2076 4571 est,
2109 4501 2236 4573 quia
2261 4510 2316 4557 et
2343 4510 2616 4575 quatenus

148 4574 241 4622 sunt
264 4580 407 4636 testes
430 4582 555 4641 fidei
582 4588 917 4659 apostolieae
945 4586 1178 4659 ideoque
1213 4586 1271 4643 in
1308 4596 1576 4662 quantum
1606 4586 1674 4645 de
1707 4588 1872 4643 rebus
1904 4587 2036 4645 fidei
2065 4598 2120 4647 et
2149 4604 2370 4648 morum
2411 4600 2610 4664 agunt,

830 4686 1084 4733 conulem
1120 4685 1395 4735 commun.
1428 4685 1652 4733 Ian-non.
1690 4711 1750 4721 —
1782 4688 1859 4735 10.
2035 4665 2040 4669 U
2209 4688 2214 4693 “
