3050 5184
603 271 679 318 DE
720 273 873 316 leu
916 272 1139 318 'romAE
1179 271 1538 318 ARGUMENTO
1579 273 1654 318 m·
1697 274 2139 320 AUCTORITATS.
2522 257 2644 318 273

201 401 292 456 111.
320 403 539 460 Brimo
549 419 621 462 us
650 407 1015 472 (13,1-14,17)
1041 403 1262 462 exhibet
1284 384 1582 476 hymnum,
1605 421 1716 477 quo
1736 405 1938 462 Tobias
1955 407 2140 463 senior
2157 409 2278 462 Deo
2299 407 2500 479 gratias
2529 404 2637 477 agit

356 489 423 546 de
452 490 737 547 benefieiis
760 491 999 564 acceptis
1032 495 1305 562 (13,1-23)
1330 501 1387 548 ct
1409 492 1636 550 brevem
1664 492 1990 550 relationem
2018 494 2088 550 de
2118 494 2403 566 utriusque
2433 492 2637 550 Tobiae

354 588 528 635 morte
557 584 841 649 (14,1-1⁷).

200 729 255 786 3.
285 761 361 771 —
394 725 605 791 Deum'
643 746 859 791 servos
898 747 1074 803 sune,
1114 732 1221 808 qui
1254 731 1331 790 ab
1370 746 1447 792 eo
1475 729 1611 791 solo
1653 730 1965 792 auxilium
2001 737 2282 810 sperant,
2321 730 2642 792 aerumnis

136 823 363 898 quidem
394 825 713 886 interdum
743 827 1011 904 probare
1028 873 1044 900 ,
1068 828 1177 888 sed
1208 843 1562 905 numquam
1591 826 2054 906 derelinquere,
2084 846 2117 889 e
2148 833 2364 890 contra
2391 827 2636 904 aliquo-

134 918 232 978 ties
252 921 435 982 etiam
452 922 569 982 hac
594 922 809 984 iamin
834 923 963 982 vita
984 923 1238 986 virtutis
1266 923 1640 985 exercitium
1664 925 2081 996 remunerari,
2101 929 2290 1002 atque
2313 924 2380 985 in
2405 938 2636 1002 genere

136 1035 159 1066 α
186 1014 586 1094 diligentibus
614 1020 821 1080 Deum
845 1019 1059 1080 omnia
1085 1020 1409 1098 cooperari
1429 1019 1497 1080 in
1524 1020 1760 1080 bonum
1787 1043 1844 1092 »,
1875 1023 2006 1080 tam
2028 1021 2192 1082 clare
2223 1020 2408 1082 docet
2433 1035 2639 1080 narra·

132 1110 223 1182 tio,
252 1117 321 1172 ut
354 1114 551 1175 alium
578 1113 759 1189 finem
787 1115 925 1176 eius
952 1133 1251 1192 quaerere
1280 1131 1540 1193 prorsus
1564 1116 1649 1176 sit
1669 1116 2078 1194 superfluum.

182 1215 320 1272 Aliae
356 1216 583 1289 quidem
610 1217 867 1276 veritates
897 1219 1196 1276 nonnullae
1222 1220 1497 1290 practicae
1535 1235 1602 1274 ex
1631 1220 1950 1276 narratione
1985 1229 2136 1277 recte
2169 1219 2541 1288 deducuntur,
2579 1227 2640 1274 at

130 1299 226 1357 eim
248 1303 413 1360 finem
436 1305 720 1378 integrum
746 1306 1080 1363 constituere
1108 1307 1293 1377 inepte
1316 1305 1604 1375 dicuntum
1633 1307 1756 1363 Deo
1783 1317 2068 1380 acceptam
2093 1323 2212 1364 esse
2235 1307 2459 1364 fidelem
2483 1306 2635 1363 deci-

128 1401 313 1448 marum
354 1391 756 1464 redditionem,
796 1403 895 1450 aut
930 1395 1359 1466 eleemosynam,
1394 1403 1491 1449 aut
1520 1402 1874 1450 mortuorum
1905 1395 2246 1466 sepulturam
2273 1404 2380 1450 ete.
2398 1438 2412 1463 ,
2445 1393 2638 1466 procul

127 1473 291 1545 dubio,
322 1479 422 1535 sed
453 1480 611 1552 quasi
651 1480 849 1550 obiter,
883 1481 1047 1538 docet
1068 1481 1307 1538 libellus
1340 1482 1683 1539 Arctioribus
1715 1497 1938 1556 quoque
1969 1482 2233 1539 limitibus
2267 1482 2436 1538 finem
2467 1479 2637 1536 libelli

128 1562 585 1636 circumscribunt,
630 1569 725 1641 qui
762 1569 1047 1640 dispersis
1090 1569 1311 1625 Iudaeis
1347 1569 1557 1642 Legem
1601 1569 1979 1626 commendari
2014 1577 2267 1639 censent3
2307 1570 2456 1626 solos
2489 1568 2640 1624 enim

127 1649 371 1724 dispersos
399 1671 533 1725 prae
560 1656 736 1712 oculis
762 1671 876 1712 non
906 1655 1099 1712 habuit
1126 1666 1341 1723 auctor,
1370 1657 1469 1713 sed
1497 1673 1691 1713 omnes
1718 1673 1848 1714 suos
1875 1657 2231 1714 contribules,

494 1875 529 1959 ξ
562 1881 670 1943 35.
701 1913 792 1926 -
820 1877 917 1942 De
958 1873 1114 1941 libri
1152 1875 1390 1944 Tobiae
1416 1877 1818 1944 auctoritate
1855 1889 1924 1944 et
1959 1876 2236 1965 ori-qiua.

31 2165 33 2168 y
186 2084 238 2142 1.
276 2119 347 2130 —
374 2087 706 2148 Unanimis
734 2092 830 2148 est
856 2103 1199 2148 consensus
1228 2087 1683 2148 catholicorum
1710 2087 2161 2166 interpretum,
2194 2103 2408 2148 veram
2436 2073 2636 2148 hist'o-

126 2177 261 2240 riam
292 2183 357 2242 in
386 2183 611 2244 libello
640 2183 843 2257 tradi3
878 2200 1065 2261 quam
1092 2185 1467 2244 sententiam
1495 2184 1739 2262 integra
1766 2184 1902 2244 eius
1929 2183 2175 2244 indoles
2205 2185 2552 2244 confirmat.

184 2285 421 2342 Medium
452 2288 599 2342 inter
624 2285 798 2344 libros
822 2287 1117 2344 historicos
1142 2286 1343 2343 librum
1366 2287 1574 2343 Tobiae
1601 2296 1814 2358 ponunt
1845 2302 2038 2343 omnes
2060 2286 2327 2344 librorum
2352 2301 2640 2344 sacrorum

124 2385 337 2430 canones
364 2374 658 2441 catholici,
684 2384 853 2447 atque
880 2375 1208 2446 interpretes
1234 2383 1451 2430 tantum
1478 2390 1594 2430 non
1622 2389 1816 2430 omnes
1851 2374 2044 2431 eadem
2077 2390 2206 2431 cum
2233 2373 2513 2446 diligentia
2537 2374 2638 2431 dil'-

124 2456 363 2518 ticultates
410 2473 609 2518 contra
650 2469 873 2518 nostrae
914 2462 1243 2518 narrationis
1288 2464 1580 2518 veritatem
1621 2463 1862 2534 prolatas
1898 2461 2207 2531 diluerunt,
2247 2477 2356 2534 qua
2395 2461 2637 2534 reliquos

122 2543 265 2604 libros
294 2549 599 2607 historicos
630 2548 951 2606 defendunt.
985 2551 1180 2622 Neque
1206 2549 1262 2605 id
1289 2551 1515 2616 mirum,
1538 2550 1800 2621 quoniam
1827 2557 2108 2606 auctorem
2136 2565 2322 2606 veram
2349 2549 2635 2607 historiam

124 2633 314 2692 tradere
352 2636 609 2692 voluisse
648 2635 852 2694 docent
892 2645 1059 2692 notae
1108 2637 1427 2704 historicae,
1466 2637 1877 2709 genealogicae,
1922 2636 2372 2709 chronologicae,
2413 2653 2636 2710 geogra-

126 2719 293 2788 phicae
321 2724 515 2781 libello
542 2727 809 2792 insertam
841 2725 897 2782 in
916 2723 1343 2780 'romanensibus
1367 2725 1514 2780 enim
1539 2725 1650 2780 suis
1673 2722 1870 2780 sabulis
1897 2724 2110 2795 antiqui
2131 2724 2264 2780 talia
2295 2723 2496 2779 alTerre
2521 2741 2636 2780 non

120 2809 341 2867 solebant
356 2817 395 2868 ¹.
420 2843 499 2855 —-
516 2814 691 2868 Porro
710 2813 1025 2868 narratione
1044 2810 1149 2868 hac
1166 2811 1401 2868 conficta
1424 2821 1712 2868 auctorem
1735 2812 1902 2868 linem
1923 2813 2161 2883 aliquem
2183 2811 2422 2867 ethicum
2443 2827 2633 2883 prose·-

120 2905 283 2952 cutum
312 2913 466 2966 esse,
488 2899 749 2955 dictitant
782 2899 1112 2969 adversarii,
1139 2907 1199 2955 at
1232 2915 1345 2956 non
1376 2897 1699 2966 attendunt,
1731 2913 1882 2954 mera
1909 2897 2134 2954 fictione
2163 2913 2268 2954 nec
2298 2897 2636 2954 decimarum

116 2983 479 3058 redditionem,
508 3003 611 3043 nec
639 2986 1095 3054 misericordiam,
1121 3003 1225 3042 nec
1252 2987 1419 3042 aliam
1450 3001 1858 3059 quamcumque
1879 2987 2134 3041 virtutem
2153 2985 2561 3056 commendat-ig
2587 2987 2636 3041 si

116 3067 221 3127 licta
238 3076 559 3132 narratione
586 3075 757 3130 linem
787 3075 952 3132 talem
976 3075 1190 3145 assequi
1210 3073 1491 3141 voluisset,
1518 3073 1788 3131 eiusmodi
1805 3089 1896 3129 res
1911 3089 2139 3129 narrare
2157 3073 2438 3130 debuisset
2452 3115 2468 3140 ,
2492 3090 2634 3145 quae

115 3161 391 3220 mintium
418 3163 811 3218 ordinariam
839 3161 1242 3234 providentiam
1268 3163 1590 3234 contingere
1612 3163 1792 3218 solent
1823 3170 1921 3217 aut
1945 3170 2206 3233 possunt3
2245 3161 2636 3236 mythologicis

116 3245 285 3306 fabulis
302 3267 473 3308 nemo
502 3248 574 3306 ad
600 3250 815 3306 virtutis
837 3250 1161 3305 exercitium
1183 3259 1557 3321 permovetur.

177 3402 229 3460 Ξ.
264 3435 343 3446 -
392 3401 921 3463 Adversariorum
954 3403 1167 3460 autem
1208 3404 1608 3478 argumenta,
1649 3399 1878 3476 quibus
1915 3403 2022 3461 aut
2057 3399 2368 3477 integram
2415 3417 2630 3461 narra-

119 3493 323 3558 tionem
362 3499 699 3559 confictam
732 3501 841 3557 aut
876 3513 1095 3558 verum
1136 3497 1365 3556 factum
1406 3495 1786 3556 historicum
1819 3483 2058 3573 p'oetice
2093 3500 2458 3556 exornatum
2495 3513 2632 3557 esse

118 3591 525 3656 demonstrare
566 3598 901 3665 conantur,
936 3597 1045 3653 aut
1085 3591 1558 3652 rationalisticis
1599 3592 2005 3670 praeiudiciis
2055 3591 2131 3652 de
2176 3593 2632 3653 miraculorum

124 3685 617 3766 impossibilitate
642 3689 947 3762 nituntur,
975 3687 1177 3750 aut‘id
1215 3704 1413 3749 unum
1447 3688 1816 3760 ostendunt,
1849 3689 2060 3767 aliqua
2086 3689 2344 3749 nomina
2373 3689 2632 3766 propria

118 3781 357 3846 fideliter
377 3804 513 3847 non
541 3803 679 3847 esse
709 3789 1093 3846 conservata.

170 3891 239 3954 α.)
264 3889 406 3947 Vera
436 3905 561 3945 esse
590 3905 705 3946 non
732 3905 895 3960 posse
924 3887 1135 3956 dicunt,
1169 3903 1309 3960 quae
1327 3887 1396 3944 de
1419 3887 1704 3958 Raphaele
1726 3887 1933 3944 Tobiae
1953 3889 2152 3944 comite
2175 3887 2233 3945 in
2257 3887 2520 3944 dinturno
2539 3887 2628 3943 iti-

118 3987 225 4030 ncre
260 3986 591 4046 narrantur;
636 3986 692 4033 at
726 3976 968 4033 similia
1004 3977 1264 4048 leguntur
1300 3979 1436 4033 Gen.
1484 3982 1571 4032 18.
1614 3981 1700 4030 19.
1742 3983 1798 4030 et
1837 3977 1964 4031 Aet.
2000 3981 2126 4045 12,ss
2157 3991 2313 4049 sqq.;
2350 3975 2448 4047 qui
2483 3975 2630 4030 enim

119 4063 357 4135 coneedit,
382 4065 497 4122 Lot
518 4081 619 4137 per
647 4064 877 4138 angelos
900 4079 967 4120 ex
996 4065 1214 4120 civitate
1244 4073 1299 4119 et
1324 4066 1551 4119 Petrum
1573 4078 1672 4135 per
1699 4063 1957 4136 angelum
1981 4079 2047 4119 ex
2072 4078 2290 4119 carcere
2319 4077 2438 4118 esse
2457 4061 2626 4118 educ-

118 4154 231 4218 tum,
257 4168 367 4208 nou
390 4151 648 4225 negabit,
678 4153 939 4226 angelum
968 4152 1231 4207 comitem
1259 4151 1467 4207 Tobiae
1497 4150 1684 4207 fuisse.
1705 4182 1776 4191 —
1795 4153 1986 4222 Neque
2015 4151 2215 4206 seriam
2242 4148 2630 4205 difficultatem

162 4331 595 4394 (onerationem
621 4334 687 4386 de
708 4335 897 4386 Lauro
920 4337 973 4384 et
994 4333 1153 4385 divite
1178 4337 1355 4384 Patres
1378 4335 1532 4384 meris
1558 4333 1812 4398 parabolis
1834 4332 2166 4383 adnumerare
2191 4331 2480 4392 noluerunt,
2506 4332 2630 4396 quia

120 4421 290 4462 nonen
312 4415 485 4466 Lauri
508 4417 587 4466 est
615 4427 924 4480 expressum.
949 4413 1036 4464 cfr
1064 4414 1288 4466 Tei-tull.
1314 4413 1379 4464 de
1402 4413 1582 4464 Anima
1609 4416 1636 4462 7
1651 4433 1666 4468 ι
1691 4417 1744 4462 S.
1776 4412 2014 4462 Ambros.
2039 4413 2099 4461 ln
2125 4414 2247 4462 Luc.
2283 4415 2438 4470 16,19.
2465 4409 2632 4462 Simili

118 4487 245 4540 modo
265 4505 325 4544 ex
345 4491 457 4544 lobi
482 4493 685 4544 nomine
706 4492 968 4543 deducunt
994 4494 1168 4543 Patres
1182 4530 1195 4553 ,
1222 4505 1395 4544 rerem
1422 4492 1688 4544 historiam
1712 4490 1781 4542 ibi
1807 4490 2018 4541 narrari.
2041 4488 2258 4541 Fabulae
2281 4503 2628 4544 romanensem,

115 4578 225 4627 qnae
248 4571 381 4622 veris
410 4570 559 4624 factis
586 4571 841 4623 historicis
868 4571 1097 4622 fictiones
1122 4574 1506 4635 superstruunt,
1531 4570 1756 4634 antiquis
1779 4573 1924 4620 erant
1951 4569 2168 4633 ignotae.

876 4659 1131 4710 Gonnum
1164 4659 1437 4709 Genesim.
1468 4659 1688 4707 hernon.
1721 4684 1784 4694 —
1817 4660 1890 4708 18.
