3050 5184
356 297 470 355 112
624 310 770 353 msr.
823 306 1153 351 vanstouuu
1200 307 1257 350 u.
1308 306 1365 348 τ.
1413 323 1491 332 -
1535 306 1663 348 cnr.
1711 307 1770 345 v.
1819 306 1894 349 na
1936 304 2104 349 νεεδ.
2152 306 2284 349 Lu.
2335 306 2636 351 vomitu.

355 440 483 498 dem
511 440 866 509 reciperetur,
898 440 1146 510 reliquae
1184 447 1369 494 autem
1418 436 1622 493 latinae
1668 437 1949 493 versiones
1995 454 2066 492 ne
2113 437 2296 492 tacite
2333 436 2554 508 quidem
2584 435 2918 491 viderentur

354 529 592 585 reiectae
615 526 717 593 (cl'r
742 527 985 582 Tlaeeiner
1002 530 1142 582 Acta
1162 542 1287 597 gen.
1310 525 1481 580 Conc.
1512 523 1672 579 Trid.
1695 527 1738 579 1.
1769 540 1826 595 p.
1859 528 1970 591 83).
2003 527 2078 590 c.)
2105 526 2272 579 Hunc
2299 538 2419 579 esse
2445 540 2668 580 sensum
2696 523 2918 579 decreti

354 623 625 672 testantur
657 614 910 686 tlteotoqi
934 614 1279 685 praecipui,
1312 613 1407 683 qui
1438 611 1566 683 quia
1605 611 1853 667 Concilio
1891 609 2291 678 interfuerunt,
2323 626 2466 683 quae
2505 620 2645 667 esset
2673 612 2916 667 Patrum

355 718 511 760 mens
539 704 745 774 optime
774 708 1173 773 cognoverunt.
1202 702 1357 757 Inter
1384 715 1527 771 quos
1556 704 1626 753 Α.
1660 699 1976 755 Salmeron
1997 700 2052 755 S.
2085 700 2132 755 1.
2168 698 2478 771 longiorem
2505 699 2916 769 expositionem

358 791 442 847 his
484 790 661 847 verbis
689 790 951 845 terminat
980 806 995 843 :
1034 808 1060 839 α
1088 788 1302 844 Licebit
1328 787 1517 859 itaque
1561 786 1722 843 nobis
1751 787 1902 842 salva
1945 786 2177 843 Concilii
2211 787 2543 843 auctoritate
2575 788 2688 843 sive
2725 788 2916 859 graeci

356 878 468 934 sive
498 878 741 935 hebraici
770 875 907 947 [sive
932 876 1287 947 antiquarum
1318 874 1658 945 versionum]
1690 874 1987 933 lectionem
2013 875 2224 931 variam
2253 873 2558 947 producere
2583 889 2825 947 eamque
2853 884 2918 929 ut

358 982 547 1022 verum
578 964 911 1021 Bibliorum
944 968 1168 1019 textum
1197 963 1511 1035 expendere
1547 971 1602 1018 et
1630 978 1922 1029 enarrare,
1955 978 2057 1017 nec
2089 970 2306 1017 tantum
2330 976 2512 1021 mores
2537 978 2635 1034 per
2658 977 2784 1018 eam
2811 978 2914 1019 ae·

357 1052 610 1121 difficere,
642 1066 834 1108 verum
874 1051 1039 1107 etiarn
1064 1049 1214 1121 fidei
1241 1051 1534 1124 doqmata
1563 1050 1947 1123 comprobare
1987 1055 2045 1105 et
2088 1049 2358 1106 stabilire
2403 1054 2581 1123 atque
2607 1048 2760 1105 adeo
2807 1067 2914 1105 su-

358 1156 509 1195 mere
544 1140 626 1195 αὸ
663 1138 785 1195 illis
822 1137 1048 1211 efficax
1090 1144 1505 1212 arqumentum
1543 1144 1850 1211 tamquam
1889 1154 1964 1193 ex
1995 1142 2162 1193 textu
2199 1137 2256 1193 S.
2297 1140 2650 1211 Scripturae
2679 1159 2704 1189 υ
2747 1141 2916 1203 (Pro-

362 1228 465 1299 leg.
506 1232 601 1293 3.).
632 1227 837 1283 Similia
867 1228 1096 1283 tradunt
1124 1226 1314 1281 Andr.
1353 1218 1516 1297 Veq'a
1545 1227 1616 1281 Ο.
1651 1226 1786 1281 Min.
1822 1223 1911 1291 (de
1942 1223 2121 1281 Iustis.
2149 1226 2272 1281 XV.
2304 1226 2388 1295 9),
2420 1228 2468 1280 1.
2507 1228 2744 1295 Laynez
2769 1227 2832 1282 S.
2865 1228 2914 1281 Ι.

361 1314 465 1378 (cl'r
485 1314 719 1371 Marian.
747 1317 848 1371 Pro
878 1314 1034 1387 vulg.
1066 1314 1328 1382 21)‚Did.
1360 1317 1572 1383 Payva
1597 1314 1671 1369 de
1695 1311 1999 1367 Andrada
2013 1310 2294 1377 (Defensio
2311 1311 2606 1368 fideiTrid.
2628 1314 2770 1385 lv.)‚
2792 1313 2916 1369 alii.

360 1404 445 1467 d.)
464 1402 721 1458 Ceterum
754 1419 848 1458 res
874 1418 977 1474 per
996 1402 1203 1457 seiam
1232 1401 1407 1457 clara
1436 1406 1546 1456 est.
1576 1402 1965 1471 supponamus
1984 1397 2374 1471 imperatorem
2399 1401 2656 1455 Austriae
2675 1401 2780 1455 toti
2807 1417 2920 1457 suo

362 1506 532 1563 regno
560 1504 765 1545 novum
796 1491 979 1562 legum
1002 1488 1249 1545 codicem
1272 1488 1671 1560 promulgasse,
1699 1488 1854 1543 cuius
1881 1502 2011 1543 mox
2040 1488 2224 1543 variae
2246 1488 2524 1543 versiones
2549 1488 2919 1559 hungaricae,

364 1576 669 1648 polonicae‚
698 1577 1017 1633 bohemicae
1046 1584 1153 1632 etc.
1184 1577 1371 1648 spargi
1398 1584 1626 1647 coeptae
1649 1583 1796 1630 sunt.
1823 1574 1986 1644 Quod
2008 1576 2058 1630 si
2083 1574 2250 1649 igitur
2277 1573 2348 1631 ad
2367 1574 2698 1630 iudiciorum
2727 1575 2788 1631 in
2819 1592 2919 1632 re-

362 1680 471 1736 gno
502 1664 805 1737 hungarico
836 1663 1307 1736 perturbationem
1338 1664 1624 1723 vitandam
1659 1677 1828 1718 unam
1867 1677 1934 1717 ex
1971 1661 2286 1735 hungaricis
2325 1662 2664 1719 versionibus
2697 1679 2914 1735 appro-

364 1752 573 1807 baverit
602 1760 657 1807 et
682 1751 859 1807 solam
886 1750 944 1807 in
987 1750 1305 1823 hungaricis
1343 1749 1712 1806 tribunalibus
1759 1749 2132 1806 adhibendam
2164 1750 2554 1817 declaraverit,
2599 1765 2738 1805 num
2781 1750 2919 1806 ideo

366 1839 750 1911 primigenium
777 1847 991 1894 textum
1021 1840 1209 1910 legum
1236 1838 1616 1911 germanicum
1649 1846 1748 1893 aut
1784 1838 2063 1893 versiones
2099 1838 2406 1909 polonicaS‚
2450 1837 2771 1894 bohemicas
2797 1848 2914 1895 etc.

363 1927 614 1982 reiecisse
641 1926 947 1981 censendus
973 1930 1093 1982 est?

442 2096 499 2153 3.
528 2127 606 2136 —
637 2096 851 2172 Neque
883 2094 1137 2155 decreto
1180 2112 1297 2155 suo
1328 2094 1678 2154 Tridentini
1719 2094 1934 2154 Patres
1977 2094 2307 2171 vulgatam
2351 2094 2703 2155 immunem
2747 2094 2916 2155 libe-

364 2208 625 2269 ramque
668 2190 1065 2251 declararunt
1102 2190 1180 2249 ab
1222 2191 1395 2249 omni
1436 2208 1696 2268 prorsus
1735 2190 1967 2250 mendo
1999 2190 2097 2249 vel
2129 2207 2372 2261 errore,
2404 2190 2510 2267 qui
2543 2190 2738 2250 fidem
2763 2208 2916 2251 mo-

364 2304 629 2364 rumque
668 2286 950 2365 regulam
988 2304 1115 2348 non
1154 2287 1449 2364 attingat3
1491 2286 1811 2346 levissima
1847 2286 2018 2346 enim
2058 2289 2207 2346 sunt
2238 2291 2631 2364 argumenta,
2675 2288 2919 2364 quibus

364 2384 493 2443 nixi
522 2384 718 2461 aliqui
747 2384 1211 2444 strictissimam
1240 2382 1401 2442 hanc
1424 2383 1730 2460 vulgatae
1760 2399 1903 2442 cum
1929 2383 2119 2443 sacris
2144 2382 2546 2459 autographis
2570 2383 2923 2443 conformi-

364 2483 559 2541 tatem
584 2496 659 2539 ex
688 2479 940 2539 decreto
969 2479 1340 2539 Tridentino
1370 2479 1660 2540 derivare
1690 2479 1896 2538 conati
1921 2482 2088 2538 sunt.

433 2610 697 2667 obsoleta
720 2610 832 2666 iam
868 2618 953 2677 est
991 2608 1307 2681 aliquorum
1335 2609 1751 2682 hispanicorum
1789 2608 2158 2678 interpretum
2185 2610 2474 2677 sententia,
2509 2610 2601 2680 qui
2635 2610 2920 2682 vulgatae

364 2699 721 2769 interpretem
748 2697 1077 2770 inspiratum
1120 2698 1287 2753 fuisse
1316 2704 1674 2752 asseruerunt
1702 2694 1810 2766 (cfr
1837 2699 2122 2751 Mariana
2149 2698 2256 2751 Pro
2296 2698 2459 2769 Vulg.
2508 2696 2632 2768 22);
2685 2718 2712 2747 α
2761 2698 2918 2753 aliud

363 2786 529 2855 enim,
553 2786 734 2857 inquit
760 2786 819 2841 S.
848 2786 1266 2855 Hieronymus,
1301 2792 1385 2839 est
1413 2800 1533 2839 esse
1565 2791 1773 2850 vatem,
1805 2782 1958 2838 aliud
1987 2783 2342 2854 interpretem
2383 2804 2435 2838 ιι.
2467 2787 2518 2838 A
2556 2799 2689 2839 vero
2718 2793 2918 2841 autem

362 2874 691 2929 aberrarunt
717 2873 797 2929 illi
834 2888 1074 2945 quoque,
1108 2872 1200 2944 qui
1239 2888 1307 2927 ne
1350 2872 1689 2927 levissimum
1732 2870 1954 2942 quidem
1997 2886 2247 2927 errorem
2291 2872 2350 2927 in
2397 2871 2632 2939 Vulgata
2674 2872 2918 2928 inveniri

362 2962 687 3034 omniaque,
720 2961 1071 3032 quantumvis
1106 2960 1366 3026 minima,
1398 2968 1550 3014 recte
1579 2974 1846 3015 conversa
1883 2972 2001 3013 esse
2028 2967 2384 3015 asseruerunt
2411 2958 2638 3017 decreto
2668 2959 2916 3017 Triden-

359 3050 476 3105 tino
520 3049 635 3105 nixi
662 3048 890 3120 (Poacii
931 3050 1157 3118 Quaest.
1202 3047 1435 3117 exposit.
1482 3053 1536 3115 3,
1564 3049 1664 3111 2.).
1695 3046 1914 3101 Etenim
1943 3050 2028 3113 a.)
2059 3046 2166 3101 lioc
2213 3051 2507 3103 assertum
2535 3046 2918 3103 contradicit

360 3136 585 3191 decreti
611 3135 917 3190 historiae.
949 3136 1250 3190 Decretum
1276 3134 1444 3202 enim,
1484 3149 1656 3204 quum
1685 3132 2096 3204 approbationis
2128 3134 2302 3205 gratia
2333 3136 2574 3190 Romam
2605 3144 2751 3190 esset
2773 3136 2915 3191 mis-

359 3239 505 3292 sum,
534 3224 751 3278 romani
777 3221 1021 3295 theologi
1045 3241 1068 3273 ι
1102 3223 1302 3277 acriter
1326 3220 1481 3275 initio
1497 3219 1902 3276 damnaverunt
1927 3220 2262 3291 obiicienteS‚
2293 3223 2489 3279 multa
2513 3222 2734 3279 menda
2767 3224 2918 3279 Vul-

359 3318 543 3382 9atae
568 3326 671 3365 nec
700 3310 1169 3365 amanuensibus
1196 3324 1299 3363 nec
1331 3308 1722 3380 typographis
1758 3308 1951 3365 tribui
1971 3324 2144 3381 posse
2181 3328 2240 3377 »ς
2275 3310 2472 3381 quibus
2500 3310 2920 3382 responderunt

360 3398 544 3471 legati,
574 3396 713 3452 nihil
736 3411 768 3451 a
796 3397 1039 3452 romanis
1066 3396 1341 3463 theologis
1362 3394 1587 3467 opponi,
1621 3394 1772 3467 quod
1799 3410 1831 3451 a
1860 3396 2106 3453 Concilio
2125 3412 2239 3451 non
2257 3404 2403 3452 esset
2431 3406 2647 3454 mature
2679 3413 2918 3469 perpen-

358 3499 515 3552 sum3
554 3504 580 3536 α
618 3482 867 3540 Tridenti
904 3500 1127 3556 quoque
1173 3482 1560 3539 animadversa
1603 3498 1722 3538 esse
1763 3482 2034 3555 vulgatae
2074 3482 2305 3552 menda,
2337 3499 2397 3539 se
2435 3493 2624 3541 tamen
2663 3486 2918 3541 noluisse

359 3570 565 3629 idcirco
590 3588 713 3628 eam
740 3572 1008 3627 uuit-erse
1032 3571 1391 3643 pronuntiare
1412 3568 1738 3626 mendosam
1766 3590 1790 3623 »
1817 3570 2134 3643 (pattavia.
2165 3572 2310 3627 Hist.
2339 3573 2508 3628 Conc.
2528 3570 2684 3627 Trid.
2713 3574 2820 3629 vt.
2845 3580 2916 3630 15

358 3664 527 3733 sqq.).
558 3660 635 3728 b.)
664 3661 857 3731 Neque
888 3660 1067 3715 minus
1094 3659 1460 3715 contradicit
1488 3660 1840 3715 testimoniis
1869 3658 2274 3731 theoloqorum
2299 3659 2556 3729 illorum,
2583 3661 2680 3731 qui
2706 3660 2916 3716 Conci·

360 3748 434 3804 lio
464 3744 855 3804 interfuerunt.
900 3748 1040 3803 Nam
1075 3754 1149 3803 A.
1186 3750 1353 3818 Veqa
1378 3747 1433 3819 (l.
1471 3751 1548 3813 c.)
1575 3755 1787 3815 monet,
1819 3746 2127 3803 Concilium
2165 3762 2279 3801 non
2307 3746 2642 3819 approbasse
2669 3748 2911 3813 menda,

364 3856 391 3887 ι
420 3850 563 3908 quac
592 3834 905 3905 linguarum
940 3834 1097 3905 periti
1126 3835 1263 3891 etin
1304 3850 1350 3891 s,
1374 3835 1564 3895 ‚literis
1599 3832 1949 3889 mediocriter
1987 3834 2190 3891 versati
2213 3835 2274 3889 in
2312 3835 2554 3907 Vulgata
2590 3834 2914 3906 deprehen-

359 3924 503 3979 dunt
528 3943 581 3992 n,
613 3938 717 3979 nec
744 3936 1081 3994 quemquam
1110 3921 1477 3995 impedivisse‚
1512 3922 1806 3994 quominus
1835 3920 1906 3977 ad
1935 3920 2116 3977 fontes
2148 3931 2460 3979 recurreret
2489 3930 2550 3979 et
2573 3922 2632 3979 in
2657 3924 2916 3980 medium

362 4008 655 4081 proferret,
684 4008 953 4083 quidquid
982 4008 1231 4080 haberet,
1264 4026 1375 4085 quo
1405 4026 1501 4079 ea,
1535 4024 1678 4081 quae
1704 4007 1890 4064 sensui
1921 4010 2249 4066 Sanctorum
2279 4018 2334 4064 et
2355 4010 2487 4081 ipsis
2513 4008 2761 4066 fontibus
2783 4026 2916 4069 ma-

360 4098 443 4171 gis
466 4108 599 4155 sunt
624 4106 1021 4166 consentanca,
1063 4113 1485 4169 assequeremur
1531 4117 1582 4152 n.
1621 4097 1762 4153 Cum
1801 4095 1912 4153 hoc
1951 4098 2295 4165 testimonio,
2327 4096 2480 4169 quod
2529 4096 2716 4155 Card.
2767 4100 2912 4157 Cer—

360 4189 557 4256 vinus,
590 4201 734 4242 unus
760 4201 827 4241 ex
854 4184 1200 4256 praesidibus
1240 4186 1490 4253 Concilii,
1522 4190 1589 4240 P.
1617 4189 1852 4255 Laynez
1878 4184 2081 4256 aliique
2117 4184 2542 4255 confirmarunt,
2573 4186 2740 4257 plane
2769 4203 2914 4245 con—

358 4274 604 4329 sentiunt
656 4274 963 4331 Salmeron
1014 4278 1034 4341 (
1044 4274 1083 4330 1.
1139 4279 1250 4344 c.)‚
1304 4275 1530 4339 Canus,
1581 4274 1884 4330 Andr-ada
1939 4280 2044 4327 etc.
2104 4274 2210 4344 σ.).
2240 4275 2482 4329 Demum
2534 4276 2913 4334 contradicit

364 4361 655 4433 Vutyatae
697 4369 937 4419 nostrae
964 4364 1105 4435 ipsi,
1154 4364 1215 4418 in
1241 4378 1353 4436 qua
1380 4362 1544 4417 multi
1581 4360 1842 4433 leguntur
1881 4369 2066 4416 textus
2101 4360 2369 4431 paralleli,
2401 4360 2582 4433 quiin
2621 4366 2876 4421 numeris
2895 4409 2910 4431 ‚

360 4450 674 4506 nominibus
724 4450 953 4523 aliisque
999 4450 1059 4507 id
1106 4451 1349 4523 generis,
1388 4464 1532 4522 quae
1573 4450 1758 4505 omnia
1803 4448 1975 4504 fidem
2019 4464 2132 4504 non
2185 4449 2495 4521 attingunt,
2537 4450 2616 4507 ita
2659 4451 2811 4508 inter
2849 4470 2912 4509 se

359 4535 705 4603 dissentiunt,
738 4547 799 4594 ut
826 4540 1095 4596 alterutro
1128 4540 1185 4595 in
1226 4540 1351 4595 loco
1380 4553 1536 4594 error
1566 4536 1792 4609 quidam
1827 4535 2153 4592 admittatur
2179 4552 2402 4593 necesse
2441 4537 2539 4603 sitz,
2571 4536 2658 4595 cfr
2694 4555 2785 4595 ex.
2821 4556 2906 4613 gr.

358 4630 390 4678 2
436 4630 571 4696 Req.
622 4630 750 4694 6,23
796 4636 853 4683 et
894 4634 1025 4697 21‚8
1072 4630 1149 4701 (et
1188 4625 1416 4684 attende
1456 4624 1527 4682 ad
1575 4632 1597 4681 1
1653 4630 1784 4698 Περ.
1837 4630 1994 4692 18,19
2037 4632 2094 4680 et
2143 4628 2359 4695 25,44);
2403 4631 2439 4679 4
2487 4630 2619 4696 Req.
2665 4632 2800 4697 8,26
2853 4640 2910 4684 et
