3050 5184
890 853 1731 954 DISSERTATIO
1806 857 1914 952 V.

579 1181 668 1246 DE
710 1181 1008 1246 vmnms
1047 1181 1489 1248 ‘rusulum
1533 1183 1774 1249 umus
1816 1183 2231 1251 nlnAcncls.

1208 1739 1503 1806 CAPUT
1554 1740 1604 1806 Ι.

802 1961 899 2012 ΒΕ
939 1960 1181 2013 SACRA
1216 1959 1431 2012 POESI
1472 1961 2000 2012 HEBRAEORUM.

358 2197 395 2280 ξ
429 2199 491 2260 1.
524 2231 615 2246 -
642 2196 737 2260 De
765 2193 1145 2282 rhythmica
1180 2192 1649 2260 hebraicorum
1677 2193 2059 2260 carminum
2087 2207 2440 2262 structura.

220 2416 271 2472 1.
302 2448 379 2460 -
410 2414 635 2474 Libros
653 2413 989 2474 historicos
1019 2413 1083 2472 in
1108 2429 1345 2472 canone
1374 2413 1718 2474 tridentino
1749 2417 1996 2491 septem
2025 2413 2134 2474 alii
2161 2418 2532 2493 sequuntur,
2563 2416 2669 2492 qui

154 2525 331 2584 quum
355 2513 729 2588 argumento
754 2513 819 2570 et
842 2507 1127 2586 proximo
1151 2509 1275 2569 fine
1290 2556 1307 2582 ‚
1330 2514 1471 2570 tum
1494 2512 1749 2572 externa
1775 2509 1978 2570 forma
1997 2509 2076 2570 ab
2104 2510 2244 2570 aliis
2275 2509 2669 2588 distinguun-

152 2609 255 2665 tur.
278 2607 585 2677 Quoniam
612 2605 679 2665 in
708 2604 923 2664 divina
946 2605 1253 2682 sapientia
1278 2604 1588 2665 tradenda
1613 2605 1882 2664 maxime
1912 2609 2258 2674 versantur,
2290 2605 2369 2665 ab
2395 2607 2669 2682 antiquis

154 2701 585 2781 interpretibus
612 2701 991 2779 sapientiales
1017 2705 1346 2772 vocantur3
1382 2701 1686 2778 quoniam
1718 2701 2005 2760 moribus
2045 2701 2459 2760 informandis
2497 2703 2668 2763 viae-

152 2815 259 2872 que
290 2798 517 2860 salutis
558 2797 878 2857 docendae
918 2801 1063 2856 sunt
1109 2796 1435 2870 destinati,
1476 2797 1736 2856 morales
1775 2795 1874 2856 vel
1918 2796 2205 2857 didactici
2242 2797 2664 2874 appellantur3

152 2895 427 2969 quoniam
453 2893 720 2955 totidem
748 2893 879 2952 fere
911 2895 1055 2952 sunt
1080 2893 1355 2954 carmina
1376 2893 1472 2954 vel
1502 2892 1868 2954 carminum·
1884 2893 2290 2953 collectiones
2307 2937 2320 2962 ,
2339 2893 2561 2971 poetici
2580 2894 2670 2952 di-

150 2997 379 3052 cuntur.
398 3050 412 3060 ,

208 3106 399 3161 Procul
428 3103 601 3160 dubio
626 3103 685 3158 in
714 3102 991 3160 historicis
1032 3117 1254 3172 quoque
1280 3109 1337 3156 et
1376 3101 1714 3173 propheticis
1755 3102 1912 3157 libris
1955 3101 2106 3158 haud
2149 3117 2322 3173 pauca
2369 3101 2669 3156 traduntur

148 3192 360 3247 consilia
384 3200 443 3247 et
480 3199 772 3262 praecepta
800 3189 873 3246 ad
900 3204 1119 3246 morum
1146 3187 1592 3244 emendationem
1619 3186 1982 3246 conducentia
1999 3231 2014 3251 ,
2040 3198 2098 3245 et
2134 3185 2327 3245 omnes
2361 3187 2486 3244 libri
2523 3189 2669 3246 sacri

152 3276 293 3334 nobis
314 3277 435 3334 dati
460 3286 617 3342 sunt,
644 3285 707 3334 ut
733 3277 804 3334 ad
834 3276 1104 3334 iustitiam
1132 3273 1483 3344 erudiamur3
1513 3275 1878 3332 nihilominus
1913 3277 1960 3331 si
1998 3275 2070 3332 ad
2107 3275 2463 3350 praecipuum
2499 3291 2666 3346 argu·-

150 3375 382 3422 mentum
408 3365 837 3437 proximumque
861 3365 1028 3421 finem
1054 3362 1327 3419 librorum
1345 3361 1468 3431 Iob,
1494 3364 1893 3433 Patimur-um,
1927 3363 2404 3426 Proverbiorum,
2439 3365 2668 3420 Cantici

154 3453 335 3523 Cant„
356 3453 769 3516 Ecclesia-vtae,
796 3451 1153 3524 Sapientiae,
1178 3448 1583 3507 Ecclesiastim'
1604 3449 2019 3518 attenderimuS‚
2047 3467 2174 3506 cum
2195 3453 2252 3506 S.
2274 3450 2668 3521 chrysostomo

150 3539 363 3612 aliisque
396 3556 495 3596 eos
522 3538 595 3595 ab
623 3539 903 3595 historicis
929 3546 985 3593 et
1011 3537 1346 3609 propheticis
1374 3537 1634 3607 operibus
1671 3537 1790 3593 sine
1827 3537 1938 3592 ulla
1973 3536 2332 3592 haesitatione
2362 3535 2667 3608 distingue-

152 3641 273 3682 mus
302 3633 487 3700 Atque
512 3626 665 3682 idem
696 3625 943 3694 obtinet,
970 3625 1017 3680 si
1044 3624 1117 3680 ad
1161 3640 1355 3680 eorum
1404 3624 1642 3681 formam
1688 3624 2052 3680 attentionem
2098 3624 2498 3692 convertimuS,
2540 3623 2670 3679 licet

151 3713 301 3770 etiam
337 3713 616 3770 historicis
651 3713 807 3770 libris
848 3711 1093 3768 carmina
1130 3711 1395 3767 nonnulla
1432 3711 1546 3766 sint
1579 3713 1784 3768 inserta
1823 3721 1988 3784 atque
2019 3711 2273 3766 vaticinia
2315 3709 2462 3766 haud
2496 3725 2668 3782 pauca

152 3799 211 3854 ad
236 3804 509 3873 poeticum
535 3816 709 3874 genus
738 3799 1066 3870 pertineant.
1097 3798 1476 3854 Massorethae
1502 3798 1727 3870 quidem
1753 3807 1866 3854 tres
1893 3808 2111 3854 tantum
2141 3798 2311 3854 libros
2340 3797 2480 3865 (Iob,
2511 3797 2666 3853 Psal-

152 3889 363 3954 terium‚
391 3887 709 3953 Proverbia)
752 3885 1068 3942 accentibus
1114 3885 1342 3956 poeticis
1387 3883 1681 3956 adscriptis
1720 3885 1870 3940 velut
1913 3886 2161 3956 poeticos
2207 3893 2573 3957 agnoverunt,
2609 3893 2668 3940 at

152 3989 331 4042 parum
354 3985 531 4044 recte,
566 3974 839 4047 siquidem
876 3972 988 4029 duo
1023 3971 1443 4045 protocanonici
1470 3971 1785 4044 (Canticum
1812 3980 1871 4027 et
1901 3973 2274 4041 Ecclesiastes)
2301 3980 2357 4026 et
2385 3970 2498 4027 duo
2527 3971 2667 4026 deu-

154 4064 505 4120 terooenonici
532 4061 834 4136 (Sapientia
874 4069 931 4118 et
953 4059 1383 4132 Ecclesiasticus)
1404 4058 1519 4114 illis
1545 4059 1772 4114 omnino
1795 4067 1926 4114 sunt
1950 4057 2386 4123 adnumerandi;
2418 4059 2589 4114 immo
2619 4058 2667 4114 si

152 4149 269 4204 sola
312 4150 489 4208 forma
530 4148 933 4217 attenderetur,
963 4149 1022 4203 in
1063 4147 1167 4202 hac
1198 4155 1353 4218 parte
1382 4145 1450 4201 de
1480 4145 1720 4202 lerenis
1763 4161 1985 4218 quoque
2015 4153 2157 4201 esset
2203 4143 2496 4216 agendum,
2530 4159 2670 4216 quos

156 4243 321 4294 tamen
346 4239 547 4296 melius
574 4237 801 4310 reliquis
829 4234 1093 4292 Ieremiae
1120 4233 1379 4306 operibus
1406 4231 1786 4305 adiungemus.

158 4479 425 4556 inservit,
450 4485 528 4546 de
557 4483 731 4562 poesi
762 4481 1057 4542 hebraica
1076 4477 1522 4539 introductioni
1545 4479 1611 4536 in
1633 4477 1909 4554 singulos
1938 4475 2132 4535 libros
2161 4491 2361 4552 pauca
2381 4475 2674 4539 videntur

160 4580 617 4652 praemittenda.

1351 4679 1439 4725 297
