3050 5184
1058 298 1135 342 ns
1174 299 1453 344 srisrom
1496 299 1576 357 Aa
1617 299 1912 363 Romanos.
2631 279 2748 338 555

209 430 595 488 stificationem
622 446 743 488 esse
774 429 999 500 doceat,
1040 429 1137 486 sed
1182 451 1207 480 α
1252 430 1513 486 virtutem
1551 429 1657 485 Dei
1693 429 2054 501 Evangelium
2090 443 2211 484 esse
2247 426 2397 483 omni
2436 424 2682 483 credenti
2719 446 2743 474 n

208 517 325 588 ipse
352 520 655 590 Apostolus
676 534 779 589 pro
808 526 1135 591 argumento
1154 514 1379 573 indicat.
1723 537 1726 542 ·

276 607 511 663 Rectius
536 607 708 678 igitur
730 623 859 662 cum
879 609 935 663 S.
963 605 1381 677 Chrysostomo
1410 605 1489 672 (in
1516 608 1679 662 Rom.
1709 605 1863 660 hom.
1911 607 1984 675 1.)
2014 621 2081 660 ex
2105 605 2222 676 ipsa
2255 603 2486 674 epistola
2515 603 2631 658 eius
2655 617 2751 656 oc-

204 694 492 750 casionem
518 703 577 750 et
601 693 769 750 finem
794 694 1155 751 desumimus.
1202 695 1403 749 intime
1439 695 1590 748 enim
1617 696 1674 749 S.
1705 693 1879 748 Paulo
1918 707 2244 763 persuasum
2277 699 2414 756 erat,
2463 711 2488 740 α
2527 698 2752 761 propter

203 780 468 853 gratiam,
501 796 670 853 quam
696 789 986 853 acceperat
1014 797 1046 836 a
1070 783 1222 848 Deo,
1260 789 1324 836 ut
1356 789 1501 838 esset
1537 781 1790 836 minister
1817 782 1944 836 lesu
1982 779 2185 836 Christi
2221 780 2288 834 in
2319 777 2590 851 qentibus
2631 797 2654 829 ι
2698 785 2754 831 et

206 878 443 940 propter
482 889 511 921 α
548 869 919 941 apostolatum
936 912 949 937 ,
992 885 1159 941 quem
1205 877 1519 939 acceperat,
1565 877 1627 923 ut
1667 867 2010 924 obedientiae
2053 866 2180 924 fidei
2219 867 2511 923 subiiceret
2557 880 2753 920 omnes

205 961 403 1027 qentes
432 977 457 1007 n
474 999 491 1022 ‚
525 971 583 1012 se
612 957 867 1012 omnibus
898 955 1103 1013 sactum
1128 972 1247 1012 esse
1270 955 1609 1025 debitorem3
1641 953 1878 1027 ideoque
1906 964 2158 1026 promtus
2187 964 2308 1010 erat
2335 956 2502 1010 etiam
2528 953 2624 1021 iis,
2657 952 2753 1024 qui

208 1047 429 1100 Romae
465 1053 625 1100 erant
670 1043 989 1116 praedicare
1026 1045 1211 1116 (Rom.
1246 1050 1357 1113 1‚5.
1394 1051 1477 1101 14.
1512 1048 1608 1112 15;
1653 1049 1855 1112 15,16).
1889 1045 2086 1114 Itaque
2115 1044 2175 1099 in
2216 1042 2499 1113 hispanico
2531 1041 2747 1104 itinere,

206 1131 361 1202 quod
382 1147 516 1188 mox
544 1147 605 1188 se
632 1142 1019 1204 suscepturum
1042 1147 1163 1188 esse
1191 1132 1451 1204 speravit,
1480 1146 1773 1188 romanam
1811 1146 2034 1203 quoque
2070 1131 2360 1187 ecclesiam
2387 1129 2623 1186 invisere
2661 1143 2752 1182 vo-

208 1219 343 1288 luit,
385 1226 452 1274 ut
486 1218 781 1292 neophytis
814 1218 1029 1292 aliquid
1064 1219 1367 1292 spiritualis
1394 1219 1606 1292 gratiae
1633 1217 1915 1276 conferret
1943 1227 2110 1290 atque
2146 1234 2244 1289 per
2269 1226 2524 1273 mutuam
2551 1213 2749 1280 fidem,

208 1321 411 1362 eorum
448 1315 507 1363 et
540 1322 729 1374 suam,
758 1323 819 1364 se
844 1299 1089 1364 invicem
1110 1306 1535 1364 exhortarentur
1575 1311 1758 1374 (Rom.
1801 1312 1945 1376 1‚11.
1993 1307 2134 1376 12),
2176 1314 2238 1362 ut
2274 1314 2460 1362 autem
2498 1304 2646 1360 hunc
2683 1301 2752 1358 fi-

210 1409 346 1449 nem
380 1395 705 1467 attingeret,
740 1409 939 1452 eorum
970 1393 1184 1451 animos
1210 1393 1565 1466 praeparavit
1599 1395 1752 1450 illam
1789 1394 2104 1450 doctrinam
2141 1393 2411 1464 imprimis
2447 1405 2747 1464 exponenS,

212 1497 385 1553 quam
424 1482 636 1538 ultimis
677 1482 835 1538 annis
870 1482 1072 1554 ubique
1106 1490 1301 1538 contra
1338 1481 1682 1540 iudaizantes
1716 1480 2016 1538 defendere
2054 1480 2350 1548 debuerat,
2389 1479 2750 1552 Evangelium

212 1566 425 1624 scilieet
450 1566 707 1623 omnibus
734 1565 1070 1635 hominibuS,
1103 1565 1322 1624 Iudaeis
1350 1576 1406 1624 et
1432 1567 1690 1635 ethnicis,
1723 1566 1920 1622 eodem
1941 1566 2110 1622 modo
2141 1581 2260 1622 esse
2288 1565 2640 1622 destinatum.

292 1691 356 1751 3.
387 1691 592 1752 -111.
622 1691 1039 1752 Aneuunurun
1074 1707 1151 1751 m·
1194 1707 1414 1752 n1vis1o
1456 1707 1800 1752 srlsroms.
1831 1693 2064 1752 Omnes
2097 1689 2476 1768 interpretes
2504 1693 2752 1768 praeter

216 1787 546 1848 exordium
588 1791 650 1846 et
675 1787 993 1866 epilogum
1025 1787 1181 1848 duas
1209 1786 1606 1865 distinguunt
1636 1792 1876 1865 parteS,
1911 1802 2172 1863 quarum
2204 1786 2380 1863 prior
2416 1784 2752 1864 doymatiea

210 1883 565 1945 secundum
588 1883 655 1944 S.
690 1882 975 1944 Thomam
1000 1907 1029 1938 «
1060 1881 1341 1944 ostendit
1364 1884 1663 1945 virtutem
1692 1883 2085 1960 evangelicae
2119 1883 2352 1960 gratiae
2383 1905 2411 1936 »
2455 1881 2746 1962 (1-16-11,

210 1980 335 2058 36),
374 1980 573 2040 altera
604 1980 989 2058 paraenetica
1016 2003 1045 2034 «
1090 1979 1453 2040 exhortatur
1471 1980 1551 2040 ad
1595 1979 2062 2041 exsecutionem
2106 1996 2374 2056 operum
2413 1977 2599 2040 huius
2622 1995 2754 2056 gra-

208 2077 339 2136 tiae
364 2099 397 2130 »
430 2074 869 2155 (12‚1-15‚13).
893 2076 1075 2136 Prior
1098 2080 1309 2136 autem
1330 2077 1576 2153 integra
1601 2076 1762 2136 circa
1779 2076 1958 2137 illam
1977 2075 2186 2135 thesin
2205 2079 2492 2136 versatur
2509 2097 2538 2128 «
2563 2077 2754 2134 Evan-

208 2172 451 2251 gelium
465 2172 762 2232 virtutem
784 2189 919 2232 esse
936 2171 1109 2231 omni
1135 2171 1439 2242 credenti,
1464 2171 1694 2231 Iudaeo
1714 2171 1992 2247 primum
2009 2175 2073 2231 et
2089 2172 2320 2231 Graeco
2345 2193 2400 2242 »,
2426 2172 2468 2230 i.
2495 2189 2550 2231 e.
2578 2188 2754 2231 evan·

208 2269 481 2346 gelisam
510 2268 863 2328 doctrinam
892 2285 1031 2328 esse
1062 2267 1379 2328 efficacem
1414 2267 1493 2328 ad
1522 2267 1787 2328 salutem
1822 2267 2116 2328 omnibus
2157 2267 2236 2327 iis
2275 2267 2746 2338 conferendam,

210 2367 323 2444 qui
345 2365 525 2425 illam
546 2365 671 2424 fide
691 2365 833 2424 viva
844 2364 1151 2441 recipiant
1167 2410 1180 2435 ‚
1206 2364 1342 2424 sine
1358 2363 1485 2424 ulla
1502 2362 1764 2423 Iudaeos
1779 2362 1944 2423 inter
1959 2367 2024 2424 et
2035 2364 2304 2441 gentiles
2323 2363 2748 2425 distinctione.

210 2463 412 2534 Quam
447 2461 659 2522 thesin
702 2460 1037 2538 Apostolus
1067 2459 1347 2540 primum
1388 2459 1754 2519 demonstrat
1786 2459 2146 2539 (Lm-435)
2175 2459 2515 2520 ostendens
2556 2483 2586 2514 c<
2619 2461 2754 2520 sine

206 2558 417 2636 gratia
442 2557 667 2618 Christi
699 2558 767 2616 in
806 2557 1148 2634 Evangelio
1190 2557 1464 2616 revelata
1502 2573 1618 2616 nec
1659 2556 2082 2633 cognitionem
2113 2557 2394 2616 veritatis
2427 2557 2750 2633 gentibuS‚

207 2672 331 2716 nec
358 2652 905 2714 circumcisionem
935 2657 999 2713 et
1027 2655 1259 2730 Legem
1287 2653 1537 2712 Iudaeis
1566 2652 1878 2729 profuisse
1909 2650 1988 2711 ad
2015 2653 2332 2711 salutem»
2369 2651 2456 2730 (S.
2488 2651 2750 2730 Thom.);

210 2750 447 2812 deinde
496 2749 766 2810 eandem
823 2750 1049 2810 evolvit
1094 2747 1417 2828 (5,1-8,39)
1460 2749 1676 2820 boniS,
1717 2763 1874 2825 quae
1927 2747 2128 2826 gratia
2183 2747 2503 2825 Evangelii
2549 2749 2752 2818 affert,

210 2845 599 2907 enumeratis
639 2850 704 2906 et
738 2845 1230 2918 commendatis;
1266 2844 1522 2906 demum
1552 2861 1690 2905 eam
1720 2845 1990 2906 vindieat
2024 2842 2438 2924 (9‚11-11‚36)
2469 2845 2548 2904 ab
2577 2845 2754 2905 obie-

206 2943 559 3016 ctionibuS,
589 2959 751 3019 quae
779 2960 815 3002 a
841 2941 1087 3004 Iudaeis
1116 2941 1323 3002 afferri
1350 2945 1635 3018 potuere.

279 3049 621 3104 Exonnmm
650 3048 884 3114 (1,1-15)
926 3045 1175 3118 longiore
1212 3049 1431 3100 constat
1466 3042 1852 3116 inscriptione,
1890 3061 2000 3118 qua
2037 3046 2242 3100 Paulus
2279 3045 2520 3101 rationes
2546 3045 2756 3112 innuit,
2801 3095 2808 3104 .

208 3152 311 3190 cur
339 3133 610 3190 Romanis
637 3134 840 3190 scribat
866 3137 1079 3201 (1‚1-⁷),
1107 3141 1163 3188 et
1186 3132 1600 3189 benevolentiae
1627 3133 1962 3204 captatione,
1991 3141 2265 3204 quatenus
2288 3134 2672 3188 Romanorum
2695 3132 2758 3188 ss·

208 3223 341 3279 dem
370 3221 563 3277 laudat
590 3236 858 3293 suamque
888 3237 1016 3293 erga
1047 3235 1142 3276 eos
1166 3219 1369 3275 bonam
1402 3207 1744 3276 voluntatem
1765 3219 2086 3276 manifestat
2116 3222 2371 3290 (ιβ-15).

278 3314 443 3367 ΡΑιιε
472 3324 840 3366 noema-rma
866 3312 1251 3378 (1‚16-11‚36),
1284 3308 1440 3363 cuius
1465 3307 1640 3363 thesis
1664 3315 1776 3378 est,
1805 3309 2166 3380 Evangelium
2190 3309 2369 3364 solum
2393 3307 2588 3364 efficax
2617 3325 2755 3376 esse,

208 3409 271 3454 ut
326 3396 587 3453 omnibus
642 3395 961 3452 hominibus
1019 3395 1467 3452 iustificationem
1523 3395 1754 3464 afferat,
1817 3396 2020 3468 quippe
2077 3412 2220 3468 quae
2275 3395 2388 3452 fide
2443 3397 2761 3469 acquiratur

207 3489 511 3556 (μισ-18).

279 3581 333 3630 1.
367 3575 562 3642 Quam
590 3572 1111 3629 demonstraturus
1137 3571 1465 3644 (1,18-4,25)
1490 3570 1776 3628 hominem
1803 3570 1862 3626 in
1885 3569 2088 3643 triplici
2115 3579 2260 3627 statu
2285 3572 2443 3645 (legis
2471 3573 2756 3640 naturam,

459 3660 759 3727 mosaicae,
793 3659 1155 3732 evangelicae)
1182 3658 1541 3715 considerans
1569 3658 1830 3727 ostendit,
1861 3673 2054 3715 omnes
2077 3659 2331 3715 homines
2349 3660 2406 3715 in
2436 3661 2570 3733 legis
2595 3664 2760 3715 natu-

460 3749 595 3804 ralis
622 3756 770 3803 statu
795 3747 1083 3814 (ethnicos)
1112 3747 1247 3802 etin
1276 3753 1422 3802 statu
1456 3747 1592 3818 legis
1623 3747 1898 3802 mosaicae
1931 3746 2204 3818 (Iudaeos)
2233 3757 2457 3818 peccato
2493 3748 2763 3804 obnoxios

458 3836 561 3892 sub
610 3837 691 3891 ira
732 3834 839 3890 Dei
880 3834 1074 3905 fuisse,
1125 3835 1183 3891 in
1228 3833 1530 3906 Evangelio
1573 3841 1762 3890 autem
1805 3835 2109 3891 revelatam
2155 3850 2274 3892 esse
2321 3834 2576 3892 omnibus
2617 3835 2760 3892 viam

460 3923 673 3979 salutis.

530 4013 737 4067 Omnes
779 4009 1031 4066 homines
1077 4017 1205 4066 ante
1247 4009 1476 4065 allatum
1516 4009 1879 4083 Evangelium
1921 4009 2142 4066 divinae
2176 4010 2297 4066 irae
2340 4019 2496 4064 erant
2540 4011 2759 4067 obnoxii

458 4099 820 4168 (1‚18-3‚20);
855 4098 1077 4154 ethnici
1112 4099 1262 4154 enim
1300 4096 1650 4154 idololatriae
1694 4097 1866 4154 dediti
1911 4099 1972 4153 in
2011 4096 2328 4169 turpissima
2368 4109 2590 4169 peccata
2633 4109 2763 4155 sunt

460 4187 701 4258 prolapsi
731 4187 1031 4260 (1,18-32),
1060 4186 1279 4242 Iudaei
1307 4194 1489 4241 autem
1507 4229 1521 4255 ,
1558 4187 1690 4242 lieet
1718 4185 1788 4242 de
1815 4185 1951 4258 legis
1979 4186 2204 4241 scientia
2246 4186 2631 4257 gloriarentur,
2665 4203 2761 4244 ea-

460 4275 589 4331 dem
616 4283 840 4346 peccata
869 4272 1267 4330 commiserunt
1292 4279 1545 4343 (ΞΛ-24),
1573 4283 1740 4345 atque
1773 4273 1973 4329 frustra
1999 4274 2508 4343 circumcisionem,
2535 4291 2676 4346 quae
2702 4277 2762 4332 in

461 4359 629 4414 eorde
652 4374 765 4412 non
789 4367 900 4425 est,
934 4368 989 4413 et
1020 4361 1437 4428 promissiones,
1472 4375 1612 4430 quae
1644 4367 1867 4430 propter
1896 4360 2140 4430 ipsorum
2172 4359 2618 4415 incredulitatem
2647 4376 2760 4415 non

463 4445 776 4512 irritantur,
821 4443 1198 4518 praetendunt
1248 4450 1561 4514 (2,25-3,8).
1605 4449 1820 4502 Revera
1847 4461 2067 4506 omnes,
2117 4445 2351 4502 Iudaeos
2387 4457 2441 4502 et
2475 4447 2753 4513 ethni008‚

463 4549 583 4590 esse
620 4541 937 4605 peccatores
974 4531 1175 4588 docent
1213 4534 1421 4590 multae
1462 4535 1805 4605 scripturae,
1856 4549 1998 4605 quae
2039 4533 2300 4600 ludaeoS‚
2353 4533 2552 4607 quibus
2593 4533 2758 4590 datae

468 4631 627 4692 sunt,
656 4620 1134 4692 comprehendunt
1168 4621 1423 4692 (3‚9-20).
