3050 5184
788 348 864 392 ns
903 348 1256 394 morin-:ms
1297 348 1628 394 soenorum
1670 349 1745 392 m·
1786 346 2033 392 socam.
2566 329 2677 388 441

217 479 278 538 3.
309 511 393 522 —-
416 479 668 541 Unitate
697 485 762 542 et
787 485 934 560 apta
959 481 1234 559 partium
1267 481 1685 559 dispositione
1710 497 1849 541 sese
1882 479 2289 542 commendat
2324 478 2405 538 So
2412 477 2680 556 phoniae

147 573 428 648 libellus;
457 575 707 636 dicendi
745 581 956 638 autem
1005 594 1235 655 genere
1279 578 1498 638 multis
1536 582 1635 638 est
1674 577 1956 650 inferior,
1994 575 2283 654 quamvis
2324 574 2575 635 vividus
2618 576 2683 632 et

145 687 288 730 vere
318 673 603 748 poeticus
633 672 718 734 sit
739 673 877 734 eius
903 691 1132 735 sermo.

211 783 566 856 Languidum
591 801 656 841 ac
679 784 969 858 trigidum,
992 787 1146 842 omni
1182 786 1236 842 vi
1272 787 1488 858 poetica
1523 785 1881 856 destitutum,
1908 785 2061 841 haud
2082 801 2210 842 raro
2238 783 2538 840 obscurum
2564 797 2685 838 esse

146 867 514 942 sophoniam,
545 873 800 930 nonnulli
835 872 1093 930 moderni
1123 875 1455 945 interpretes
1481 890 1680 946 parum
1702 883 1853 930 recte
1877 872 2161 941 dixerunt;
2189 870 2327 928 illud
2348 881 2535 927 autem
2563 870 2685 924 iure

144 968 514 1030 monuerunt,
545 976 674 1017 eum
695 961 754 1018 in
783 959 936 1018 haud
969 961 1155 1033 paucis
1179 961 1254 1019 ab
1280 961 1685 1034 antiquioribus
1714 961 1999 1032 prophetis
2032 958 2363 1031 dependere.
2394 962 2467 1014 At
2496 957 2601 1014 hac
2626 957 2686 1012 in

145 1062 202 1102 re
240 1047 444 1104 similis
489 1057 572 1103 est
611 1049 828 1120 aequali
855 1065 956 1104 suo
985 1049 1248 1106 Ieremiae
1265 1093 1282 1118 ,
1313 1057 1370 1106 et
1396 1049 1597 1106 eadem
1624 1050 1859 1116 ratione,
1890 1063 2002 1122 qua
2042 1047 2153 1115 ille,
2199 1045 2685 1118 praedecessorum

145 1149 376 1190 suorum
398 1136 778 1206 expressiones
800 1137 876 1192 ita
905 1135 1184 1205 adhibuit,
1212 1145 1275 1192 ut
1301 1137 1424 1192 illas
1447 1136 1813 1208 amplificaret
1839 1151 1905 1192 ac
1927 1150 2057 1191 vere
2082 1150 2257 1190 novas
2285 1133 2506 1189 faceret.

221 1288 280 1343 4.
308 1318 391 1328 —
413 1285 638 1345 Libelli
671 1286 1000 1362 authentia
1015 1291 1078 1346 et
1102 1287 1426 1365 integritas
1446 1288 1683 1347 iterum
1703 1286 1781 1346 ab
1810 1284 2107 1346 omnibus
2126 1282 2526 1354 conceditur;
2552 1280 2687 1341 eius

145 1383 482 1442 auctoritas
511 1381 728 1443 divina
765 1383 896 1444 sola
938 1400 1290 1462 synagogae
1321 1389 1386 1444 et
1421 1382 1733 1444 Ecclesiae
1775 1381 2143 1442 testimonio
2192 1380 2676 1450 demonstratur,

146 1495 304 1553 quae
335 1494 483 1540 eum
508 1495 762 1558 semper
781 1480 846 1539 in
877 1495 1112 1539 canone
1142 1479 1524 1540 habuerunt.

840 1700 878 1783 ξ
913 1704 1022 1765 30.
1053 1735 1143 1748 -
1169 1701 1266 1766 De
1307 1699 1667 1788 Prophetia
1703 1697 1981 1789 Aqqaei.

225 1921 284 1977 1.
315 1951 397 1961 —-
424 1919 596 1980 Inter
617 1919 958 1998 prophetas
976 1967 990 1994 ,
1015 1937 1176 1998 quos
1197 1921 1375 1981 finito
1397 1920 1618 1980 exsilio
1642 1919 2039 1980 difficillimis
2062 1918 2535 1980 restaurationis
2556 1915 2683 1976 ini-

145 2015 254 2074 tiis
280 2017 454 2075 Deus
487 2015 726 2095 populo
751 2033 866 2076 suo
896 2015 1259 2087 suscitavit,
1289 2021 1575 2094 tempore
1616 2016 1864 2094 primus
1910 2021 2008 2076 est
2041 2017 2356 2096 quaeus,
2399 2015 2507 2093 qui
2534 2031 2590 2073 a.
2624 2017 2684 2072 2.

145 2111 318 2171 Darii
366 2111 848 2186 zorobabelem,
892 2112 1122 2173 ducem
1163 2113 1410 2191 populi,
1453 2118 1518 2174 et
1571 2113 1855 2185 Iosuam,
1890 2130 2209 2174 summum
2253 2111 2680 2180 sacerdotem,

147 2206 494 2284 permovit,
527 2211 597 2268 ut
625 2209 1048 2270 intermissam
1076 2210 1297 2288 templi
1327 2209 1831 2271 aedificationem
1862 2209 2325 2271 continuarent.

213 2322 346 2377 Non
373 2319 678 2377 admodum
703 2337 936 2396 magnus
973 2330 1095 2378 erat
1121 2321 1390 2378 reducum
1417 2337 1683 2379 numerus
1716 2325 1764 2390 (1
1802 2323 1983 2378 Esdr.
2020 2329 2149 2392 2,64
2178 2326 2287 2395 sq.)
2304 2365 2318 2386 ,
2350 2321 2559 2377 multae
2588 2335 2687 2376 au-

145 2417 258 2465 tem
287 2417 350 2464 et
374 2423 612 2480 magnae
653 2407 1004 2467 difficultates
1019 2454 1033 2480 ‚
1064 2425 1204 2482 quas
1232 2409 1574 2483 ierosolyma
1600 2409 1809 2466 reversi
1836 2409 2188 2467 invenerunt.
2220 2409 2324 2465 Vix
2354 2409 2501 2466 enim
2544 2417 2689 2464 tem·-

147 2497 302 2566 plum
329 2495 686 2551 reaedificare
713 2505 1040 2567 coeperant,
1073 2513 1248 2569 quum
1271 2496 1341 2554 ab
1368 2496 1623 2554 hostibus
1648 2512 1790 2568 opus
1816 2497 2139 2554 inchoatum
2163 2497 2489 2554 continuare
2514 2496 2689 2568 impe·

148 2583 250 2639 diti
277 2591 412 2638 sunt
446 2603 470 2636 α
500 2582 756 2639 omnibus
801 2582 993 2641 diebus
1019 2584 1143 2656 Cyri
1189 2592 1246 2640 et
1287 2600 1461 2657 usque
1500 2583 1574 2641 ad
1612 2600 1845 2657 regnum
1892 2585 2045 2640 Darii
2089 2607 2113 2637 υ
2149 2589 2197 2651 (1
2238 2583 2412 2640 Esdr.
2456 2590 2569 2652 4,4.
2610 2588 2685 2650 5).

147 2672 292 2727 Hinc
329 2671 546 2741 primus
581 2669 850 2727 reducum
894 2671 1062 2727 ardor
1099 2670 1344 2741 refrixit,
1377 2688 1552 2745 quum
1597 2681 1855 2744 putarent
1881 2687 2188 2744 poenarum
2235 2671 2401 2726 finem
2442 2668 2691 2725 nondum

147 2757 467 2826 advenisse3
494 2773 674 2830 neque
701 2756 956 2815 videntur
995 2757 1256 2828 defuisse,
1288 2759 1385 2831 qui
1412 2775 1586 2831 quum
1616 2774 1683 2815 ex
1708 2759 1865 2816 iactis
1894 2759 2271 2816 fundamentis
2300 2772 2508 2814 novum
2544 2765 2688 2812 tem-

147 2847 300 2917 plum
329 2845 403 2902 ad
433 2846 648 2918 pristini
675 2845 1028 2918 splendorem
1055 2862 1171 2902 non
1199 2861 1320 2902 esse
1347 2855 1645 2904 venturum
1672 2845 1963 2915 vidissent,
1998 2845 2067 2902 de
2093 2845 2293 2902 divinis
2320 2842 2689 2918 promissioni·

147 2935 248 2990 bus
275 2931 536 2988 dubitare
573 2933 898 3005 inciperent.
944 2932 1112 2990 Unde
1151 2943 1343 2990 exorta
1384 2943 1467 2990 est
1507 2934 1765 2992 socordia
1794 2933 2071 3008 quaedam
2117 2934 2177 2990 in
2202 2931 2369 2990 rebus
2395 2932 2687 3005 religiosiS,

147 3037 288 3092 quae
309 3035 384 3076 ne
402 3019 646 3092 repetitis
670 3019 896 3093 quidem
923 3019 1121 3076 divinis
1147 3021 1336 3091 poenis
1360 3020 1763 3091 excutiebatur,
1789 3031 1956 3094 atque
1977 3023 2269 3090 DominuS,
2300 3029 2362 3076 ut
2387 3019 2454 3076 ad
2486 3034 2691 3078 novum

147 3108 410 3165 ardorem
437 3106 670 3164 reduces
706 3109 998 3176 excitaret,
1030 3107 1266 3165 afflictos
1291 3110 1696 3178 consolaretur,
1728 3119 2044 3181 peccatores
2084 3108 2153 3164 ad
2184 3123 2374 3164 veram
2405 3109 2691 3179 poeniten-

147 3196 281 3252 tiam
310 3193 684 3266 adducerent,
715 3196 942 3252 ultimos
967 3196 1092 3252 illos
1120 3196 1404 3254 suscitavit
1429 3197 1759 3269 prophetaS,
1790 3197 1887 3268 qui
1912 3197 2271 3270 pristinarum
2298 3211 2527 3252 suarum
2559 3211 2690 3266 pro-

149 3283 474 3339 missionum
499 3297 630 3338 eum
656 3298 876 3354 semper
908 3298 1214 3340 memorem
1250 3299 1368 3340 esse
1407 3284 1782 3342 ostenderent.
1825 3285 1977 3341 Inter
2011 3299 2152 3356 quos
2180 3284 2391 3356 primus
2426 3289 2691 3356 Aqqaeus

149 3373 276 3460 (χιι)
315 3395 348 3435 a
367 3395 506 3434 voce
544 3385 622 3459 λῃ
659 3377 946 3447 festivitas)
975 3395 1075 3437 suo
1102 3379 1299 3454 festivi
1318 3389 1374 3436 et
1402 3381 1554 3438 laeti
1581 3381 1825 3450 nomine,
1858 3381 1939 3436 uti
1966 3381 2150 3436 innuit
2176 3381 2236 3435 S.
2268 3381 2689 3450 Hieronymus,

157 3511 181 3540 ι
209 3491 601 3549 seminandum
629 3508 748 3550 esse
789 3493 978 3550 docuit
1021 3495 1081 3550 in
1109 3496 1393 3568 lacrymis,
1438 3504 1502 3550 ut
1542 3495 1600 3550 in
1628 3495 1831 3567 gaudio
1860 3503 2047 3565 posset
2092 3493 2225 3550 meti
2268 3515 2293 3545 »
2343 3493 2435 3560 (ad
2480 3494 2691 3549 Paulin.

152 3597 234 3652 ep.
260 3585 435 3649 53,7)·
469 3580 736 3648 Quamvis
763 3581 932 3637 etiam
959 3581 1029 3636 ab
1057 3581 1232 3638 Esdra
1261 3584 1330 3650 (Ι.
1371 3587 1485 3650 5,1)
1522 3583 1861 3651 nominetur,
1892 3581 1961 3638 de
2004 3582 2121 3638 eius
2165 3590 2357 3638 tamen
2400 3582 2512 3638 vita
2550 3581 2691 3636 nihil

151 3669 284 3724 certi
319 3667 484 3724 nobis
518 3677 602 3723 est
629 3668 942 3740 cognitum,
975 3679 1194 3741 praeter
1219 3671 1338 3726 eius
1361 3685 1597 3738 nomen,
1632 3669 2016 3742 propheticam
2040 3669 2390 3743 dignitatem,
2424 3669 2692 3724 auxilium

153 3755 208 3810 in
229 3755 648 3812 restaurationis
673 3772 844 3828 opere
871 3756 1259 3814 exhortatione
1287 3773 1388 3814 sua
1413 3759 1762 3829 praestitum.

229 3909 284 3966 2.
316 3939 398 3951 —-
425 3907 704 3968 Libellus
731 3908 970 3986 Aggaei
1001 3912 1266 3986 quatuor
1293 3908 1739 3987 complectitur
1766 3913 2089 3970 serm'ones
2118 3925 2177 3969 a.
2210 3909 2268 3966 2.
2302 3906 2468 3966 Darii
2508 3905 2691 3966 habi-

155 4008 278 4076 t08‚
313 4019 588 4081 quorum
617 4007 744 4065 tres
782 4004 1028 4083 priores
1057 4003 1136 4064 de
1164 4005 1390 4082 templi
1417 4005 1851 4066 aedificatione
1882 4008 2105 4084 agunt,
2140 4008 2397 4081 quartus
2424 4001 2693 4081 promis-

155 4099 360 4160 siones
389 4100 792 4160 messianicas
823 4099 1042 4162 domui
1073 4101 1400 4161 davidicae
1439 4101 1594 4162 olim
1625 4101 1820 4162 factas
1850 4102 2203 4162 confirmat.

228 4219 276 4266 ι.
307 4213 410 4268 Die
437 4219 488 4268 1.
520 4228 598 4268 m.
625 4218 680 4268 6.
711 4229 762 4269 a.
791 4220 847 4268 2.
872 4215 1026 4269 Darii
1057 4212 1325 4284 propheta
1377 4213 1580 4284 populo
1621 4213 1992 4269 intermissam
2032 4211 2225 4282 templi
2257 4209 2695 4266 aedificationem

395 4299 738 4372 exprobrans
765 4309 935 4371 atque
957 4301 1304 4356 sterilitatem
1342 4308 1526 4356 terrae
1552 4315 1790 4371 poenam
1828 4297 2115 4355 socordiae
2152 4297 2303 4354 illius
2340 4314 2460 4355 esse
2490 4297 2696 4358 docens

401 4403 540 4459 opus
561 4387 806 4459 recipere
836 4403 930 4444 eos
958 4387 1110 4443 iubet
1139 4387 1398 4459 (1,1-11).
1443 4387 1659 4456 Quibus
1688 4386 1869 4442 verbis
1906 4384 2201 4442 obsecutus
2230 4386 2468 4456 populus
2496 4384 2691 4441 aediti-

399 4491 528 4532 care
554 4475 748 4546 incipit
774 4474 868 4531 die
889 4481 978 4532 24.
1012 4474 1258 4531 eiusdem
1289 4475 1494 4530 mensis
1527 4475 1795 4544 (1,12-2,1
1829 4473 1925 4544 a.).

229 4567 282 4616 2.
311 4563 412 4618 Die
427 4569 518 4619 21.
543 4579 621 4619 m.
645 4569 702 4618 7.
734 4578 864 4618 eum
886 4562 958 4620 ob
987 4561 1234 4618 viliorem
1264 4561 1394 4618 novi
1419 4560 1655 4618 aedificii
1678 4559 2053 4616 conditionem
2079 4562 2400 4618 consolatur
2422 4560 2695 4632 promisso

401 4649 590 4706 divino
618 4649 821 4706 auxilio
846 4653 954 4720 (2,1
980 4650 1123 4716 b.-6)
1154 4657 1210 4705 et
1237 4648 1444 4705 maiore
1468 4649 1596 4704 novi
1616 4648 1809 4718 templi
1837 4647 2131 4719 splendore
2164 4651 2419 4720 (tm-10).
