3050 5184
482 326 600 384 486
641 343 716 385 DE.
757 345 892 388 Nov1
931 346 1106 390 TEST.
1147 347 1342 390 Limus
1383 345 1737 390 HIS'rofflcls.
1770 363 1837 373 —
1877 345 2010 389 CAP.
2054 345 2095 388 1.
2144 345 2221 389 DE
2262 342 2603 388 EVANGssLns
2640 339 2930 383 swor'rmss.
3001 365 3004 410 ἰ

3002 419 3004 440 ι

481 476 604 527 760.
638 475 710 528 U.
737 475 798 530 C.
831 475 922 530 Fl.
955 477 1233 549 Iosephus
1257 485 1492 533 testatur
1523 478 1733 548 (Antiq.
1764 477 1977 532 xvul.
2012 481 2121 546 1,2)
2140 485 2197 531 et
2228 479 2415 530 Lucas
2432 473 2622 540 innuit,
2654 485 2805 542 quum
2826 469 2937 540 prio·

481 573 600 614 rem
637 561 811 630 illam,
843 579 986 634 quae
1017 572 1270 636 tempore
1297 563 1600 620 nativitatis
1626 565 1853 620 Domini
1880 565 2029 620 circa
2056 579 2113 620 a.
2146 569 2273 620 749.
2305 563 2377 618 U.
2417 561 2477 616 C.
2512 559 2650 615 faeta
2676 567 2775 624 est,
2802 577 2821 606 n
2842 557 2938 628 pri·

479 663 639 702 mam
679 649 932 717 Quirinio
975 651 1226 722 praeside
1274 673 1301 703 ι
1345 653 1605 724 appellet.
1650 651 1799 708 Hinc
1846 651 1957 707 duo
2004 659 2135 706 sunt
2170 650 2330 706 nobis
2370 645 2701 704 ostendenda
2742 649 2808 710 a.)
2838 643 2939 698 eirca

477 741 696 806 tempus
723 737 1026 794 nativitatis
1052 740 1282 794 Domini
1309 739 1627 808 Quirinium
1650 738 1815 794 fuisse
1842 738 2151 810 praesidem
2170 739 2381 811 Syriae,
2402 745 2565 810 atque
2588 735 2661 800 b.)
2686 733 2813 788 circa
2836 729 2941 784 idem

478 829 697 894 tempus
731 827 964 897 Augusti
1004 826 1250 882 edictum
1277 828 1472 883 exiisse
1507 828 1597 882 vel
1636 827 1695 882 iu
1730 827 2041 882 Palaestina
2070 827 2481 898 promulgatum
2514 838 2631 879 esse
2666 819 2730 876 de
2772 817 2943 888 imperio

477 908 858 967 describendo.
893 915 1066 985 Atqui
1104 914 1255 985 prius
1283 914 1450 970 hodie
1479 915 1571 968 vix
1598 913 1986 982 addubitatur,
2020 929 2097 969 sc.
2128 915 2195 969 P.
2233 911 2531 983 sulpitium
2559 907 2847 978 Quirinium
2868 919 2942 958 non

475 1003 696 1053 tantum
727 1000 914 1072 Syriae
949 1001 1249 1072 praefuisse
1277 1001 1347 1058 ab
1375 1018 1426 1056 a.
1458 1007 1747 1058 760.-764.
1778 1003 1853 1058 U.
1886 1003 1971 1070 C.,
2003 1000 2103 1056 sed
2132 1001 2301 1056 etiam
2338 999 2451 1054 iam
2478 1006 2640 1054 antea
2664 995 2732 1052 ab
2758 1011 2805 1051 a.
2834 999 2943 1048 ⁷5⁰.-

479 1089 602 1140 753.
633 1089 944 1157 Augustum
965 1097 1150 1144 autem
1170 1089 1601 1160 descriptionem
1622 1087 1839 1161 imperii
1866 1088 2100 1144 edixisse
2118 1087 2397 1159 colligitur
2415 1101 2483 1142 ex
2504 1083 2763 1142 Suetonii
2788 1083 2942 1149 (θείειν.
3004 1151 3006 1160 Α

477 1177 566 1226 28.
603 1179 723 1240 101)
754 1181 810 1230 et
840 1177 1036 1231 Taciti
1061 1177 1281 1243 (Annal.
1316 1178 1359 1232 1.
1397 1176 1483 1247 11)
1511 1175 1873 1246 testimoniis,
1902 1176 1997 1248 qui
2034 1175 2429 1248 imperatorem
2467 1189 2565 1228 sua
2602 1187 2766 1228 manu
2788 1167 2946 1224 tabula>

479 1257 782 1318 confecisse
817 1261 1094 1334 referunt,
1129 1265 1188 1320 in
1217 1262 1416 1336 quibus
1453 1271 1635 1319 totum
1663 1263 1959 1335 imperium
1998 1261 2394 1318 recensebatur
2428 1277 2533 1317 nec
2572 1260 2691 1316 sola
2724 1257 2860 1314 Italia
2886 1263 2945 1308 aut

479 1348 630 1403 solae
665 1350 1013 1420 provinciae,
1041 1350 1140 1408 sed
1165 1367 1335 1422 regna
1367 1366 1589 1423 quoque
1618 1351 1765 1407 socia
1794 1367 2101 1422 eorumque
2124 1351 2374 1406 omnium
2404 1365 2567 1421 opeS,
2602 1341 2947 1412 exercitus‚tn-

479 1432 612 1491 buta
659 1443 764 1492 etc.
814 1438 1456 1511 comprehendebantur3
1504 1437 1775 1494 eiusmodi
1820 1448 2008 1494 autem
2050 1437 2269 1494 tabulas
2310 1437 2519 1508 absque
2564 1435 2760 1507 integri
2794 1427 2950 1500 imperii

482 1520 850 1596 descriptione
879 1525 1072 1581 confici
1102 1543 1215 1582 non
1257 1527 1504 1598 potuisse
1533 1534 1703 1598 patet.
1738 1527 1911 1581 Porro
1940 1524 2273 1581 indirectum
2302 1524 2552 1581 Suetonii
2580 1532 2638 1579 et
2662 1519 2822 1578 Taciti
2845 1517 2950 1572 testi·

481 1611 732 1666 monium
760 1611 980 1669 directis
1007 1615 1338 1670 testimoniis
1377 1613 1733 1670 cassiodori
1770 1613 2005 1680 (Variar.
2044 1615 2148 1669 ΙΙΙ.
2179 1617 2271 1682 52)
2300 1620 2357 1667 et
2384 1612 2614 1668 Suidae
2642 1608 2830 1678 (Lexic.
2858 1622 2893 1659 s.
2918 1620 2951 1654 v.

482 1697 763 1769 ἀπογραφή)
800 1701 1182 1766 confirmatur,
1228 1717 1368 1772 quos
1404 1717 1436 1757 a
1483 1703 1633 1758 Luca
1672 1717 1787 1756 non
1824 1699 2138 1773 dependere
2176 1715 2371 1756 eorum
2410 1699 2579 1754 verba
2615 1698 2952 1754 demonstrant.

482 1786 694 1855 Quibus
727 1787 939 1844 accedit
967 1788 1372 1845 Tertullianus
1403 1793 1472 1856 (c.
1505 1791 1679 1844 Marc.
1708 1791 1805 1844 lv.
1836 1794 1941 1856 19),
1970 1789 2086 1860 qui,
2108 1803 2283 1860 quum
2311 1786 2743 1858 descriptionem
2766 1799 2847 1855 per
2866 1781 2952 1834 Sen-

481 1872 622 1928 tium
645 1875 1001 1931 Saturninum
1027 1875 1232 1932 saetam
1253 1875 1404 1932 dicat
1419 1920 1432 1944 ‚
1463 1877 1630 1932 etiam
1653 1891 1685 1931 a
1712 1878 1863 1932 Luca
1887 1892 1998 1931 non
2028 1873 2323 1947 dependet.
2345 1873 2456 1931 Sed
2482 1891 2669 1946 neque
2688 1873 2849 1928 Lucae
2864 1881 2955 1922 cou-

482 1959 705 2016 tradicit
723 1963 1117 2032 TertullianuS,
1144 1963 1448 2019 dummodo
1476 1973 1804 2032 statuamus,
1835 1963 2265 2034 descriptionem
2292 1962 2617 2018 inchoatam
2644 1975 2777 2026 esse,
2798 1951 2959 2029 quandss

481 2047 700 2104 Sentius
727 2051 1056 2106 Saturninus
1084 2065 1303 2120 praeses
1322 2051 1508 2123 Syriae
1536 2049 1639 2106 fuit
1658 2055 2002 2120 (746.-748.),
2031 2051 2411 2106 continuatam
2438 2049 2541 2105 sub
2568 2051 2693 2106 eius
2710 2057 2959 2104 successore

481 2137 546 2190 P.
577 2136 879 2205 Quinctilio
907 2139 1054 2192 Varo
1085 2143 1426 2207 (748.-750.),
1457 2139 1808 2194 terminatam
1839 2155 1870 2193 a
1903 2141 1965 2194 P.
2006 2139 2237 2211 Sulpitio
2266 2137 2517 2208 Quirinio
2550 2129 2959 2205 (750.-753.j.iu
3006 2163 3008 2176 .

483 2231 546 2278 ut
591 2222 890 2295 descriptio
937 2226 1220 2281 Saturnini
1258 2227 1344 2280 vel
1387 2226 1621 2294 Quirinii
1667 2226 1935 2297 appellari
1983 2226 2251 2295 potuerit,
2294 2225 2542 2297 quamvis
2588 2241 2657 2281 eo
2696 2239 2855 2286 anno,
2888 2232 2961 2289 qm

484 2309 737 2366 Christus
765 2321 928 2367 natus
957 2321 1040 2368 est
1079 2313 1148 2384 (a.
1189 2319 1312 2368 748.
1347 2314 1434 2368 vel
1469 2315 1619 2382 749.)
1649 2315 1830 2370 Varus
1866 2314 2082 2385 Syriam
2121 2313 2554 2369 administraret.
2596 2313 2845 2384 Reliqua,
2866 2319 2960 2378 ηυδε

483 2406 676 2454 contra
716 2397 1142 2470 descriptionem
1184 2400 1537 2468 obiiciantur,
1579 2400 1785 2456 nullius
1819 2409 1949 2456 sunt
1984 2401 2256 2457 momenti
2286 2421 2301 2456 t
2334 2401 2418 2456 Fl.
2460 2401 2739 2472 Iosephus
2762 2415 2849 2464 ea,
2868 2406 2961 2465 φὶ(

489 2484 704 2550 ludaeis
743 2486 933 2542 odiosa
963 2495 1148 2556 erant,
1177 2488 1619 2558 praetermittere
1642 2489 1811 2556 solet,
1840 2503 2012 2559 quare
2050 2489 2168 2544 eius
2204 2488 2485 2543 silentium
2515 2488 2799 2544 immerito
2822 2479 2959 2540 obiici-

482 2583 600 2642 tur3
645 2573 925 2642 HerodeS,
967 2575 1062 2645 qui
1097 2575 1202 2629 isto
1239 2583 1489 2645 tempore
1525 2583 1817 2647 tamquam
1864 2595 1889 2626 α
1929 2591 2026 2630 rex
2064 2575 2349 2630 restitutus
2388 2595 2413 2626 ιο
2456 2575 2557 2631 soli
2608 2569 2962 2632 benevolentiae

483 2662 835 2732 imperatoris
859 2678 1094 2735 regnum
1129 2678 1290 2717 suum
1329 2661 1589 2730 debebat,
1623 2660 1895 2733 impedire
1922 2677 2032 2718 non
2063 2663 2260 2733 potuit,
2289 2662 2589 2734 quominus
2619 2679 2720 2735 per
2742 2661 2963 2732 magistu·

479 2759 572 2804 tus
617 2765 879 2806 romanos
915 2750 1206 2821 descriptio
1246 2750 1589 2806 Palaestinae
1624 2751 1810 2818 fieret3
1849 2749 2205 2822 magistratus
2241 2758 2426 2806 autem
2462 2752 2717 2818 romani,
2760 2755 2967 2822 quantum

485 2838 601 2892 lieri
633 2839 836 2908 potuit,
870 2853 1090 2909 semper
1117 2853 1234 2894 sese
1263 2838 1484 2909 populis
1518 2837 1780 2894 subiectis
1807 2837 2303 2894 accommodabant
2328 2837 2567 2909 ideoque
2612 2839 2782 2894 etiam
2819 2829 2967 2890 descri-

483 2927 729 2996 ptionem
767 2925 1109 2981 Palaestinae
1151 2925 1456 2982 secundum
1493 2941 1710 2982 morem
1748 2925 2085 2981 Iudaeorum
2128 2925 2406 2992 fecerunt,
2452 2941 2520 2980 ex
2562 2941 2681 2997 quo
2728 2920 2901 2994 singuli
2932 2917 2967 2969 in

482 3013 604 3068 loco
634 3012 860 3085 originis
889 3011 1274 3080 censebantur,
1306 3013 1383 3069 ita
1413 3021 1476 3068 ut
1511 3016 1569 3070 S.
1604 3013 1840 3085 Iosepho
1870 3011 2168 3084 descriptio
2202 3020 2345 3068 esset
2374 3027 2541 3068 causa
2574 3013 2793 3068 itineris
2812 3005 2969 3065 bethle-
3008 3057 3010 3092 Ξ

483 3099 745 3155 hemitici.
785 3131 857 3140 -
893 3101 1124 3156 Etiamsi
1167 3101 1288 3172 quis
1331 3100 1500 3172 igitur
1538 3100 1608 3156 ab
1654 3099 2041 3172 Evangelistae
2086 3101 2447 3171 inspiratione
2492 3098 2821 3157 abstrahere
2852 3092 2967 3149 velit.
3008 3151 3010 3158 .

454 3233 460 3236 .
483 3188 668 3242 omnia
692 3203 834 3258 quae
859 3187 928 3243 de
956 3187 1324 3259 descriptione
1352 3189 1585 3258 Augusti
1614 3196 1670 3243 et
1696 3188 1766 3244 de
1786 3188 1908 3243 aliis
1934 3187 2101 3244 rebus
2134 3187 2376 3258 profanis
2403 3188 2639 3243 tertium
2666 3183 2969 3257 Evangelium

480 3273 677 3344 tradit,
713 3275 873 3331 facile
901 3275 1184 3344 admittet,
1218 3274 1524 3330 dummodo
1553 3292 1623 3330 ne
1652 3272 2003 3346 praeiudiciis
2029 3275 2099 3330 sit
2126 3283 2447 3330 occaecatus

563 3445 658 3502 11.
690 3477 771 3486 —
799 3443 862 3502 S.
895 3443 1094 3503 Lucas
1143 3443 1208 3503 in
1255 3461 1483 3520 magna
1534 3443 1793 3521 quidem
1840 3443 2147 3521 Evangelii
2186 3447 2360 3522 parte
2400 3443 2631 3503 eadem
2670 3445 2827 3512 fere,
2858 3453 2971 3516 qua·⁸

482 3537 607 3598 duo
638 3539 744 3598 alii
774 3539 1123 3618 Synoptici‚
1157 3539 1348 3600 tradit
1379 3539 1488 3599 sed
1529 3541 1730 3601 multa
1766 3557 2019 3618 quoque
2060 3539 2136 3598 iis
2165 3539 2343 3600 addit
2377 3543 2440 3598 et
2467 3539 2587 3598 alia
2632 3539 2889 3601 omittit.
2916 3534 2973 3591 ita

480 3639 552 3696 ut
577 3653 972 3713 nequaquam
1011 3637 1090 3696 ab
1130 3637 1256 3696 illis
1287 3636 1668 3715 dependeat;
1702 3636 1779 3696 ad
1809 3637 1999 3696 finem
2030 3654 2211 3696 suum
2250 3637 2643 3714 peculiarem
2686 3635 2883 3714 potius
2909 3633 2973 3688 at·

478 3735 692 3792 tentus
723 3731 860 3792 illas
889 3750 990 3792 res
1017 3736 1222 3811 gestas
1253 3733 1694 3810 doctrinasque
1734 3733 1985 3792 Domini
2024 3732 2244 3810 elegit,
2277 3749 2433 3810 quas
2473 3737 2655 3811 aptas
2696 3751 2829 3793 esso
2858 3727 2975 3789 iudi-

480 3828 646 3888 cavit
671 3829 939 3906 illasque
970 3829 1407 3907 chronologice
1439 3829 1524 3888 ita
1556 3828 1897 3907 disposuit,
1927 3834 2000 3888 ut
2030 3845 2240 3889 earum
2278 3830 2637 3890 narratione
2678 3827 2975 3890 lectoribu.<

478 3924 729 4001 plenam
760 3941 1010 3997 eorum,
1046 3941 1212 4003 quae
1241 3925 1398 3984 orali
1430 3925 1831 3985 institutione
1862 3924 2247 3996 didicerant,
2280 3925 2459 3985 daret
2486 3925 2937 3988 certitudinem.

548 4039 702 4107 Quae
722 4039 782 4094 S.
809 4039 990 4093 Lucas
1013 4037 1242 4108 reliquis
1261 4039 1563 4110 synopticis
1584 4037 1897 4108 Evangeliis
1920 4035 2155 4108 addidit,
2180 4039 2295 4094 iam
2314 4039 2662 4096 enumeravit
2678 4041 2739 4096 S.
2762 4041 2981 4094 irenaeus

481 4129 550 4190 (c.
589 4127 763 4181 Haer.
808 4126 911 4181 111.
947 4130 1062 4192 14);
1113 4141 1225 4196 quo
1272 4134 1494 4196 praeter
1538 4125 1813 4198 integram
1856 4126 1983 4180 eius
2026 4125 2355 4182 relationem
2394 4126 2465 4182 de
2510 4126 2747 4183 infautia
2792 4129 2979 4182 nomm*

481 4211 775 4283 (1‚5-2‚52)
815 4213 980 4284 longa
1017 4211 1263 4268 narratio
1300 4209 1369 4267 de
1406 4212 1698 4268 itineribus
1732 4213 2193 4285 ierosolymitanis
2228 4215 2471 4272 maxime
2496 4223 2713 4286 spectat
2748 4213 2979 4280 (9‚51-1⁸-

480 4305 590 4366 31).
619 4301 1008 4355 Nan-ationem
1037 4299 1190 4355 solus
1217 4300 1327 4354 iam
1358 4301 1547 4372 incipit
1575 4299 1643 4356 ab
1672 4301 2099 4357 annunciatione
2123 4303 2501 4374 conceptionis
2529 4303 2753 4360 Ioaun'ss
2778 4303 2839 4356 B.
2868 4311 2983 4354 eam·

481 4402 588 4457 quc
630 4403 806 4457 usque
844 4385 915 4441 ad
952 4387 1332 4444 ascensionem
1372 4389 1599 4444 Domini
1638 4404 1769 4444 cum
1805 4391 1861 4445 S.
1904 4391 2091 4444 Marco
2129 4389 2403 4461 perducit.
2444 4395 2516 4446 At
2542 4391 2717 4447 multa
2744 4399 2983 4462 quoquea

479 4473 764 4528 Matthaeo
793 4481 850 4528 et
873 4476 1064 4530 Marco
1097 4475 1298 4531 tradita
1334 4476 1753 4547 praetermittit,
1788 4492 1969 4549 neque
1996 4485 2217 4533 tantum
2238 4480 2538 4552 pleraque,
2569 4493 2713 4551 quae
2750 4476 2987 4533 Dominus

483 4561 629 4628 apud
667 4561 1014 4616 Matthaeum
1040 4571 1234 4619 contra
1265 4563 1593 4618 Pharisaeos
1631 4563 1905 4636 disputat,
1932 4564 2029 4621 sed
2056 4580 2322 4636 magnam
2358 4583 2583 4640 quoque
2610 4575 2825 4640 partem
2856 4558 2987 4618 mini·

483 4643 630 4699 sterii
659 4645 896 4714 galilaici
929 4649 1121 4712 (Marc.
1149 4657 1462 4719 6‚45-8‚26;
1486 4653 1699 4707 Manu.
1740 4658 1796 4707 11
1828 4657 2131 4722 22-16,12).
