3050 5184
409 331 526 391 216
631 348 704 391 nn
748 349 888 393 vm.
935 349 1190 395 rasum.
1239 349 1428 393 meurs
1467 348 1824 393 urst-omem.
1868 366 1948 376 —
1990 349 2123 393 CAP.
2170 349 2211 393 1.
2258 350 2336 393 ns.
2381 348 2827 393 rnuureccno.

407 491 572 532 sensu
591 479 865 553 intelligat
887 495 1110 537 necesse
1141 489 1240 537 est.
1275 506 1300 530 α
1326 480 1512 536 Thora
1544 480 1851 536 Ezechielis
1880 501 1906 531 ι»
1940 495 2053 536 non
2088 480 2270 535 minus
2304 495 2469 551 quam
2498 500 2521 530 ι
2550 478 2725 535 codex
2752 492 2947 533 sacer-
3035 522 3036 525 ,

407 562 606 620 dotalis
636 586 661 617 n
695 582 849 623 mera
873 577 1002 623 sunt
1025 568 1287 640 figmenta
1314 568 1711 623 rationalistica
1738 567 1841 634 (el'r
1866 568 2018 623 Diss.
2050 569 2147 623 VI.
2178 572 2209 635 §
2240 572 2403 637 ΝΑ).

1024 780 1058 861 §
1087 784 1153 843 7.
1185 814 1274 829 -
1301 780 1396 843 De
1431 778 1873 844 Pentateuckz'
1898 778 2319 843 auctoritate.

487 985 542 1042 1.
575 1018 652 1027 ———
681 987 1118 1047 Demonstrata
1166 988 1444 1047 mosaica
1477 987 1880 1047 Pentateuchi
1928 987 2169 1064 origine
2217 986 2405 1046 simul
2450 987 2647 1047 etiam
2692 986 2953 1045 demon·
3035 998 3036 1061 g

403 1083 601 1139 strata
629 1080 756 1139 iam
785 1086 880 1141 est
905 1086 1228 1143 auctoritas
1257 1084 1543 1143 historica
1570 1087 1835 1160 quatuor
1858 1083 2226 1143 ultimorum
2254 1082 2584 1155 librorum,
2618 1083 2685 1141 in
2716 1081 2953 1159 quibus
3035 1126 3036 1137 ,

406 1176 652 1251 Moyses
679 1194 750 1235 ea
775 1183 1013 1249 narrat,
1051 1197 1207 1257 quae
1233 1184 1339 1240 aut
1363 1181 1498 1258 ipse
1527 1180 1726 1259 gessit
1752 1183 1859 1239 aut
1888 1180 2027 1257 ipso
2056 1183 2384 1257 praesente
2412 1182 2588 1255 gesta
2616 1182 2785 1238 sunt.

474 1280 695 1333 Etenim
718 1281 762 1335 si
786 1281 1037 1353 profanis
1061 1282 1423 1354 scriptoribus
1441 1299 1531 1339 res
1554 1300 1586 1339 a
1606 1298 1665 1339 se
1684 1292 1781 1339 aut
1798 1298 1897 1339 suo
1918 1291 2167 1353 tempore
2190 1290 2373 1355 gestas
2393 1282 2749 1337 narrantibus
2776 1280 2951 1337 fidem
3035 1274 3036 1287 ἢ

404 1368 518 1421 ‘non
549 1382 846 1436 negamuS,
877 1371 1054 1427 multo
1083 1371 1293 1427 maiore
1321 1369 1430 1426 fide
1461 1370 1663 1443 dignus
1700 1369 2008 1426 censendus
2040 1378 2124 1425 est
2150 1372 2386 1443 Moyses.
2422 1370 2621 1425 Coram
2654 1369 2767 1424 illis
2794 1370 2951 1424 enim
3035 1376 3036 1383 ’

403 1452 576 1509 libros
599 1470 728 1511 suos
754 1457 977 1528 scripsit
1003 1466 1060 1513 et
1086 1458 1248 1530 legit,
1279 1458 1375 1529 qui
1400 1474 1577 1529 aeque
1602 1466 1768 1529 atque
1796 1458 1913 1530 ipse
1940 1473 2129 1513 rerum
2150 1466 2503 1513 narratarum
2527 1465 2699 1513 testes
2721 1456 2951 1512 fuerant
3035 1492 3036 1497 κ

403 1549 502 1596 aut
519 1557 554 1597 a
577 1542 824 1613 patribus
856 1546 969 1600 suis
992 1561 1086 1600 eas
1109 1554 1367 1601 accurate
1391 1544 1743 1612 audiverant3
1766 1547 1812 1600 is
1839 1554 2025 1601 autem
2053 1545 2130 1599 illi
2163 1545 2263 1600 fuit
2288 1544 2560 1600 scribendi
2592 1543 2719 1599 finis
2739 1552 2809 1598 ut
2831 1558 2949 1599 ma·
3035 1588 3036 1595 ,

403 1628 526 1700 gnis
549 1630 655 1685 Dei
676 1630 958 1687 beneficiis
981 1632 1278 1703 propositis
1306 1632 1451 1688 filios
1471 1634 1645 1689 Israel
1673 1632 1743 1687 ad
1762 1632 1981 1688 fidelem
2007 1633 2168 1704 Legis
2188 1632 2363 1687 durae
2391 1641 2447 1687 et
2468 1632 2735 1687 molestae
2754 1630 2949 1687 obser·
3035 1648 3036 1689 3

408 1717 678 1772 rationem
706 1719 1058 1787 perduceret,
1091 1728 1259 1789 atque
1285 1728 1348 1774 ut
1377 1736 1516 1790 opus
1543 1736 1705 1775 suum
1734 1728 1877 1776 esset
1910 1741 1935 1771 α
1964 1721 2023 1775 in
2051 1720 2429 1776 testimonium
2456 1727 2648 1775 contra
2680 1718 2859 1775 Israel
2892 1740 2943 1771 n.
3035 1714 3036 1773 f

402 1802 934 1875 Quomodocumque
958 1806 1124 1877 igitur
1137 1822 1227 1863 res
1246 1806 1647 1875 consideratur,
1671 1806 1957 1863 fatendum
1980 1815 2081 1875 est,
2104 1810 2333 1880 Moysen
2355 1822 2423 1863 ne
2444 1806 2685 1877 potuisse
2710 1806 2945 1878 quidem
3035 1798 3036 1849 Ϊ

405 1906 632 1962 magna,
673 1907 813 1962 quae
849 1901 1067 1961 narrat,
1107 1893 1372 1949 miracula
1413 1895 1647 1967 fingere,
1686 1895 1733 1949 si
1770 1894 2059 1961 voluisset3
2100 1893 2169 1949 ab
2207 1894 2508 1966 impostore
2544 1894 2694 1949 enim
2729 1895 2946 1966 Legem
3035 1924 3036 1949 3

403 1976 508 2032 sibi
530 1978 737 2050 imponi
763 1979 1042 2035 Israelitae
1071 1997 1182 2035 non
1207 1982 1474 2037 sivissent.
1644 1988 1647 1993 '

481 2130 644 2187 2.-
673 2132 751 2189 At
781 2129 846 2188 in
877 2128 1102 2189 Genesi
1134 2146 1382 2207 quoque
1425 2147 1675 2191 summa
1722 2134 1819 2191 est
1866 2131 1999 2191 eius
2044 2131 2383 2191 auctoritas
2425 2130 2754 2203 historica,
2791 2130 2945 2191 licet
3035 2118 3036 2125 ἵ

407 2242 656 2297 eorum,
699 2242 854 2301 quae
899 2226 962 2284 in
1002 2226 1107 2285 illa
1148 2230 1491 2300 narrantur,
1531 2228 1712 2287 testis
1751 2243 1879 2286 non
1926 2226 2138 2287 fuerit.
2170 2226 2545 2304 Praeprimis
2594 2227 2765 2286 enim
2806 2228 2945 2305 ipsa
3035 2236 3036 2295 j

409 2320 635 2397 Moysis
661 2338 928 2397 persona
955 2326 1140 2399 atque
1170 2324 1542 2383 narrationis
1574 2324 1820 2383 indoles
1843 2323 1991 2385 satis
2014 2322 2138 2381 iam
2167 2326 2494 2395 testantur,
2512 2340 2653 2382 vere
2680 2322 2943 2383 histori-
3035 2320 3036 2377 l

405 2432 551 2475 cum
581 2434 742 2494 opus
773 2435 910 2477 esse
941 2419 1229 2479 Genesin.
3035 2420 3036 2423 ’

469 2531 687 2602 Moyses
709 2530 768 2585 in
795 2531 1004 2586 ultimis
1025 2532 1138 2587 suis
1160 2532 1315 2589 libris
1343 2532 1502 2589 nobis
1531 2542 1763 2603 apparet
1789 2541 2073 2607 tamquam
2102 2535 2317 2605 legatus
2350 2531 2593 2599 divinuS,
2626 2532 2723 2602 qui
2747 2533 2942 2605 singu·

401 2616 502 2671 lari
528 2616 698 2672 modo
727 2633 758 2673 a
788 2619 906 2675 Deo
933 2619 1168 2685 electus,
1199 2627 1586 2689 conservatuS,
1628 2628 1855 2675 vocatus
1887 2620 2090 2690 populo
2120 2634 2221 2675 suo
2250 2618 2653 2691 legislationem
2694 2618 2943 2677 divinam

400 2702 643 2784 traderet
669 2720 908 2777 eumque
930 2706 1003 2761 ad
1028 2706 1184 2762 illam
1211 2706 1615 2763 observandam
1644 2707 1891 2762 erudiret
1914 2716 1969 2761 et
1990 2706 2287 2763 efficaciter
2316 2706 2725 2762 exhortaretur.
2748 2708 2941 2780 Legis·
3035 2742 3036 2747 κ

400 2792 593 2847 lationi
611 2802 798 2848 autem
819 2809 954 2849 suae
977 2796 1127 2850 velut
1144 2793 1612 2851 introductionem
1632 2794 1914 2865 praemisit
1932 2794 2191 2861 Genesin,
2213 2795 2271 2848 in
2308 2808 2417 2864 qua
2452 2794 2791 2865 peculiarem
2814 2812 2941 2864 pro-

400 2879 726 2950 videntiam,
759 2896 866 2951 qua
898 2885 1046 2937 Deus
1073 2882 1143 2937 ab
1171 2881 1325 2937 initio
1353 2882 1651 2937 creationis
1687 2881 1935 2937 humano
1962 2882 2151 2953 generi
2176 2881 2552 2953 invigilaverat
2574 2889 2740 2953 atque
2772 2882 2941 2938 Abra·
3035 2886 3036 2917 ἒ

401 2966 626 3023 hamum
655 2970 880 3039 eiusque
909 2984 1116 3033 semen,
1142 2978 1203 3023 ut
1222 2970 1279 3023 in
1301 2985 1366 3024 eo
1386 2984 1580 3024 omnes
1604 2977 1795 3040 gentes
1812 2967 2285 3038 benedicerentur,
2310 2984 2441 3038 prae
2464 2970 2661 3025 ceteris
2684 2970 2943 3025 omnibus

399 3055 666 3126 elegerat,
699 3054 998 3110 lectoribus
1027 3056 1141 3109 suis
1166 3064 1293 3111 ante
1318 3056 1508 3111 oculos
1538 3055 1738 3126 posuit,
1770 3054 1936 3127 idque
1965 3072 2093 3111 eum
2120 3057 2177 3111 in
2204 3056 2395 3125 finem,
2427 3064 2489 3111 ut
2516 3056 2755 3127 populus
2772 3056 2941 3113 liben-

400 3143 540 3198 tiore
567 3142 753 3197 animo
777 3143 985 3213 Legem
1025 3144 1469 3213 amplecteretur.
1513 3146 1661 3199 Num
1690 3143 1818 3198 talis
1845 3158 1909 3199 ac
1939 3151 2125 3200 tantus
2154 3143 2238 3198 vir
2266 3142 2417 3199 hisce
2449 3144 2506 3197 in
2533 3142 2943 3200 conditionibus

403 3230 610 3300 positus
638 3227 709 3284 ad
738 3228 886 3285 hunc
913 3228 1085 3285 finem
1112 3229 1567 3301 consequendum
1596 3229 1811 3287 fabulas
1838 3229 2170 3303 mythosque
2189 3231 2443 3303 colligere
2462 3238 2629 3301 atque
2648 3231 2803 3287 velut
2821 3248 2940 3287 cer-

405 3326 522 3371 tam
563 3314 850 3371 historiam
890 3330 1200 3387 proponere
1243 3318 1460 3389 potuit?
1489 3321 1693 3373 Annon
1734 3318 1915 3389 potius
1940 3316 2237 3373 dicendum
2278 3326 2389 3386 est,
2470 3332 2567 3371 um
2602 3316 2747 3373 nihil
2770 3318 2943 3373 literis

401 3401 720 3473 mandasse,
751 3403 854 3460 nisi
883 3403 1035 3476 quod
1062 3403 1496 3471 diligentissimis
1521 3404 2031 3477 investigationibus
2054 3420 2247 3460 verum
2276 3413 2331 3460 et
2352 3420 2415 3459 ce
2472 3418 2569 3459 um
2588 3418 2709 3459 esse
2732 3420 2939 3476 cogno·
3035 3412 3036 3475 ζ

402 3493 594 3546 verat?
620 3520 690 3530 -
720 3493 839 3547 Iam
867 3507 997 3547 vero
1027 3507 1158 3548 eum
1185 3491 1260 3547 ita
1291 3494 1493 3565 egisse,
1525 3492 1689 3548 docet
1712 3492 2042 3548 narrationis
2068 3491 2301 3547 indolcS.

471 3578 727 3633 Narratio
754 3578 812 3633 in
840 3579 1023 3651 priore
1047 3587 1202 3651 parte
1222 3579 1404 3636 sobria
1434 3587 1490 3635 et
1515 3580 1698 3635 ieiuna
1724 3588 1845 3635 tum
1868 3579 2097 3635 demum
2120 3580 2393 3649 copiosior
2416 3586 2473 3634 et
2494 3577 2721 3635 uberior
2738 3578 2937 3637 evadit.

401 3664 495 3721 ubi
521 3674 716 3720 auctor
741 3667 813 3721 ad
839 3667 936 3722 illa
964 3675 1216 3737 tempora
1243 3667 1513 3739 pervenit,
1547 3683 1784 3737 quorum
1812 3674 2021 3722 certam
2043 3664 2399 3722 traditionem
2430 3666 2587 3721 facile
2614 3666 2821 3722 habere
2844 3682 2935 3737 po-

399 3753 524 3808 tuit.
557 3752 636 3807 Ex
665 3761 780 3809 tota
813 3754 1084 3824 primitiva
1113 3755 1344 3811 historia
1375 3762 1591 3827 praeter
1620 3754 1970 3826 genealogias
1989 3754 2117 3810 illos
2140 3754 2287 3809 solos
2312 3762 2539 3809 eventus
2562 3762 2773 3822 narrat,
2802 3770 2932 3825 quo-

400 3836 524 3895 rum
555 3842 822 3897 memoria
851 3841 922 3898 ob
953 3857 1147 3898 eorum
1183 3842 1512 3913 gravitatem
1552 3842 1731 3912 perire
1759 3857 1871 3897 non
1897 3850 2155 3912 potuerat
2186 3842 2657 3912 (protoparentum
2685 3840 2931 3913 lapsum,

398 3929 552 3984 Caini
592 3927 982 3998 fratricidium,
1021 3929 1237 4003 generis
1271 3928 1501 3985 humani
1529 3930 1966 4001 corruptionem,
2003 3929 2311 3996 diluvium).
2346 3930 2538 4001 Neque
2564 3927 2744 3984 fusior
2770 3929 2931 3983 estin

400 4014 625 4071 historia
663 4024 1005 4088 temporum,
1037 4033 1179 4089 quae
1207 4015 1474 4072 diluvium
1509 4016 1828 4073 immediate
1856 4026 2041 4072 secuta
2076 4026 2233 4084 sunt;
2270 4018 2476 4072 etenim
2510 4018 2690 4072 solam
2722 4014 2933 4087 disper-

399 4093 609 4159 sionem
633 4106 846 4176 generis
875 4104 1105 4161 humani
1133 4114 1324 4160 narrat
1345 4108 1815 4175 conspectumque
1844 4106 2173 4175 populorum
2204 4104 2374 4159 tradit
2403 4120 2469 4159 ex
2500 4104 2617 4159 Noe
2644 4102 2774 4159 filiis
2808 4120 2934 4173 pro·

400 4191 709 4261 genitorum
735 4200 792 4247 et
819 4192 1028 4248 nudam
1048 4192 1348 4249 Abrahami
1373 4192 1770 4265 genealogiam.
1798 4194 1941 4247 Fuse
1964 4200 2149 4247 autem
2173 4200 2365 4247 narrat
2387 4189 2711 4261 Abrahami,
2738 4193 2931 4255 Isaaci,

401 4278 584 4333 Iacobi
624 4280 848 4351 eiusque
877 4280 1123 4335 filiorum
1159 4295 1249 4335 res
1279 4288 1476 4352 gestaS.
1510 4280 1692 4347 Quam
1724 4279 1939 4335 diversa
1968 4278 2104 4335 haec
2130 4278 2394 4335 narrandi
2422 4279 2562 4334 ratio
2597 4286 2682 4333 est
2714 4278 2785 4333 ab
2812 4279 2931 4336 illa.

402 4381 510 4435 qua
537 4366 737 4421 ethnici
777 4365 845 4422 de
884 4367 1117 4423 deorum
1146 4366 1490 4438 heroumque
1523 4382 1751 4422 suorum
1786 4366 1908 4422 fatis
1938 4376 1993 4423 et
2017 4367 2290 4438 portentis
2317 4365 2572 4438 mythicis
2600 4369 2799 4437 agunt!
2834 4364 2933 4434 Qui

401 4468 666 4522 umquam
696 4453 1038 4511 chaldaicam
1075 4454 1370 4509 creationis
1406 4463 1460 4509 et
1496 4452 1687 4509 diluvii
1724 4453 2143 4525 descriptionem
2182 4455 2237 4508 in
2274 4452 2711 4509 cuneisormibus
2738 4468 2934 4509 monu-

403 4541 602 4594 mentis
637 4549 1020 4597 conservatam
1063 4556 1191 4597 cum
1229 4542 1506 4597 Geneseos
1545 4541 1911 4613 descriptione
1948 4542 2380 4614 comparaverit,
2420 4542 2479 4596 in
2514 4540 2715 4597 Genesi
2752 4556 2934 4596 veram

402 4626 753 4682 traditionem
781 4637 1160 4684 conservatam
1184 4644 1333 4699 esse,
1363 4628 1462 4685 sed
1485 4629 1787 4685 arbitrariis
1820 4628 2092 4701 figmentis
2117 4627 2396 4685 foedatam
2420 4643 2539 4684 esse
2568 4628 2933 4684 narrationem
