3050 5184
1160 797 1641 907 INDEX.

294 1307 713 1380 Proleqomena
742 1307 811 1364 de
850 1309 1277 1384 introductionis
1318 1314 1672 1384 necessitate,
1710 1314 1968 1383 historia,
2003 1325 2364 1389 argumento,
2405 1317 2492 1372 di-

914 1414 1119 1455 visione
1131 1441 2481 1460 ....................
2640 1410 2663 1459 1

212 1552 403 1618 PARS
447 1553 701 1620 Pam.
736 1565 1147 1623 Iunonucno
1179 1581 1521 1625 esni-:nnus
1561 1569 1636 1624 de
1682 1547 1996 1640 Utriusque
2047 1573 2196 1626 Test.
2235 1586 2488 1640 canone,

810 1657 975 1708 textu
990 1695 1005 1722 ‚
1040 1656 1518 1728 interpretatione
1522 1697 2484 1715 ...............
2633 1663 2667 1712 7

130 1777 559 1832 Dissmrrxrto
585 1789 798 1831 ruma.
828 1777 1097 1832 Historia
1122 1777 1369 1832 canonis
1408 1781 1720 1850 Utriusque
1756 1783 2108 1835 Testamenti
2117 1820 2484 1835 ......
2633 1784 2670 1834 9

436 1897 637 1968 Caput
666 1899 713 1952 Ι.
743 1899 828 1952 De
854 1897 1263 1967 Scripturarum
1300 1898 1640 1967 nominibu5‚
1674 1899 1999 1972 partitione,
2035 1899 2228 1957 ordine
2256 1917 2492 1972 praeno-

810 1983 973 2040 tanda
988 2025 2482 2044 ......................
2635 1993 2668 2044 9

598 2074 631 2138 5
660 2077 709 2126 1.
735 2073 821 2126 De
846 2071 1255 2142 scripturarum
1280 2072 1598 2128 nominibus
1627 2074 1930 2146 praecipuis
1936 2117 2484 2134 .........
2635 2082 2670 2132 9

603 2163 634 2226 5
658 2165 711 2214 2.
738 2161 823 2214 De
850 2157 1121 2214 librorum
1145 2174 1285 2215 sacr.
1316 2175 1580 2228 numero,
1611 2159 1834 2244 ordine,⁴
1868 2161 2276 2232 partitionibus.
2327 2204 2340 2217 .
2396 2203 2411 2218 .
2466 2206 2479 2218 .
2602 2170 2664 2220 11

400 2283 604 2353 Caput
624 2285 699 2336 ll.
734 2281 973 2336 Historia
1007 2281 1229 2337 oenonis
1254 2282 1467 2338 Veteris
1492 2282 1833 2338 Testamenti
1841 2323 2482 2342 ..........
2602 2292 2669 2341 14

601 2371 632 2434 S
659 2375 709 2424 3.
739 2371 821 2424 De
846 2384 1059 2424 canone
1087 2369 1299 2424 Veteris
1325 2371 1473 2424 Test.
1501 2369 1650 2440 apud
1680 2369 1916 2425 ludaeos
1928 2411 2478 2430 .........
2604 2379 2666 2427 14

596 2461 627 2524 ς
654 2463 707 2511 4.
736 2459 819 2511 De
846 2470 1058 2512 canone
1084 2457 1297 2512 Veteris
1324 2458 1473 2512 Test.
1507 2455 1666 2555 ’apud
1693 2457 2032 2514 Christianos
2044 2498 2480 2516 .......
2603 2464 2668 2514 19

651 2548 761 2616 Qu.
798 2552 849 2599 1.
878 2545 923 2597 V
926 2545 1090 2599 eteris
1117 2546 1263 2599 Test.
1296 2559 1477 2598 canon
1504 2542 1562 2598 in
1587 2545 1742 2600 Novo
1769 2544 2106 2616 approbatus
2116 2585 2484 2603 ......
2605 2553 2670 2604 19

651 2637 761 2704 Qu.
791 2638 845 2687 2.
872 2633 1062 2688 Canon
1090 2629 1601 2686 Vet.Test.tr1hus
1629 2631 1820 2702 primis
1848 2632 2125 2688 Ecclesiae
2152 2633 2482 2690 saeculis..
2599 2640 2669 2688 20

648 2725 757 2792 Qu.
791 2726 842 2776 3.
872 2721 1097 2774 Patrum
1124 2734 1268 2774 saec.
1300 2728 1355 2774 4.
1382 2727 1439 2774 et
1464 2724 1519 2773 5.
1553 2717 1624 2774 de
1649 2732 1864 2774 canone
1885 2720 1953 2772 V.
1983 2721 2046 2774 T.
2075 2720 2412 2780 sententiae.
2470 2762 2486 2775 .
2600 2726 2669 2776 23

652 2813 763 2880 Qu.
791 2813 845 2863 4.
876 2807 1063 2863 Canon
1092 2808 1215 2862 Vet.
1244 2808 1394 2863 Test.
1424 2821 1457 2860 a
1486 2805 1673 2860 medio
1700 2820 1847 2861 saec.
1877 2811 1932 2860 5.
1963 2821 2138 2877 usque
2165 2806 2237 2862 ad
2267 2814 2361 2863 10.
2400 2847 2414 2862 .
2470 2849 2485 2862 .
2602 2814 2671 2864 29

652 2899 762 2967 (m.
793 2903 847 2952 5.
875 2897 1067 2950 Canon
1093 2897 1215 2949 Vet.
1245 2896 1396 2948 Test.
1431 2893 1610 2948 media
1641 2901 1823 2948 aetate
1833 2934 2484 2952 ..........
2603 2902 2666 2952 31

652 2988 761 3056 (m.
792 2989 845 3038 6.
876 2985 1067 3040 Canon
1086 2983 1153 3037 V.
1174 2984 1237 3036 T.
1261 2997 1293 3036 a
1322 2983 1489 3038 Conc.
1516 2979 1671 3036 Trid.
1704 2979 1775 3036 ad
1803 2989 2052 3036 nostram
2079 2990 2342 3037 aetatem.
2397 3025 2410 3038 .
2468 3023 2484 3038 .
2604 2989 2672 3039 34

387 3111 576 3178 Caput
604 3108 709 3162 111.
737 3105 978 3161 Historia
1004 3104 1229 3161 canonis
1258 3104 1393 3160 Novi
1424 3103 1763 3158 Testamenti
1771 3141 2486 3158 ...........
2604 3111 2673 3159 36

598 3198 628 3261 §
655 3201 709 3248 5.
737 3196 821 3249 De
850 3191 1277 3264 apostolicorum
1313 3190 1582 3248 librorum
1619 3191 1833 3260 origine
1869 3197 1926 3244 et
1962 3188 2136 3260 prima
2173 3191 2496 3247 coliectione
2603 3197 2672 3248 36

598 3285 629 3349 §
653 3286 706 3336 6.
734 3285 817 3337 De
841 3296 1052 3336 canone
1074 3279 1216 3336 Novi
1247 3281 1394 3335 Test..
1428 3279 1621 3350 primis
1645 3277 1826 3334 tribus
1851 3276 2132 3333 saeculis„
2189 3304 2222 3331 .·
2261 3317 2274 3331 .
2331 3317 2344 3332 .
2401 3321 2414 3334 .
2471 3321 2486 3334 .
2605 3285 2674 3336 38

598 3373 629 3437 §
657 3376 707 3425 7.
736 3371 926 3425 Canon
960 3367 1100 3424 Novi
1136 3369 1283 3422 Test.
1321 3384 1351 3422 a
1390 3382 1535 3423 saec.
1566 3374 1620 3421 4.
1659 3365 1730 3421 ad
1767 3373 2016 3420 nostram
2051 3379 2226 3435 usque
2258 3373 2496 3422 aetatem
2603 3373 2672 3422 44

386 3497 579 3566 Caput
607 3495 710 3549 IV.
737 3495 821 3548 De
849 3491 1002 3548 libris
1030 3489 1359 3563 apocryphis
1388 3499 1444 3544 et
1469 3486 1771 3559 deperditis
1793 3487 2101 3556 Utriusque
2124 3488 2282 3542 Test.
2327 3529 2340 3541 .
2401 3527 2414 3542 .
2471 3529 2485 3542 .
2603 3494 2675 3544 48

601 3583 632 3648 5
658 3587 709 3635 8.
739 3582 823 3635 De
848 3577 1093 3650 ‘genuina
1121 3576 1421 3649 apocryphi
1452 3577 1678 3633 notione
1711 3583 1768 3629 et
1799 3572 1869 3629 de
1905 3573 2350 3646 apocryphorum
2383 3575 2496 3630 dis-

810 3665 1109 3722 tributione
1132 3699 2489 3724 ....................
2604 3668 2676 3718 48

604 3761 634 3825 §
658 3762 709 3812 9.
742 3757 823 3811 De
852 3753 1067 3809 Veteris
1091 3755 1238 3810 'sest.
1272 3751 1600 3824 apocryphis
1623 3789 2486 3807 .............
2605 3756 2678 3806 49

564 3849 595 3912 §
626 3851 709 3900 10.
738 3845 821 3898 De
852 3842 991 3897 Novi
1014 3842 1163 3896 Test.
1199 3839 1527 3910 apocryphis
1554 3876 2488 3893 ..............
2607 3843 2672 3894 51

566 3937 597 4001 §
630 3939 714 3988 11.
740 3933 825 3986 De
851 3929 1006 3985 libris
1034 3926 1333 4000 deperditis
1360 3926 1668 3997 Utriusque
1695 3925 2034 3980 Testamenti
2049 3963 2488 3980 .......
2605 3931 2674 3980 54

126 4092 555 4144 Dissnnn‘no
585 4095 882 4139 SECUNDA.
924 4082 1003 4134 De
1037 4083 1309 4133 textuum
1334 4077 1820 4148 primiqeniorum
1857 4079 1916 4128 et
1951 4075 2279 4128 versionum
2310 4072 2496 4128 histo-

810 4168 914 4244 ria
942 4171 997 4222 et
1036 4165 1403 4242 auctoritate
1414 4200 2486 4220 ................
2603 4165 2671 4214 57

305 4295 494 4353 Seccio
520 4296 714 4368 prior.
740 4295 820 4346 De
853 4292 1165 4362 Utriusque
1196 4289 1343 4342 Test.
1376 4285 1639 4342 textibus
1665 4283 2046 4358 primiqeniis
2060 4323 2490 4342 .......
2604 4287 2675 4337 58

439 4419 642 4490 Caput
668 4417 713 4470 I.
740 4416 825 4469 De
849 4421 1003 4468 textu
1036 4409 1297 4467 hebraico
1320 4409 1536 4465 Veteris
1562 4409 1695 4463 Test
1707 4445 2484 4464 ............
2603 4410 2674 4460 58

603 4508 635 4571 §
665 4511 715 4559 1.
742 4504 828 4557 De
856 4501 1043 4572 lingua
1074 4498 1327 4554 hebraica
1351 4498 1748 4566 literarumque
1775 4493 2164 4551 hebraicarum
2192 4493 2362 4550 notiS.
2405 4533 2420 4547 .
2477 4533 2491 4546 .
2603 4497 2675 4546 58

602 4596 635 4662 §
662 4597 717 4646 2.
742 4593 949 4646 Textus
976 4586 1219 4643 hebraici
1244 4585 1469 4641 historia
1486 4621 2489 4640 ...............
2604 4585 2666 4635 61

599 4683 631 4749 §
661 4685 713 4736 3.
741 4681 825 4734 De
854 4683 1035 4732 textus
1062 4672 1439 4732 massorethici
1470 4671 1794 4726 auctoritate
1802 4709 2488 4727 ...........
2606 4673 2674 4722 66
2703 4669 2708 4672 ’
