3050 5184
766 326 839 368 DE
882 324 1199 369 EPISTOLAE
1242 325 1322 366 AD
1364 324 1670 368 nEBRAnos
1712 323 2000 368 AUCTORE.
2540 310 2654 364 569

130 459 307 523 Caes„
334 457 431 528 qui
466 477 491 507 tt
520 455 936 528 quatuordeeim
964 455 1119 510 Pauli
1149 453 1410 526 epistolas
1437 475 1461 505 n
1494 454 1644 510 inter
1670 453 1732 506 τὰ
1764 454 2150 524 ὁμολογούμενα
2187 460 2438 510 recenset
2465 453 2558 518 (H.
2585 453 2647 507 E.

129 542 223 596 lll.
251 549 319 598 25
348 542 437 598 cfr
458 545 562 599 111.
589 548 647 610 3)
674 552 730 598 et
758 543 1075 616 saepissime
1098 541 1201 598 sub
1230 562 1255 592 ιι
1282 542 1536 612 Apostoli
1563 562 1589 592 n
1617 543 1703 597 vel
1725 541 1880 598 Pauli
1903 543 2128 598 nomine
2149 557 2270 596 eam
2295 541 2497 612 allegat
2515 542 2650 606 (De-

126 638 347 685 monstr.
380 647 577 703 evang.
614 632 708 687 lv,
746 637 831 688 15.
877 637 961 687 16.
1002 636 1067 686 17
1097 630 1249 698 etc.),
1293 631 1353 684 S.
1386 629 1656 700 cyrillus
1677 633 1857 685 leros.
1887 629 2020 686 item
2057 627 2475 700 quatuordecim
2496 627 2648 682 Pauli

126 717 373 787 epistolas
394 734 691 774 recensens
714 727 770 774 et
794 727 1045 774 nostram
1074 718 1228 773 velut
1254 716 1534 788 paulinam
1576 717 1820 790 allegans
1845 717 1984 790 (Cat.
2031 722 2219 784 10,18;
2257 722 2445 783 15,28;
2490 721 2648 782 1⁷‚2’0

127 805 261 874 etc),
286 808 345 862 S.
372 805 773 878 Epiphanius,
806 823 915 877 quo
938 815 1079 862 teste
1105 813 1295 862 nostra
1323 813 1420 859 aut
1446 803 1725 860 decimum
1744 813 1840 860 aut
1863 805 2118 860 ultimum
2149 805 2326 860 locum
2346 803 2491 858 inter
2515 818 2647 874 pau-

128 892 257 946 linas
282 891 481 948 habuit
508 895 697 960 (Haer.
735 897 938 964 42,12).
969 923 1039 933 —-
1078 893 1144 948 In
1184 891 1602 966 Cappadociae
1647 891 1892 948 ecclesia
1929 891 2351 965 quatuordecim
2388 888 2646 962 epistolas

126 979 269 1034 Pauli
302 983 365 1036 S.
392 983 714 1053 Greqorius
741 985 892 1036 Naz.
937 989 1189 1036 recenset
1230 977 1321 1047 (de
1350 981 1481 1035 Ver.
1521 981 1723 1050 Seript.
1772 979 1878 1048 35),
1913 981 1970 1035 S.
2013 979 2452 1050 Amphilochius
2480 976 2648 1034 simul

126 1075 319 1135 monet,
347 1083 465 1123 non
493 1077 643 1124 recte
670 1083 705 1124 a
731 1068 1015 1124 nonnullis
1039 1068 1330 1138 epistolam
1358 1066 1426 1122 ad
1452 1065 1739 1122 Hebraeos
1767 1067 1954 1137 respui
1981 1066 2073 1134 (ad
2099 1068 2312 1123 Selene.
2345 1071 2448 1122 308
2471 1067 2639 1136 sqq.)‚

125 1155 174 1208 S.
204 1154 467 1210 Basilius
494 1160 575 1212 M.
606 1153 711 1212 sub
738 1155 895 1211 Pauli
922 1156 1147 1210 nomine
1170 1170 1295 1210 eam
1325 1153 1645 1226 frequenter
1671 1153 1878 1226 allegat
1902 1153 2049 1220 (adv.
2085 1157 2322 1210 Eunom.
2355 1155 2398 1208 Ι.
2433 1159 2518 1208 14.
2552 1158 2638 1207 18.

126 1247 185 1294 20
206 1243 327 1310 etc.)
348 1241 593 1314 itemque
622 1243 740 1298 eius
763 1241 939 1298 frater
963 1245 1021 1298 S.
1056 1245 1385 1315 Greyorius
1412 1245 1584 1312 Nyss.
1617 1240 1764 1308 (adv.
1796 1243 2032 1296 Eunom.
2075 1241 2159 1312 1.).
2193 1273 2265 1282 —
2302 1243 2368 1296 ln
2395 1239 2643 1296 ecclesia

130 1329 464 1385 antiochena
488 1329 814 1386 testimoniis
841 1329 1105 1402 epistolae
1132 1337 1354 1385 nostrae
1382 1330 1534 1384 velut
1567 1329 1801 1401 paulinis
1827 1329 1938 1384 iam
1965 1329 2052 1384 usi
2079 1337 2208 1384 sunt
2231 1331 2438 1384 Patres
2465 1330 2636 1384 Cone.

129 1417 381 1472 Antiocla.
410 1433 465 1472 a.
496 1423 621 1473 264.
649 1417 848 1484 (Mansi
872 1419 1010 1474 Coll.
1041 1419 1209 1473 Cone.
1242 1420 1287 1473 I.
1321 1423 1506 1484 1088);
1537 1417 1598 1472 S.
1633 1417 2086 1487 Chrysostomus
2112 1415 2169 1472 in
2192 1416 2383 1471 multis
2409 1417 2522 1471 suis
2545 1415 2640 1472 ho·

128 1503 277 1558 miliis
304 1504 375 1560 de
398 1513 591 1560 nostra
617 1505 849 1577 epistola
877 1505 1083 1560 habitis
1107 1505 1318 1560 nullam
1356 1503 1761 1560 dubitationem
1788 1503 1858 1560 de
1895 1503 2119 1574 paulina
2151 1504 2272 1560 eius
2308 1505 2516 1576 origine
2544 1519 2640 1558 ex·

130 1591 327 1660 primit‚
364 1591 702 1648 Theodorus
729 1597 1036 1665 Mopsuest.
1070 1600 1256 1648 autem
1289 1593 1359 1660 (in
1386 1592 1556 1648 Hebr.
1596 1590 1818 1663 fragm.)
1847 1599 1902 1647 et
1939 1592 2330 1648 Theodoro-tus
2355 1592 2431 1658 (in
2473 1590 2636 1646 Hebr.

129 1680 365 1749 Argum.)
396 1679 639 1736 Paulum
669 1689 955 1736 auctorem
993 1695 1109 1736 esse
1143 1678 1345 1735 diserte
1382 1678 1706 1736 defendunt.
1734 1710 1805 1719 -
1845 1680 2050 1750 Syriae
2077 1679 2392 1735 orientalis
2417 1687 2640 1734 senten-

130 1765 245 1820 tiam
278 1783 381 1822 nos
413 1765 593 1823 docet'
609 1769 797 1823 versio
834 1769 1127 1833 Peschito,
1170 1782 1311 1840 quae
1348 1759 1469 1822 eam
1506 1767 1651 1822 inter
1682 1766 1934 1837 paulinas
1973 1767 2171 1822 ultimo
2205 1767 2260 1822 in
2289 1767 2414 1822 loco
2444 1764 2636 1836 habet,

131 1854 179 1908 S.
201 1855 449 1910 Iacobus
474 1855 669 1912 Nisib.
694 1857 891 1924 (Serm.
914 1855 984 1910 de
1008 1854 1193 1910 dilect.
1212 1859 1268 1910 6.
1296 1861 1361 1910 13
1384 1860 1514 1922 etc.)
1537 1863 1592 1910 et
1608 1857 1665 1911 S.
1685 1854 1982 1927 Ephraem
2009 1857 2168 1926 (Opp.
2193 1870 2302 1928 syr.
2330 1856 2376 1910 Ι.
2406 1859 2510 1910 159
2525 1869 2635 1926 sq.;

133 1939 252 2010 Opp.
284 1957 364 2014 gr.
395 1944 444 1997 1.
478 1947 567 1998 30.
606 1949 675 1999 38
710 1947 867 2011 etc.)‚
897 1943 989 2015 qui
1036 1941 1225 1998 addito
1253 1941 1411 1997 Pauli
1437 1941 1664 1996 nomine
1693 1957 1818 1998 eam
1849 1957 1952 2012 pro
1989 1943 2316 1998 auctoritate
2353 1939 2636 1999 adhibent.

134 2027 308 2083 Merito
332 2029 501 2099 igitur
528 2031 761 2086 asseruit
788 2034 843 2086 S.
876 2033 1271 2100 Hieronymus
1297 2049 1322 2079 t«
1344 2027 1489 2084 hanc
1509 2028 1819 2100 epistolam,
1841 2043 1987 2100 quae
2014 2030 2332 2087 inscribitur
2352 2029 2425 2085 ad
2439 2029 2636 2097 Hebr.‚

135 2129 227 2168 non
252 2116 429 2172 solum
459 2117 530 2173 ab
553 2119 797 2174 ecclesiis
823 2119 1083 2184 Oricum,
1116 2116 1214 2173 sed
1245 2117 1315 2172 ab
1340 2116 1596 2172 omnibus
1622 2124 1773 2172 retro
1811 2117 2193 2173 ecclesiasticis
2219 2117 2399 2188 graeci
2427 2132 2639 2174 sermo-

136 2201 207 2256 nis
230 2204 591 2274 scriptoribus
619 2207 773 2276 quasi
800 2207 959 2261 Pauli
989 2205 1239 2276 Apostoli
1268 2205 1473 2274 suscipi
1500 2224 1527 2255 ι
1559 2202 1648 2272 (ad
1679 2203 1854 2260 Dard.
1882 2219 1966 2275 ep.
2000 2209 2200 2268 129,3).

193 2290 261 2355 b.)
287 2291 468 2348 Aliter
492 2292 685 2364 utique
708 2309 769 2349 se
792 2292 985 2349 habuit
1007 2308 1097 2348 res
1123 2293 1181 2348 in
1212 2307 1624 2349 occtnmnu
1652 2306 1969 2348 nccnssu.
1992 2293 2274 2348 canonem
2290 2293 2438 2348 enim
2463 2310 2643 2351 roma-

138 2390 221 2430 nae
246 2378 509 2435 ecclesiae
531 2394 823 2436 recensens
851 2385 1081 2450 Fraqm.
1113 2383 1341 2436 Mur-at.
1373 2393 1499 2434 eam
1526 2379 1740 2447 omisit;
1769 2379 2020 2449 quamvis
2052 2388 2267 2435 certum
2303 2381 2392 2448 sit,
2423 2382 2478 2437 S.
2517 2382 2641 2438 Cle-

138 2473 353 2521 mentem
378 2469 551 2523 Rom.
582 2483 707 2522 eam
742 2484 843 2539 pro
884 2467 1065 2523 divina
1094 2466 1429 2532 adhibuisse,
1470 2469 1525 2523 S.
1573 2466 1928 2539 Hippolytus
1967 2475 2024 2521 et
2063 2470 2250 2523 Caius
2289 2469 2482 2540 presb.
2521 2483 2642 2525 eam

138 2553 347 2618 paulinis
370 2569 489 2610 non
518 2554 953 2610 adnumerarunt
981 2555 1169 2622 (Phoc.
1200 2554 1343 2611 Bibl.
1370 2553 1536 2609 codd.
1573 2561 1693 2610 121.
1717 2560 1850 2622 232;
1878 2559 2019 2609 Eus.
2045 2557 2118 2610 Η.
2140 2557 2205 2610 Ε.
2236 2557 2335 2611 vl.
2367 2557 2484 2622 2ο);
2511 2572 2644 2612 num

137 2639 182 2692 S.
203 2641 469 2697 irenaeus
497 2657 623 2697 eam
650 2643 952 2714 agnoverit,
986 2659 1099 2698 non
1131 2642 1291 2714 plane
1318 2649 1565 2709 constat,
1587 2641 1718 2696 licet
1745 2641 2080 2698 affirmativa
2112 2644 2380 2698 sententia
2417 2644 2488 2699 sit
2515 2659 2644 2716 pro-

138 2723 347 2783 babilior
372 2733 593 2796 (contra
614 2729 776 2785 ΡΙιοί.
804 2730 943 2786 Bibl.
972 2729 1095 2786 eod.
1128 2735 1233 2785 232
1258 2727 1340 2785 cfr
1364 2733 1506 2784 Eus.
1535 2730 1610 2784 H.
1641 2731 1705 2784 Ε.
1729 2731 1794 2785 V.
1821 2734 1893 2785 26
1921 2737 1980 2785 et
2005 2732 2064 2786 S.
2095 2732 2248 2785 Iren.
2284 2745 2334 2784 c.
2363 2731 2533 2788 Haer.
2565 2733 2640 2786 11.

137 2820 213 2876 30;
240 2817 326 2871 lV.
361 2822 483 2888 11);
509 2819 913 2874 Tertullianus
940 2833 1063 2874 eam
1086 2817 1371 2872 Barnabae
1396 2817 1666 2886 attribuit,
1695 2816 1794 2873 sed
1816 2833 1918 2888 pro
1943 2817 2207 2874 canonica
2229 2833 2342 2872 non
2362 2817 2530 2874 habet
2555 2819 2646 2886 (de

138 2901 299 2958 Pudic.
342 2909 465 2973 ²⁰)3
509 2905 570 2960 S.
611 2909 946 2978 Cyprianus
989 2921 1111 2961 eam
1152 2904 1436 2977 ignorasse
1462 2903 1708 2972 videtur3
1740 2907 1797 2959 in
1825 2905 1942 2960 suis
1971 2905 2401 2974 commentariis,
2447 2905 2647 2978 quibus

140 2989 359 3054 paulinas
383 2993 647 3064 epistolas
674 2993 1045 3060 illustrarunt,
1072 2994 1537 3061 Ambrosiaster,
1574 2994 1867 3064 Pelaqius‚
1893 2993 2104 3048 Marius
2145 2996 2484 3050 Victorinus
2513 2993 2649 3049 Afer

140 3090 240 3131 eam
267 3080 772 3149 praetermiserunt.
805 3085 1065 3138 Attamen
1106 3080 1295 3136 addito
1332 3081 1489 3136 Pauli
1524 3080 1752 3136 nomine
1791 3096 1914 3136 eam
1959 3096 2058 3151 pro
2095 3079 2280 3136 divina
2317 3082 2647 3138 auctoritate

138 3162 349 3235 allegant
364 3171 423 3224 S.
450 3169 728 3224 Hilarius
761 3172 902 3224 Pice.
928 3168 1007 3240 (in
1024 3171 1113 3225 Ps.
1147 3173 1305 3236 129,7
1320 3191 1334 3237 ;
1368 3167 1437 3223 de
1460 3169 1609 3223 Trin.
1637 3169 1732 3224 lv.
1765 3170 1872 3238 11),
1903 3167 2146 3241 Lucifer
2171 3168 2387 3225 Calar.
2410 3173 2516 3237 (De
2532 3185 2648 3226 non

139 3263 339 3308 conven.
369 3271 421 3310 c.
446 3255 643 3326 haer.),
667 3259 993 3314 Faustinus
1011 3257 1210 3329 presb.
1234 3255 1325 3323 (de
1348 3256 1501 3311 Trin.
1533 3255 1612 3326 2),
1636 3258 1693 3312 S.
1725 3257 2085 3312 Ambrosius
2113 3255 2206 3322 (de
2231 3258 2384 3328 Fuga
2407 3273 2552 3315 saec.
2581 3265 2648 3315 16

140 3344 390 3412 etsaepe);
421 3347 473 3399 S.
500 3343 873 3400 Philastrius
899 3345 1089 3410 (Haer.
1118 3349 1207 3412 89)
1232 3353 1289 3399 et
1315 3343 1562 3414 Rufinus
1589 3343 1857 3416 (Symbol.
1887 3359 1956 3414 ap
1986 3344 2076 3415 37)
2108 3358 2233 3398 eam
2261 3343 2470 3401 diserte
2499 3347 2649 3404 velut

141 3426 385 3490 paulinam
414 3438 471 3486 et
494 3430 739 3487 divinam
768 3441 1083 3501 recensent3
1112 3435 1171 3488 S.
1204 3433 1599 3502 Hieronymus
1628 3430 1719 3498 (ad
1749 3429 1923 3486 Dard.
1957 3447 2044 3501 ep.
2081 3437 2209 3500 129,
2245 3438 2305 3500 33
2344 3432 2416 3488 de
2438 3433 2539 3490 Vir
2565 3434 2645 3489 ill.

139 3515 217 3578 :593
238 3514 289 3570 iu
316 3518 508 3572 ierem.
541 3522 701 3588 28,ss
736 3524 864 3587 etc.)
907 3528 961 3575 et
987 3525 1042 3576 S.
1076 3520 1447 3592 Auqustinus
1480 3519 1612 3590 (Cir.
1655 3519 1760 3574 Dei
1790 3519 1947 3574 XVI.
1979 3523 2080 3587 22;
2123 3518 2192 3574 de
2223 3523 2383 3576 Pecc.
2413 3536 2553 3577 mer.
2593 3530 2649 3576 et

140 3600 323 3658 remiss.
357 3605 402 3659 I.
433 3611 504 3660 50
524 3605 657 3678 ete.)
680 3607 898 3678 saepius
922 3607 1145 3679 quidem
1164 3608 1492 3662 Latinorum
1516 3605 1922 3662 dubitationem
1945 3605 2016 3662 de
2035 3608 2154 3662 eius
2172 3607 2388 3680 origine
2411 3623 2650 3664 comme·

141 3697 355 3760 morant,
385 3692 481 3749 sed
507 3709 631 3749 eam
656 3695 805 3749 velut
833 3696 1112 3766 paulinam
1144 3703 1199 3750 et
1228 3694 1473 3751 divinam
1492 3694 1870 3765 recipiunt31n
1895 3696 2063 3750 Cone.
2086 3695 2274 3751 Carth.
2305 3696 2410 3752 111.
2441 3711 2493 3750 a.
2521 3701 2644 3753 393.

140 3785 463 3835 recensentur
493 3801 519 3833 a
540 3782 701 3837 Pauli
725 3782 987 3854 epistolae
1009 3782 1322 3850 tredecim‚·
1340 3783 1606 3838 eiusdem
1628 3783 1864 3853 epistola
1885 3782 1956 3838 ad
1985 3782 2156 3838 Hebr.
2189 3801 2235 3848 »‚
2265 3781 2362 3838 sed
2389 3783 2448 3837 in
2473 3785 2644 3839 Conc.

143 3859 315 3920 Carth.
338 3867 433 3922 VI.
465 3884 516 3924 a.
547 3874 669 3925 419.
713 3889 739 3920 α
769 3869 919 3924 Pauli
945 3869 1211 3941 epistolae
1238 3870 1688 3944 quatuordecim
1719 3891 1777 3936 »ς
1804 3869 2002 3925 eodem
2031 3869 2200 3924 modo
2231 3868 2649 3940 quatuordecim

141 3942 369 4008 dicuntur
386 3957 545 4012 Pauli
574 3957 837 4028 epistolae
864 3957 919 4012 in
949 3958 1008 4013 S.
1038 3958 1294 4012 Damasi
1329 3959 1602 4029 catalogo,
1635 3973 1803 4029 quem
1835 3958 2058 4029 repetiit
2097 3959 2152 4013 S.
2189 3956 2482 4026 Gelasius,
2517 3957 2650 4013 etin

143 4033 519 4098 S-Innocentii
546 4044 593 4099 1.
635 4045 868 4116 epistola
896 4043 968 4100 ad
1014 4045 1215 4116 Exsup.
1256 4047 1443 4100 Telos,
1474 4075 1546 4086 —-
1592 4046 1844 4101 iuniores
1883 4043 2110 4099 demum
2150 4043 2450 4114 scriptores
2497 4044 2651 4100 latini

143 4119 187 4173 S.
210 4125 461 4185 Isidorus
484 4133 678 4203 Hesp„
711 4131 1026 4200 Alc-uinus,
1060 4133 1387 4187 Rlaabanus
1410 4134 1684 4200 Maur-us,
1720 4130 1992 4203 Walafr.
2018 4131 2250 4198 Strabo,
2285 4129 2644 4194 scholastici,

147 4209 222 4276 qui
244 4212 514 4273 Strabonis
540 4219 737 4276 Glossa
765 4219 1085 4288 utebantur,
1114 4218 1467 4276 difficultates
1493 4220 1566 4275 ab
1596 4220 1838 4290 antiquis
1863 4226 2058 4274 contra
2086 4219 2366 4290 paulinam
2385 4219 2651 4290 epistolae

149 4295 384 4368 originem
402 4305 597 4362 allatas
622 4306 1027 4377 transcribunt,
1060 4306 1158 4363 sed
1198 4306 1396 4364 eodem
1425 4306 1616 4376 modo,
1649 4320 1759 4378 quo
1788 4305 2027 4378 antiqui,
2067 4322 2162 4361 eas
2199 4307 2478 4362 solventes
2503 4309 2649 4363 Pau-

148 4379 244 4439 lum
264 4398 534 4448 auctorem
563 4409 683 4449 esse
710 4401 978 4450 statuunt.
1010 4395 1245 4452 Saeculo
1276 4401 1362 4451 16.
1389 4394 1618 4451 tandem
1663 4396 1996 4450 caietanus
2020 4401 2076 4448 et
2109 4395 2391 4450 Erasmus
2420 4393 2490 4449 de
2513 4409 2650 4466 pau-

146 4463 239 4526 lina
264 4483 313 4530 et
337 4477 515 4536 divina
545 4481 812 4552 epistolae
830 4482 1101 4555 originem
1124 4482 1465 4546 dubitarunt,
1501 4497 1735 4553 eamque
1763 4481 2071 4536 reiecerunt
2091 4496 2205 4537 non
2227 4482 2387 4553 pauci
2410 4497 2478 4538 ex
2503 4482 2650 4539 anti·

148 4557 395 4624 quior-ibus
416 4567 807 4640 interpretibus
837 4571 1244 4641 protestanticis
1271 4578 1328 4626 et
1352 4569 1516 4625 multi
1543 4569 1796 4626 moderni
1822 4567 2132 4626 acatholici.
