3050 5184
757 309 833 354 ns
874 309 1165 354 Emsrons
1204 307 1284 350 An
1325 306 1579 351 rumpe.
1625 307 1700 350 nr
1741 304 2045 350 ErilnstoS.
2552 283 2666 342 561

132 425 243 486 tus,
282 421 561 478 Valentini
598 420 871 492 discipuli.
910 421 1117 489 (Clam.
1157 427 1233 476 A.
1270 422 1476 476 Strom.
1524 422 1630 478 111.
1673 426 1708 475 4
1744 428 1802 476 et
1837 421 2108 489 Excerpta
2153 413 2369 472 Theod.
2413 418 2504 470 35.
2542 416 2666 480 43),

128 508 413 564 §ethiani
436 507 776 580 (Philosoph.
800 511 877 566 X.
912 511 1017 580 11).

198 596 569 668 Praecipuam
593 596 977 654 difficultatem
996 595 1255 654 moderni
1280 597 1454 669 aliqui
1480 616 1505 648 ι
1539 595 1762 652 critici»
1787 594 1846 650 in
1876 592 2034 648 Phil.
2064 597 2160 656 2,5
2197 607 2322 662 sqq.
2359 587 2666 650 inveniunt,

130 699 381 754 quorum
416 699 677 740 versuum
706 683 1021 741 doctrinam
1052 684 1143 740 alii
1178 683 1375 740 dicunt
1408 684 1736 755 gnosticam,
1780 681 1875 738 alii
1915 697 2042 737 cum
2084 678 2246 734 Pauli
2285 675 2559 732 sententia
2600 671 2669 728 dc

128 770 357 825 Christo
386 771 701 827 consentire
726 781 957 844 negant3
989 780 1235 828 attamen
1262 771 1614 841 purissimam
1639 769 1952 826 doctrinam
1971 767 2331 832 catholicam,
2359 777 2530 834 quam
2552 777 2668 816 om-

130 873 229 912 nes
266 857 403 912 libri
424 858 568 914 Novi
589 861 737 915 Test.
758 858 829 916 de
851 859 1037 915 divina
1073 860 1197 914 Iesu
1235 859 1435 914 Christi
1459 867 1658 913 natura
1697 856 1928 912 tradunt
1949 855 2062 912 illis
2102 853 2348 909 versibus
2375 849 2666 912 contineri,

130 944 239 999 hoc
268 943 401 1000 loco
432 943 814 1002 demonstrare
849 962 989 1016 opus
1017 962 1129 1002 non
1169 955 1271 1001 est.
1304 946 1547 1002 Minores
1575 943 1933 1000 difficultates
1965 950 2114 1008 sunt,
2149 941 2297 1012 quod
2341 957 2366 990 ι
2407 938 2468 992 in
2501 938 2668 992 domo

128 1033 385 1088 Caesaris
420 1053 447 1082 n
479 1033 589 1088 iam
616 1033 915 1089 Christiani
954 1033 1121 1090 fuisse
1160 1032 1413 1102 dicantur
1444 1037 1634 1100 (432),
1675 1029 1827 1103 quod
1863 1029 2110 1101 episcopi
2154 1037 2212 1083 et
2248 1025 2470 1082 diaconi
2509 1039 2666 1078 com—

130 1127 519 1175 memorentur
546 1121 701 1190 (1,1),
744 1119 893 1191 quod
932 1121 1189 1180 Clemens
1225 1119 1545 1176 nominetur
1588 1119 1751 1190 (4‚3),
1785 1116 1936 1188 quod
1977 1115 2358 1187 expressiones
2397 1111 2673 1184 quaedam

132 1206 307 1261 Paulo
330 1206 623 1268 videantur
650 1207 911 1279 indignae
938 1211 1131 1274 (canes
1160 1213 1284 1275 ³³³
1312 1207 1556 1264 concisio
1583 1213 1702 1273 3,2;
1736 1205 1768 1272 ἡ
1794 1204 2076 1272 δικαιοσύνη
2097 1202 2129 1269 ἣ
2153 1202 2206 1256 ἐν
2231 1202 2372 1272 νόμῳ
2397 1205 2488 1268 3,6
2515 1197 2666 1267 etc.).

124 1293 357 1350 Scilicet
390 1315 417 1344 α
434 1294 607 1350 critici
638 1315 663 1346 ³>
693 1311 725 1350 a
748 1295 931 1367 priore
959 1295 1063 1352 sibi
1085 1294 1303 1367 fingunt
1326 1294 1637 1362 primitivae
1664 1293 1940 1348 Ecclesiae
1967 1290 2260 1348 historiam
2285 1303 2457 1358 caque
2485 1285 2670 1341 omnia

126 1397 279 1450 quae
308 1397 443 1438 cnm
464 1397 563 1440 sua
588 1383 808 1438 fictione
838 1397 1087 1454 pugnare
1112 1381 1431 1450 inveniunt,
1456 1397 1557 1452 pro
1579 1379 1910 1453 apocryphis
1930 1378 2164 1446 habent;
2187 1377 2317 1432 item
2347 1375 2418 1432 de
2443 1387 2669 1443 expres-

130 1469 411 1536 sionibuS‚
437 1485 575 1540 quas
593 1478 787 1526 auctor
810 1470 1009 1542 aliquis
1027 1469 1292 1528 adhibere
1313 1469 1574 1540 potuerit,
1597 1467 1846 1526 iudicant
1861 1465 2171 1523 secundum
2191 1478 2292 1518 sua
2315 1459 2664 1533 praeiudicia.

800 1658 835 1740 ξ
864 1661 969 1720 10.
994 1695 1085 1704 -
1110 1657 1206 1720 De
1231 1653 1511 1743 epz'stola
1539 1653 1635 1720 ad
1665 1652 2010 1743 Ephesio&

214 1858 277 1916 1.
312 1889 393 1899 —
417 1857 461 1916 Ι.
492 1857 810 1918 EcctasrAn
843 1873 1159 1928 amasus,
1206 1873 1391 1934 quam
1416 1857 1642 1916 Paulus
1668 1857 1732 1915 in
1761 1855 1952 1916 tertio
1983 1853 2208 1914 itincre
2239 1867 2352 1911 suo
2381 1845 2674 1908 fundavit

134 1959 199 2014 et
228 1953 535 2024 excoluit,
569 1953 1139 2033 epistolam-illam,
1170 1953 1425 2032 quaein
1453 1969 1687 2012 canone
1722 1975 1750 2006 «
1787 1951 1867 2011 ad
1897 1950 2198 2028 Ephesios
2231 1971 2260 2002 »
2283 1943 2668 2015 inscribitur,

134 2049 516 2108 destinatam
554 2049 785 2134 fuisse,
814 2054 985 2110 tanta
1025 2067 1169 2110 cum
1210 2048 1617 2109 unanimitate
1656 2047 1909 2108 tradunt
1947 2046 2189 2122 antiqui
2230 2048 2453 2112 testeS,
2488 2043 2558 2100 ut
2594 2039 2670 2098 ab

134 2145 253 2206 hac
281 2146 595 2206 sententia
624 2146 917 2206 recedere
944 2162 1070 2206 non
1099 2147 1289 2206 licere
1317 2145 1627 2205 videatur.
1661 2145 1946 2204 laternae
1977 2144 2150 2202 enim
2185 2140 2494 2210 ratione3‚
2532 2136 2674 2212 qui-

134 2243 255 2304 bus
284 2241 577 2302 nonnulli
602 2258 739 2304 eam
782 2264 812 2296 «
844 2242 1225 2320 encyclicam
1255 2265 1285 2297 »
1322 2241 1402 2302 ad
1431 2257 1650 2300 omnes
1677 2240 1859 2300 Asiae
1895 2238 2187 2300 ecclesias
2231 2237 2530 2312 scriptam
2567 2230 2672 2290 de-

134 2342 489 2398 monstrare
513 2342 839 2411 conantur,
864 2338 1155 2415 quamvis
1174 2337 1348 2399 omni
1373 2335 1652 2415 pondere
1679 2353 1806 2396 non
1825 2339 2098 2408 careant,
2123 2330 2440 2394 eiusmodi
2463 2334 2673 2388 tamen

136 2453 263 2494 non
312 2439 495 2507 sunt,
524 2438 595 2494 ut
632 2433 997 2495 historicam
1039 2434 1443 2494 traditionem
1484 2433 1844 2506 infirment,
1887 2430 2262 2509 praesertim
2305 2443 2505 2504 quum
2546 2441 2672 2482 non

138 2531 323 2608 plane
354 2529 563 2590 desint
586 2529 833 2590 interna
856 2547 1105 2608 quoque
1134 2533 1502 2608 argumenta
1519 2575 1535 2601 ,
1571 2528 1804 2606 quibus
1829 2533 2086 2588 externa
2110 2526 2578 2586 confirmantur.

202 2650 503 2723 Ephesus,
548 2665 812 2707 romanae
852 2651 1169 2722 provinciae
1210 2651 1377 2707 Asiae
1404 2657 1592 2722 caput,
1617 2649 1810 2705 multis
1849 2647 2084 2704 saeculis
2128 2645 2516 2702 florentissima
2559 2652 2678 2698 erat

137 2740 299 2794 Asiae
324 2737 461 2793 Min.
495 2737 711 2807 civitaS,
744 2753 844 2794 suo
872 2738 1083 2809 templo
1112 2738 1325 2800 Dianae
1348 2754 1463 2794 non
1488 2738 1674 2792 minus
1699 2735 1910 2792 famosa
1941 2751 2110 2808 quam
2143 2733 2347 2788 divitiis
2371 2741 2426 2789 et
2453 2747 2674 2786 morum

134 2825 514 2898 corruptione,
542 2825 744 2898 quibus
770 2840 989 2882 sorores
1017 2841 1146 2881 suas
1172 2825 1431 2882 asiaticas
1454 2823 1776 2896 superabat3
1811 2823 2034 2895 copiosa
2062 2822 2180 2878 cius
2201 2827 2512 2876 mercatura
2539 2819 2676 2874 mul-

134 2923 221 2970 tos
260 2920 571 2968 attraxerat
606 2911 870 2982 IudanS,
902 2914 998 2985 qui
1034 2913 1239 2969 iustam
1274 2912 1352 2969 ibi
1388 2911 1748 2984 possidebant
1773 2925 2128 2983 synagogam.
2169 2909 2224 2965 S.
2255 2907 2460 2964 Paulus
2495 2905 2555 2962 in
2593 2923 2678 2963 se-

134 3000 323 3058 cundo
361 3015 463 3056 suo
499 2999 701 3056 itinere
730 3001 995 3057 Corintho
1035 3001 1375 3072 lerosolyma
1412 2999 1694 3072 profectus
1731 2999 2014 3069 Ephesum
2059 2999 2236 3068 prima
2271 2996 2391 3052 vice
2432 2995 2586 3051 venit
2622 3004 2679 3051 et

132 3103 477 3161 synagogam
501 3089 785 3159 ingressus
814 3103 945 3144 cum
973 3088 1191 3144 Iudaeis
1220 3087 1522 3160 disputavit
1553 3091 1705 3155 (Act.
1743 3093 1907 3154 18‚18
1948 3089 2126 3158 sqq.);
2157 3083 2349 3141 sedem
2387 3092 2574 3138 autem
2599 3082 2677 3138 ibi

136 3192 251 3232 non
280 3175 403 3231 fixit
425 3175 533 3230 nisi
555 3175 615 3230 in
637 3175 804 3231 tertio
834 3175 1033 3232 itinere
1055 3175 1206 3242 (Act.
1236 3181 1356 3245 19,1
1392 3174 1561 3248 sqq.).
1585 3175 1674 3231 Ab
1701 3174 1862 3230 initio
1891 3175 1948 3229 in
1981 3189 2260 3246 synagoga
2291 3171 2553 3237 docebat,
2581 3172 2678 3227 sed

136 3271 263 3334 post
306 3271 425 3320 tres
469 3277 688 3318 menses
728 3263 949 3334 cognita
998 3262 1332 3318 ludaeorum
1378 3262 1752 3319 obstinatione
1797 3276 1926 3317 cum
1973 3260 2259 3332 discipulis
2311 3260 2371 3315 in
2427 3259 2678 3316 scholam

132 3349 380 3424 Tyranni
420 3349 709 3406 cuiusdam
736 3351 987 3420 secessit,
1015 3351 1075 3405 in
1104 3367 1212 3422 qua
1257 3365 1355 3423 per
1396 3349 1684 3406 biennium
1712 3357 1868 3405 tanto
1913 3365 2043 3406 cum
2089 3347 2274 3405 fructu
2319 3349 2678 3420 Evangelium

136 3437 518 3505 annuntiavit,
554 3447 617 3492 ut
652 3453 767 3494 non
804 3447 1026 3494 tantum
1056 3437 1288 3509 Ephesi,
1320 3437 1417 3494 sed
1452 3439 1510 3492 in
1546 3445 1666 3494 tota
1701 3438 1982 3508 provincia
2011 3437 2243 3494 verbum
2275 3437 2498 3492 Domini
2534 3437 2680 3492 inter

140 3525 380 3583 ludaeos
407 3532 462 3581 et
489 3525 740 3582 ethnicos
767 3525 840 3582 sit
868 3534 1249 3598 propagatum.
1286 3528 1478 3597 Longe
1510 3525 1782 3581 maiorem
1815 3534 2003 3582 autem
2034 3525 2443 3598 neophytorum
2480 3539 2678 3580 nume-

136 3630 260 3669 rum
290 3629 361 3668 ex
389 3611 627 3669 ethnicis
653 3613 895 3682 venisse,
923 3613 1122 3670 seditio
1150 3611 1220 3669 ab
1252 3612 1565 3686 argentario
1595 3613 1883 3670 Demetrio
1911 3613 2148 3670 excitata
2185 3613 2331 3670 clare
2359 3611 2550 3681 docet,
2585 3613 2678 3684 qui

138 3701 555 3757 venerationem
597 3700 709 3757 fani
746 3703 957 3758 Dianae
989 3700 1303 3774 apostolicis
1334 3699 1839 3774 praedicationibus
1876 3701 2112 3759 diminui
2151 3701 2288 3758 vidit
2321 3703 2470 3769 (Act.
2519 3707 2677 3770 19,23

132 3795 305 3861 sqq.).
340 3787 623 3846 seditione
664 3787 761 3845 illa
790 3790 985 3846 urbem
1026 3789 1339 3862 relinquere
1368 3799 1594 3845 coactus
1619 3792 1826 3847 Paulus
1861 3790 2187 3864 insequente
2215 3804 2360 3845 anno
2383 3790 2588 3845 iterum
2611 3805 2675 3845 ex

132 3877 373 3934 Graecia
401 3877 460 3932 in
484 3877 853 3933 Palaestinam
886 3886 1170 3934 revertens
1191 3879 1449 3934 Miletum
1486 3877 1778 3934 advocavit
1807 3877 2158 3952 presbyteros
2186 3877 2439 3948 ephesios
2467 3878 2678 3950 gravis-

142 3967 399 4036 simoque
425 3979 685 4021 sermone
712 3981 807 4021 eos
844 3957 1166 4022 exhortatus
1195 3975 1307 4034 est,
1334 3975 1398 4022 ut
1432 3965 1724 4023 ecclesiam
1759 3975 1914 4023 tanto
1955 3983 2084 4022 cum
2123 3966 2312 4023 labore
2334 3981 2365 4021 a
2394 3981 2453 4022 se
2486 3965 2680 4022 funda-

144 4063 255 4109 tam
289 4060 349 4128 et
383 4052 663 4108 excultam
700 4052 769 4116 ab
806 4052 1019 4108 insidiis
1054 4053 1475 4109 imminentibus
1511 4053 1858 4111 custodirent
1883 4059 2034 4123 (Act.
2073 4061 2234 4123 20⁴,17
2268 4057 2435 4127 sqq.).
2469 4056 2680 4110 leroso-

141 4142 286 4212 lyma
316 4138 523 4196 deinde
550 4138 833 4212 profectus
863 4149 921 4196 et
954 4142 1015 4196 in
1040 4142 1256 4197 vincula
1282 4142 1360 4199 ibi
1383 4143 1668 4198 coniectus
1695 4143 1979 4214 Ephesum
2014 4150 2141 4214 post
2175 4142 2414 4214 priorem
2455 4143 2680 4214 captivi-

138 4237 315 4284 tatem
338 4240 597 4284 reversus
624 4236 709 4283 est
736 4227 839 4295 (cfr
867 4231 899 4296 §
932 4233 1075 4298 16,2.
1106 4244 1163 4300 p.
1197 4235 1302 4286 579
1331 4235 1469 4301 sq.);
1498 4231 1594 4286 sed
1623 4239 1786 4286 antea
1815 4231 1952 4286 haec
1981 4231 2210 4303 epistola
2233 4231 2436 4303 scripta
2467 4239 2570 4286 est.

204 4315 541 4374 Dubitatur
566 4320 767 4372 autem
794 4315 877 4372 ab
904 4316 1075 4372 haud
1100 4320 1343 4389 paucis,
1366 4334 1509 4373 num
1542 4333 1754 4374 revera
1777 4319 2054 4374 ecclesiae
2078 4321 2344 4390 ephesiae
2370 4318 2680 4374 destinata

134 4404 341 4474 suerit.
386 4402 655 4459 Rationes
699 4419 831 4459 vero
877 4402 1167 4460 dubitandi
1214 4405 1542 4477 praecipuae
1583 4414 1715 4460 sunt
1760 4405 1864 4462 hae
1896 4424 1910 4461 ε
1945 4407 2197 4463 Marcion
2242 4405 2374 4463 huic
2416 4407 2680 4478 epistolae

138 4493 369 4548 titulum
387 4511 413 4543 α
433 4489 504 4546 ad
520 4487 865 4548 Laodicenos
886 4511 913 4542 »ι
936 4491 1187 4563 praefixit
1206 4497 1379 4558 (Tert.
1401 4508 1453 4548 c.
1474 4493 1650 4550 Marc.
1669 4494 1740 4550 V.
1768 4500 1854 4549 11.
1877 4500 2145 4566 171atquc
2158 4511 2272 4551 non
2284 4503 2503 4551 tantum
2515 4493 2682 4550 hodie

140 4597 253 4646 tres
276 4586 499 4646 codices
527 4585 711 4661 graeci
741 4589 821 4655 (B.
858 4595 923 4642 κ.
958 4592 1049 4656 67)
1072 4587 1134 4644 in
1155 4588 1514 4661 inscriptione
1543 4588 1714 4646 verba
1749 4587 1800 4644 ἐν
1837 4588 2026 4664 Ἐφέσῳ
2055 4592 2336 4662 omittunt,
2361 4592 2460 4648 sed
2487 4591 2682 4650 eadem

890 4685 1145 4734 Commu
1181 4685 1455 4735 courum).
1492 4687 1716 4736 Ix‘rnon.
1747 4713 1810 4723 —
1851 4691 1927 4737 36.
