3050 5184
970 371 1043 416 nr.
1084 371 1237 414 usai
1283 371 1387 414 1013
1426 371 1870 419 mercturam.
2299 409 2308 416 .
2572 362 2685 420 311

222 506 305 570 h.)
332 509 735 578 Argumentum
762 513 965 570 autem,
1001 503 1102 558 etsi
1132 517 1255 558 vere
1283 501 1355 556 sit
1384 501 1729 572 historicum,
1751 506 1968 577 poetice
1995 521 2114 563 esse
2135 514 2460 563 exornatum
2491 514 2546 560 ct
2567 521 2687 560 aru-

150 591 473 663 mineatum,
503 593 717 664 integra
749 590 882 646 libri
907 589 1121 646 indoles
1148 589 1329 656 docet,
1362 589 1441 646 ita
1468 597 1530 645 ut
1559 591 1698 647 liber
1726 594 1826 649 Iob
1863 592 2110 650 medium
2147 594 2306 665 quasi
2331 594 2518 650 locum
2546 593 2690 647 inter

154 680 446 735 historicos
472 687 528 735 et
550 679 699 735 inter
724 678 975 750 poeticos
1000 685 1189 734 teneat
1211 692 1389 748 neque
1412 677 1602 749 inepte
1628 695 1758 736 cum
1785 681 2010 736 Domini
2038 681 2360 737 narratione
2382 679 2453 736 de
2473 681 2688 736 Lazaro

148 777 207 822 et
228 765 407 822 divite
434 774 813 838 comparetur3
840 765 985 822 hanc
1004 765 1153 821 enim
1172 780 1277 820 nec
1296 763 1621 837 parabolam
1646 786 1672 818 α
1697 783 1802 823 nec
1821 767 2108 824 historiam
2129 784 2248 824 esse
2279 789 2304 820 n
2334 768 2446 823 iam
2473 767 2688 823 monuit

150 860 241 908 Ps.
274 855 559 922 Iustinus,
588 869 761 926 qutun
782 852 1052 910 Dominus
1076 872 1104 903 α
1128 850 1451 923 parabolam
1474 868 1641 925 super
1668 853 1958 910 historiam
1982 854 2205 912 tinxerit
2236 875 2290 924 »,
2317 855 2399 910 ita
2431 875 2456 906 α
2491 861 2556 910 ut
2581 853 2686 909 ali-

151 957 255 1012 qua
286 941 360 996 ad
389 941 707 1010 historiam,
739 941 925 1012 aliqua
965 938 1039 995 ad
1078 938 1397 1012 parabolam
1440 940 1751 1011 pertineant
1795 963 1820 992 ι)
1871 941 2204 1014 (Maldon.).
2251 945 2446 1014 Itaque
2478 941 2535 998 in
2563 957 2688 996 eam

150 1028 509 1098 sententiam,
542 1041 711 1100 quam
738 1025 909 1083 refert
932 1036 1145 1091 auctor,
1182 1027 1381 1083 Iobum
1408 1042 1539 1082 cum
1561 1029 1754 1084 amicis
1776 1028 1847 1085 de
1874 1029 2258 1086 calamitatum
2295 1044 2522 1084 suarum
2555 1044 2684 1084 cau-

150 1117 223 1171 sis
248 1115 567 1187 disputasse
592 1118 884 1186 Deumque
912 1114 1137 1170 oraculo
1165 1129 1265 1169 suo
1292 1115 1727 1171 controversiam
1755 1115 2073 1183 diremisse,
2105 1125 2186 1172 est
2226 1116 2433 1172 sactum
2463 1116 2686 1170 histori-

151 1220 305 1272 cum,
336 1202 441 1259 sed
469 1201 845 1275 dialogorum,
879 1217 1049 1273 quum
1074 1201 1325 1273 singulae
1352 1201 1632 1257 orationes
1670 1202 1906 1258 totidem
1943 1204 2056 1260 sint
2089 1204 2368 1271 carmina,
2412 1203 2688 1274 composi-

149 1292 389 1355 tionem,
448 1289 891 1363 dispositionem,
950 1287 1359 1344 distinctionem
1414 1296 1610 1359 poetae
1663 1289 1880 1358 deberi,
1940 1291 2037 1362 qui
2093 1289 2304 1346 factum
2359 1290 2688 1346 historicum

152 1377 511 1450 aniplificavit
548 1386 604 1433 et
639 1377 953 1444 exornavit,
984 1376 1103 1431 iure
1139 1375 1422 1432 asseritur.
1465 1375 1754 1444 Quaenam
1782 1375 1854 1433 ad
1887 1378 2174 1434 historiam
2202 1386 2298 1434 aut
2319 1376 2392 1433 ad
2427 1385 2687 1434 ornatum

152 1465 431 1536 poeticum
456 1465 793 1536 pertineant,
825 1465 883 1520 in
910 1479 1112 1537 genere
1138 1463 1271 1518 satis
1294 1461 1457 1519 facile
1482 1463 1840 1534 discernitur,
1866 1463 1937 1520 de
1965 1465 2251 1521 nonnullis
2282 1473 2470 1520 autem
2511 1465 2688 1537 magis

150 1555 403 1607 minusve
430 1554 641 1608 incerta
665 1559 856 1608 manet
894 1567 1002 1608 reS.
1043 1553 1189 1608 Num
1226 1551 1285 1605 in
1312 1549 1574 1608 historica
1613 1559 1770 1624 parte
1796 1552 2014 1610 numeri
2043 1557 2186 1620 (l,3;
2216 1553 2399 1622 42,12)
2445 1553 2686 1608 accurati

152 1642 273 1707 sint,
305 1655 383 1696 an
414 1639 658 1711 rotundi,
691 1639 970 1711 quomodo
998 1637 1101 1694 Dei
1127 1653 1255 1694 cum
1281 1638 1490 1710 angelis
1518 1654 1807 1696 consessus
1836 1641 1951 1711 (1,6
1977 1655 2135 1712 sqq.;
2165 1646 2252 1709 2,1
2287 1645 2433 1712 sqq.)
2461 1640 2687 1710 eiusque

152 1728 425 1798 apparitio
452 1731 623 1795 (38,1)
645 1726 985 1798 explicentur
1010 1734 1284 1797 oporteat,
1315 1725 1601 1796 inquirunt
1629 1728 1979 1798 interpretes.

224 1863 282 1919 2.
312 1895 397 1902 -—
430 1861 718 1920 Divinam
750 1860 891 1918 libri
926 1859 1033 1918 Iob
1063 1862 1483 1918 auctoritatem
1512 1876 1765 1938 semper
1794 1860 2049 1938 agnovit
2072 1861 2330 1937 antiqua
2361 1859 2684 1938 Synagoga

154 1962 209 2014 et
236 1955 475 2016 Christi
504 1956 796 2016 Ecclesia.

216 2057 581 2115 Ezechielem
607 2064 809 2126 (14,14.
832 2059 941 2130 20),
974 2063 1273 2114 auctorem
1297 2057 1339 2113 l.
1372 2059 1559 2112 Tobia
1589 2059 1755 2130 (2‚12.
1792 2064 1877 2114 15.
1911 2059 2109 2132 Vulq.)
2134 2059 2203 2114 ad
2232 2074 2362 2115 eum
2382 2058 2686 2130 respexisse

152 2154 311 2218 atque
338 2148 661 2202 Ieremiam
689 2146 886 2203 eodem
926 2145 1115 2216 modo,
1147 2160 1259 2217 quo
1287 2143 1426 2200 alios
1462 2145 1634 2201 libros
1665 2149 1728 2200 V.
1779 2148 1867 2214 T.‚
1900 2163 2026 2202 eum
2057 2145 2376 2202 adhibuisse
2402 2146 2515 2201 iam
2543 2144 2686 2202 dixi-

154 2250 297 2303 mus;
330 2236 393 2291 S.
422 2235 481 2290 S.
514 2239 738 2291 Paulus
762 2239 945 2302 (Rom.
983 2239 1173 2302 11,35;
1204 2241 1223 2288 1
1263 2233 1399 2289 Cor.
1430 2238 1659 2304 3‚19)et
1685 2235 1936 2290 Iacobus
1967 2235 2109 2304 (5,11
2147 2233 2220 2290 ad
2259 2250 2386 2289 eum
2415 2248 2686 2304 provoca-

156 2331 373 2392 verunt3
406 2325 636 2378 Patrum
663 2321 793 2378 inde
816 2337 849 2378 a
870 2325 929 2378 S.
965 2322 1279 2378 Clementis
1300 2325 1461 2379 Rom.
1492 2320 1599 2392 (cfr
1631 2328 1655 2377 1
1677 2323 1804 2378 Cor.
1840 2329 1923 2378 1⁷.
1947 2328 2036 2377 20.
2064 2327 2153 2377 26.
2188 2327 2274 2378 39.
2298 2326 2411 2386 59.)
2437 2329 2686 2392 tempore

154 2409 437 2466 abundant
462 2409 799 2466 testimonia.
828 2409 1164 2465 Theodorus
1192 2414 1503 2484 Mopsuest.
1539 2408 1764 2480 quidem
1796 2409 2216 2480 inspirationem
2242 2411 2360 2464 eius
2389 2407 2686 2464 addubita-

156 2496 251 2563 vit,
280 2497 381 2554 sed
428 2497 556 2552 ideo
584 2513 615 2552 a
654 2497 822 2553 Cone.
871 2499 939 2552 V.
986 2499 1271 2554 Constant.
1314 2501 1389 2554 11.
1431 2496 1726 2552 damnatus
1762 2511 2023 2568 sequaces
2064 2513 2176 2552 non
2215 2497 2426 2552 invenit
2467 2503 2688 2567 praeter

156 2587 439 2642 lanitium
469 2583 685 2658 Afric„
714 2585 1114 2642 sententiarum
1140 2585 1516 2658 Mopsuesteni
1543 2584 1993 2655 compilatorem,
2034 2592 2091 2639 et
2131 2585 2504 2640 recentiorum
2540 2591 2685 2638 tem—

154 2687 343 2742 porum
370 2672 769 2744 rationalium,
800 2673 898 2745 qui
926 2689 1117 2730 omnes
1144 2671 1312 2729 libros
1338 2687 1524 2728 sacros
1552 2670 1738 2727 divino
1767 2671 2088 2728 charactere
2116 2672 2375 2742 spoliant.

224 2809 521 2866 Attamen
552 2807 849 2883 quoniam
878 2807 943 2866 in
966 2806 1131 2867 libro
1155 2808 1275 2867 hoc
1304 2807 1589 2866 diversae
1611 2808 1675 2864 et
1702 2805 1868 2864 inter
1895 2821 1962 2864 se
1987 2803 2314 2883 oppositae
2335 2803 2686 2864 sententiae

153 2917 187 2960 a
212 2902 358 2964 Iobo
388 2903 656 2980 eiusque
685 2903 911 2962 amicis
936 2903 1380 2975 defenduntur,
1405 2906 1688 2962 accurate
1713 2900 2166 2960 attendendum
2195 2903 2310 2972 est,
2330 2915 2684 2978 quousque,

154 2997 297 3058 licet
352 3000 675 3076 integrum
724 3015 883 3077 opus
936 2999 1019 3058 sit
1062 2999 1470 3076 inspiratum,
1512 2997 1728 3056 divina
1777 2996 2118 3057 auctoritas
2167 3013 2304 3056 sese
2367 2993 2686 3056 extendat.

154 3095 271 3152 lam
313 3112 467 3155 vero
505 3094 765 3154 evidens
804 3100 927 3166 est,
966 3095 1298 3173 pericopas
1332 3095 1501 3167 illas,
1541 3094 1606 3152 in
1647 3093 1876 3170 quibus
1909 3098 2127 3153 auctor
2174 3093 2516 3170 inspiratus
2550 3092 2688 3169 ipse

156 3190 425 3267 loquitur
455 3196 565 3250 aut
601 3193 767 3251 Deus
796 3191 1060 3268 loquens
1100 3189 1546 3260 introducitur,
1585 3189 1761 3249 iuxta
1795 3189 2156 3249 communia
2191 3191 2523 3266 praecepta
2549 3187 2688 3248 her·

156 3287 505 3347 meneutica
542 3303 680 3347 esse
717 3286 1144 3364 exponendas;
1177 3286 1313 3346 lobi
1351 3291 1565 3346 autem
1608 3285 2078 3362 amicorumque
2119 3285 2258 3344 eius
2291 3288 2356 3344 et
2383 3284 2526 3345 Eliu
2563 3301 2690 3344 ser-

155 3397 363 3444 mones
404 3383 757 3443 secundum
788 3383 1062 3460 regulam,
1093 3401 1245 3460 quas
1282 3382 1677 3460 dialogorum
1710 3381 2046 3459 scriptores
2068 3381 2247 3458 sequi
2285 3381 2519 3453 solent,
2545 3386 2690 3441 sunt

155 3476 567 3551 diiudicandi,
593 3483 664 3539 ut
697 3479 910 3539 divina
940 3479 1310 3540 auctoritate
1353 3477 1670 3557 gaudeant
1703 3478 1810 3537 illa
1837 3477 2082 3549 omnia,
2117 3494 2282 3554 quae
2319 3494 2356 3536 a
2401 3477 2688 3555 personis

157 3572 269 3633 illis
297 3575 728 3654 proferuntur,
752 3580 1061 3652 quatenus
1079 3576 1245 3636 inter
1266 3592 1369 3635 eas
1390 3575 1468 3634 de
1491 3574 1616 3633 illis
1648 3575 1938 3634 convenit
1963 3591 2172 3650 neque
2199 3573 2326 3633 illis
2350 3577 2458 3632 aut
2485 3591 2522 3632 a
2559 3575 2688 3632 Deo

156 3676 251 3730 aut
285 3673 363 3734 ab
418 3677 675 3733 auctore
722 3671 861 3750 ipso
914 3670 1005 3750 (in
1050 3672 1315 3750 prologo
1354 3674 1418 3730 et
1462 3669 1735 3748 epilogo)
1782 3669 2249 3730 contradicitur.
2299 3672 2472 3729 Hanc
2515 3670 2688 3728 enim

156 3770 417 3829 auctoris
456 3769 749 3846 inspirati
796 3767 996 3845 ipsius
1034 3785 1107 3828 ac
1152 3766 1417 3846 proinde
1473 3766 1744 3844 Spiritus
1793 3765 1856 3827 S.
1910 3783 2049 3826 esse
2093 3766 2504 3836 senteutiam,
2548 3764 2686 3825 iure

158 3866 369 3925 merito
398 3865 727 3925 asseritur.

222 3969 460 4025 Plurima
486 3968 653 4025 verba
678 3985 713 4026 a
744 3969 879 4025 Iobo
902 3970 1113 4040 prolata
1144 3968 1387 4042 gaudere
1416 3968 1600 4024 divina
1627 3967 1956 4023 auctoritate
1983 3975 2195 4022 certum
2224 3974 2335 4032 est,
2376 3965 2503 4036 quia
2535 3965 2688 4019 Deus

159 4054 263 4108 eius
283 4071 569 4113 sermones
593 4057 790 4112 saltem
814 4057 1123 4128 generatim
1152 4055 1423 4127 approbat
1451 4055 1651 4128 (42‚7);
1686 4055 1953 4110 nonnulla
1983 4054 2153 4109 etiam
2183 4052 2348 4109 verba
2381 4050 2686 4108 amicorum

162 4140 271 4198 licet
292 4143 475 4200 thesin
502 4153 657 4200 certo
694 4159 987 4200 erroneam
1016 4143 1335 4212 defendant,
1382 4142 1620 4200 eandem
1649 4142 1855 4198 habere
1897 4140 2310 4208 auctoritatem,
2340 4146 2553 4194 certum
2579 4147 2682 4206 est,

159 4230 271 4294 qnia
293 4233 349 4287 S.
378 4232 587 4288 Paulus
616 4237 667 4300 (1
700 4234 836 4288 Cor.
868 4233 1013 4302 3‚19)
1059 4240 1271 4287 textum
1303 4247 1367 4287 ex
1407 4231 1588 4302 primo
1619 4245 1876 4286 sermone
1917 4228 2149 4299 Eliphaz
2178 4225 2496 4282 desumtum
2534 4227 2685 4281 velut

160 4315 481 4386 Scripturam
511 4319 715 4391 allegat
742 4327 908 4391 atque
930 4321 1123 4375 Patres
1151 4334 1377 4390 quoque
1404 4327 1461 4374 et
1480 4317 1728 4390 theologi
1750 4317 1808 4373 in
1837 4315 1978 4372 libro
2005 4313 2104 4370 Iob
2133 4313 2356 4369 citando
2385 4328 2548 4384 saepe
2572 4329 2686 4369 non

161 4405 461 4474 attendunt,
492 4407 555 4461 in
582 4413 869 4462 cuiusnam
892 4407 1237 4462 sermonibus
1262 4415 1447 4462 textus
1483 4405 1640 4462 citati
1679 4406 1952 4476 legantur.
1992 4407 2068 4456 At
2107 4417 2222 4457 non
2259 4399 2517 4456 omnibus
2540 4401 2684 4456 ami-

160 4503 335 4549 corum
360 4493 543 4550 verbis
570 4492 803 4550 eandem
831 4495 1217 4550 auctoritatem
1241 4494 1471 4550 attribui
1497 4508 1676 4565 posse,
1709 4498 1927 4546 constat
1955 4505 2128 4560 quum
2151 4487 2254 4544 Dei
2285 4489 2686 4559 vituperatione

166 4579 205 4638 ἶ·
226 4594 329 4635 non
354 4583 481 4638 estis
500 4582 681 4645 locuti
709 4589 859 4638 recta
885 4581 957 4638 de
984 4598 1073 4638 me
1099 4603 1123 4632 n
1157 4585 1303 4650 427)
1336 4591 1457 4638 tum
1488 4585 1716 4636 Patrum
1751 4577 2112 4646 testimoniis,
2143 4577 2242 4648 qui
2269 4583 2592 4650 argumenta
2617 4592 2684 4632 ex

164 4677 335 4723 ‘'omm
357 4670 537 4727 verbis
559 4669 812 4726 desumta
842 4671 1133 4741 aliquoties
1158 4669 1350 4725 dicunt
1378 4669 1616 4724 infirma.
1649 4669 1840 4738 Neque
1871 4665 2056 4722 omnia
2089 4665 2212 4720 lobi
2242 4665 2406 4721 verba
2437 4663 2683 4735 proban-
