3050 5184
437 299 555 360 ⁴80
594 315 669 358 DE
712 316 850 362 NOVI
891 317 1064 360 TEST.
1111 297 1305 360 LI'BRIS
1347 314 1699 360 EISTomcls.
1732 333 1810 343 —
1840 314 1977 358 cAt’.
2012 315 2054 358 1.
2094 313 2172 358 DE
2214 309 2563 356 EVANGELHS
2602 306 2918 351 SYNOPthts.

437 463 598 518 Dam.
627 479 715 534 ep.
741 465 888 536 20‚4)
915 471 1254 521 monuerunt
1275 463 1740 535 consentiuntque
1764 478 1958 518 omnes
1980 460 2255 528 moderni,
2278 461 2423 516 inter
2446 474 2582 530 quos
2606 456 2769 528 aliqui
2790 455 2928 510 etiam

436 550 658 623 vestigia
687 553 936 608 medicae
975 552 1110 608 artis
1137 551 1381 607 auctoris
1407 551 1468 606 in
1503 549 1667 607 tertio
1697 550 1993 623 Evangelio
2031 558 2087 605 et
2120 549 2179 604 in
2210 546 2442 603 Actibus
2472 545 2702 601 inveniri
2738 550 2925 598 censent

438 637 614 707 (6,40;
651 645 810 708 5,31;
843 646 998 708 9,11;
1041 645 1198 708 ⁷,103
1239 645 1397 707 4,38;
1440 641 1574 694 Act.
1617 641 1818 705 13,1t).
1860 641 2123 693 Attamen
2164 651 2281 692 non
2314 633 2449 690 levis
2488 629 2785 688 similitudo
2816 631 2932 684 inter

436 726 620 781 Lucae
647 732 706 781 et
740 727 901 782 Pauli
930 741 1191 798 graecum
1232 741 1547 782 sermonem
1596 724 2061 797 deprehenditur-3
2100 723 2235 778 satis
2274 721 2447 778 multa
2488 721 2639 776 enim
2678 719 2755 786 (in
2788 717 2931 787 primo

436 813 716 885 Evangelii
745 813 927 885 capite
955 814 1152 869 saltem
1186 813 1397 877 decem)
1423 813 1689 870 vocabula
1716 812 1823 868 soli
1856 815 2035 868 Lucas
2062 820 2117 867 et
2152 809 2359 866 Paulus
2386 807 2679 874 adhibent·,
2713 806 2827 862 aliis
2848 820 2931 858 non

437 900 790 971 paucioribus
814 900 963 973 apud
987 901 1112 957 illos
1129 901 1500 956 usitatissimis
1517 900 1799 956 rarissime
1828 908 2060 955 utuntur
2085 898 2287 970 reliqui
2304 897 2453 953 Novi
2474 899 2624 952 Test.
2646 893 2929 964 scriptores:

439 989 820 1058 expressiones
856 988 1253 1060 phrasiumque
1293 997 1475 1060 partes
1511 989 1571 1044 in
1608 979 1907 1060 Evangelio
1942 995 1999 1042 et
2035 985 2263 1042 Actibus
2299 984 2581 1040 adhibitae
2610 983 2777 1038 etiam
2811 995 2932 1049 repe-

438 1074 660 1130 riuntur
687 1077 744 1130 in
775 1075 1012 1145 paulinis
1041 1075 1308 1146 epistolis.
1339 1075 1565 1132 Maioris
1590 1075 1858 1130 momenti
1886 1083 1999 1142 est,
2030 1072 2182 1146 quod
2215 1075 2273 1128 in
2300 1073 2465 1129 rebus
2494 1086 2719 1142 quoque
2740 1083 2935 1124 consen—

437 1162 607 1230 tiant3
639 1177 671 1217 a
699 1164 753 1218 S.
786 1163 960 1218 Paulo
995 1162 1200 1218 diserte
1227 1164 1497 1236 allegatur
1526 1162 1739 1218 dictum
1764 1161 1991 1217 Domini
2028 1177 2095 1216 ex
2122 1160 2288 1216 tertio
2316 1158 2617 1231 Evangelio
2646 1157 2699 1229 (1
2744 1159 2873 1212 Tim.
2894 1159 2933 1218 5,

442 1255 536 1316 183
564 1253 696 1304 Luc.
729 1252 905 1320 1⁰,7);
937 1251 1130 1306 similis
1159 1259 1244 1306 est
1268 1251 1677 1322 apparitionum
1704 1248 2111 1304 dominicarum
2134 1245 2273 1303 ordo
2296 1248 2353 1302 in
2384 1254 2408 1303 1
2442 1250 2577 1302 Cor.
2618 1251 2744 1310 15,5
2766 1251 2816 1298 et
2835 1249 2933 1297 Luc.

439 1341 744 1406 24,84-36;
779 1337 1166 1409 gravissimum
1203 1347 1395 1394 autem
1430 1344 1543 1404 est,
1580 1334 1729 1409 quod
1764 1337 1823 1392 in
1862 1336 2044 1392 verbis
2076 1334 2439 1390 institutionis
2474 1335 2571 1391 SS.
2606 1331 2936 1388 Eucharistiae

440 1427 788 1481 consentiant
815 1429 864 1492 (1
899 1427 1029 1482 Gor.
1066 1431 1246 1494 11‚2⁴.
1279 1431 1350 1481 25
1379 1433 1435 1480 et
1462 1429 1598 1480 Luc.
1630 1430 1815 1492 22,19.
1846 1425 1933 1494 2ο)
1961 1440 1993 1480 a
2030 1422 2305 1478 Matthaeo
2334 1430 2393 1476 et
2421 1422 2616 1477 Marco
2650 1418 2937 1475 dissentien-

437 1519 538 1566 tes,
570 1511 786 1580 Quibus
805 1521 1090 1568 auctorem
1115 1511 1241 1569 libri
1271 1510 1436 1568 fuisse
1461 1510 1795 1581 discipulum
1820 1510 1977 1567 Pauli
2004 1511 2155 1566 clare
2181 1510 2296 1566 iam
2324 1515 2494 1581 patet,
2524 1517 2583 1564 et
2608 1506 2807 1564 clarius
2824 1503 2936 1560 idem

440 1599 677 1655 elucebit
712 1615 778 1655 ex
809 1600 1177 1656 destinatione
1205 1608 1260 1654 et
1293 1600 1402 1655 fine
1434 1599 1721 1671 Evangelii
1750 1600 1878 1668 (Qu.
1906 1601 2057 1666 111.).

518 1751 576 1808 5.
615 1783 688 1792 —-
716 1749 1302 1812 vetustissimorum
1333 1751 1586 1810 Patrum
1616 1747 1994 1810 testimoniis
2025 1748 2251 1826 spretis
2281 1752 2468 1825 atque
2508 1747 2655 1824 ipsa
2694 1744 2937 1808 codicum

441 1846 806 1906 auctoritate
834 1846 1056 1906 relicta
1081 1845 1234 1905 olim
1263 1845 1553 1906 nonnulli
1582 1845 1705 1906 duo
1734 1844 1944 1922 priora
1972 1844 2177 1921 capita
2191 1842 2431 1904 auctori
2460 1842 2787 1921 Evangelii
2804 1839 2941 1899 abiu·

444 1940 746 2002 dicarunt·
755 1945 819 2001 et
838 1941 1028 2002 hodie
1047 1942 1334 2002 nonnulli
1354 1942 1783 2002 narrationem
1804 1941 1883 2002 de
1904 1941 2136 2002 sudore
2157 1940 2501 2019 sanguineo
2531 1938 2789 2000 Domini
2812 1936 2939 2016 (Luc.

443 2039 645 2108 2243.
665 2037 764 2118 44)
795 2054 870 2098 ex
899 2037 1236 2116 Evangelio
1265 2042 1654 2116 expungunt.
1688 2037 1854 2109 Quae
1884 2031 2205 2098 immerito
2236 2037 2403 2108 fieri,
2434 2035 2680 2097 clarum
2712 2039 2819 2096 est.

511 2150 730 2206 Etenim
760 2149 871 2206 duo
898 2151 1082 2221 priora
1110 2151 1292 2222 capita
1319 2166 1434 2208 non
1460 2158 1679 2207 tantum
1704 2151 1763 2206 in
1790 2149 2050 2207 omnibus
2073 2148 2359 2206 codicibus
2386 2158 2441 2205 et
2464 2148 2815 2204 versionibus
2834 2145 2945 2200 velut

445 2237 684 2308 genuina
721 2253 852 2310 pars
879 2237 1166 2310 Evangelii
1195 2237 1489 2306 habentur,
1517 2236 1617 2294 sed
1650 2237 1817 2293 etiam
1839 2253 1984 2293 saec.
2015 2244 2070 2293 2.
2103 2235 2173 2293 ab
2202 2245 2431 2293 auctore
2455 2235 2695 2310 fraqm.
2736 2237 2943 2293 Mur-ow

442 2325 613 2381 viani
639 2329 692 2393 (ιι
721 2325 849 2382 ideo
879 2341 911 2380 a
939 2325 1226 2381 nativitate
1255 2325 1481 2381 Ioannis
1506 2325 1701 2396 incipit
1727 2323 1912 2381 dicere
1944 2324 2014 2396 »)‚
2043 2327 2098 2382 S.
2132 2325 2359 2381 Iustino
2384 2323 2567 2394 (Apol.
2610 2327 2657 2380 1.
2688 2331 2775 2380 33.
2804 2329 2887 2388 ³⁴3
2908 2336 2940 2374 e.

441 2411 652 2486 Tryph.
686 2418 774 2467 78.
808 2417 962 2482 100),
995 2413 1052 2469 S.
1084 2417 1326 2469 Irenaeo
1357 2417 1427 2480 (c.
1457 2415 1629 2468 Haer.
1662 2413 1768 2468 ΙΙΙ.
1799 2412 1915 2484 10),
1944 2413 2181 2468 ecclesia
2208 2411 2565 2484 luqdunensi
2602 2417 2769 2480 (Em.
2806 2411 2869 2467 Η.
2898 2411 2940 2462 Ε.

445 2501 511 2554 V.
551 2503 598 2567 1)
625 2499 738 2555 iam
767 2509 1164 2572 agnoscuntur.
1195 2500 1521 2568 MarcioniS,
1554 2500 1648 2571 qui
1682 2500 1776 2555 illa
1804 2515 1869 2554 ex
1904 2514 2005 2554 suo
2040 2500 2338 2572 Evangelio
2376 2500 2652 2568 eiecerat,
2690 2499 2944 2557 auctoritas

442 2585 696 2658 pfoi'ecto
731 2604 846 2643 non
883 2589 1115 2656 suflicit,
1158 2597 1221 2644 ut
1255 2589 1348 2644 illa
1381 2588 1566 2659 spuria
1603 2586 1971 2644 declaremus.
2008 2589 2201 2660 Neque
2240 2586 2695 2644 hebraismorum
2728 2588 2888 2644 maior
2908 2583 2943 2637 in

443 2673 662 2732 duobus
693 2675 805 2732 illis
835 2675 1106 2748 capitibus
1145 2675 1452 2748 frequentia
1479 2677 1665 2747 urgeri
1694 2682 1902 2746 potest,
1930 2674 2205 2746 siquidem
2232 2675 2291 2730 in
2320 2675 2539 2748 hymnis
2572 2677 2864 2746 praecipue
2884 2673 2944 2728 in-

446 2763 682 2832 venitur,
725 2763 846 2834 qui,
889 2779 1062 2836 quum
1103 2780 1168 2818 ex
1204 2763 1462 2821 hebraico
1501 2763 1587 2818 vel
1627 2762 1908 2819 aramaico
1946 2763 2057 2817 sint
2094 2763 2375 2827 translati,
2422 2761 2761 2820 hebraismis
2797 2777 2945 2818 carere

445 2852 532 2905 vix
561 2860 877 2922 potuerunt.

514 2942 640 2995 Duo
676 2939 771 2994 alii
812 2953 1028 3008 versuS,
1069 2939 1162 3010 qui
1195 2937 1360 2994 hodie
1397 2954 1430 2994 a
1461 2938 1746 2996 nonnullis
1783 2938 1990 2994 criticis
2028 2936 2425 2994 addubitantur
2462 2939 2847 3008 (Lachmann)
2878 2943 2947 2990 aut

441 3026 765 3082 reiiciuntur
793 3031 1105 3092 (Westcolt
1139 3030 1340 3094 Hori),
1380 3024 1583 3081 desunt
1606 3027 1665 3082 in
1692 3028 1753 3080 B.
1790 3030 1856 3080 Α.
1888 3029 1959 3082 R.
1994 3029 2093 3093 T.‚
2124 3026 2182 3082 in
2222 3024 2345 3081 aliis
2380 3025 2671 3082 codicibus
2710 3023 2947 3083 nonnullis

441 3113 654 3185 graecis
685 3122 740 3169 et
777 3113 1003 3186 syriacis
1041 3113 1202 3170 obelo
1241 3113 1326 3168 vel
1361 3113 1621 3169 asterisco
1659 3121 1951 3182 notantur3
1989 3115 2047 3169 S.
2095 3113 2371 3170 Hilarius
2408 3113 2503 3180 (de
2534 3115 2697 3172 Trin.
2734 3117 2821 3171 tv,
2848 3120 2885 3184 1)
2908 3119 2947 3164 et

439 3204 503 3258 S.
543 3201 936 3270 Hieronymus
977 3205 1051 3268 (c.
1095 3203 1279 3274 Pelag.
1331 3201 1404 3257 11.
1454 3205 1541 3268 16)
1578 3216 1675 3257 eos
1709 3216 1821 3257 non
1864 3202 1923 3256 in
1964 3201 2225 3258 omnibus
2262 3199 2544 3258 codicibus
2582 3203 2700 3276 legi
2724 3207 2946 3259 monent.

441 3289 506 3344 S.
548 3289 894 3343 Ambrosius
931 3297 988 3344 et
1023 3292 1080 3344 S.
1132 3288 1398 3357 cyrillus
1438 3288 1610 3344 Alex.
1652 3304 1748 3344 eos
1783 3289 1841 3344 in
1884 3288 1995 3344 suis
2038 3287 2452 3345 commentariis
2506 3292 2947 3361 praetermittunt.

445 3377 600 3445 Quae
632 3385 956 3447 argumenta
979 3391 1092 3432 non
1115 3375 1424 3445 sufficiunt,
1460 3385 1523 3432 ut
1544 3391 1639 3432 eos
1664 3375 1849 3432 critice
1872 3375 2073 3432 dubios
2097 3376 2373 3444 dicamus;
2400 3393 2529 3432 nam
2554 3383 2647 3446 a.)
2676 3379 2885 3435 saeculo
2908 3383 2947 3430 ⁶2.

439 3465 503 3520 S.
533 3467 784 3519 lustinus
813 3466 892 3519 M.
925 3463 992 3533 (e.
1027 3463 1238 3536 Tryph.
1275 3465 1416 3534 103),
1441 3467 1500 3520 S.
1534 3466 1813 3519 irenaeus
1844 3465 1918 3535 (c.
1952 3465 2121 3520 Haer.
2155 3466 2258 3520 111.
2289 3465 2401 3536 22),
2432 3467 2491 3522 S.
2516 3467 2873 3541 Hippolytus
2896 3468 2949 3524 ic.

443 3554 628 3616 Noet.)
673 3565 770 3605 eos
815 3549 923 3605 iam
970 3559 1163 3606 contra
1213 3551 1520 3607 haereticos
1560 3551 1800 3623 allegant
1840 3559 1894 3606 et
1943 3553 2233 3608 Talia-nus
2275 3568 2373 3608 eos
2408 3552 2469 3608 in
2512 3569 2616 3609 suo
2664 3557 2950 3612 Diatessaro

443 3639 615 3696 habet
641 3639 742 3708 (cp.
771 3637 884 3708 48).
919 3638 992 3710 b.)
1019 3639 1098 3692 Ex
1124 3639 1336 3710 graecis
1361 3637 1667 3694 iunioribus
1694 3637 1949 3694 Patribus
1972 3639 2093 3694 sine
2124 3639 2235 3696 ulla
2261 3639 2629 3698 haesitatione
2652 3643 2725 3699 iis
2752 3651 2949 3698 utuntur

443 3728 501 3784 S.
529 3727 846 3798 Dionysius
875 3725 1071 3794 Alex„
1099 3729 1159 3781 S.
1189 3727 1532 3794 Caesarius,
1561 3727 1615 3781 S.
1645 3725 2027 3798 EpipltaniuS,
2058 3727 2117 3783 S.
2149 3728 2620 3799 Cltrysoslomus,
2658 3731 2951 3787 Theodore-

443 3823 566 3880 τηε,
597 3823 654 3870 et
689 3830 753 3870 ex
791 3813 1084 3870 haereticis
1115 3816 1300 3869 Arius
1337 3822 1392 3869 et
1434 3813 1769 3869 Theodorus
1806 3816 2117 3886 Mopsuest.
2134 3839 2154 3885 ,·
2183 3833 2252 3872 ex
2280 3816 2431 3890 Syris
2464 3818 2521 3874 S.
2554 3819 2871 3889 Ephraem,
2900 3829 2950 3870 ex

440 3902 649 3960 Latinis
689 3902 787 3958 SS.
833 3904 1233 3973 Ατιραείἱπτιε,
1283 3901 1594 3970 Hilarius,
1647 3905 2069 3973 Hieronymus,
2116 3905 2369 3976 quamvis
2407 3904 2519 3962 duo
2560 3906 2748 3962 ultimi
2786 3923 2875 3964 eos
2908 3905 2951 3959 in

441 3989 724 4046 nonnullis
761 3988 1044 4046 codicibus
1083 3988 1270 4045 deesse
1303 3988 1524 4045 scirent.
1570 3993 1643 4058 c.)
1686 3991 1942 4062 Exceptis
1990 4000 2228 4063 quatuor
2266 3991 2376 4048 illis
2418 3995 2627 4065 graecis
2674 3993 2951 4051 uncialibus

437 4077 741 4149 paucisque
765 4077 1001 4133 aliarum
1022 4077 1336 4133 versionum
1359 4075 1644 4132 codicibus
1666 4077 1861 4149 reliqui
1888 4093 2081 4134 omnes
2105 4091 2202 4135 eos
2227 4089 2551 4152 agnoscunt.
2581 4082 2783 4139 Critica
2810 4081 2951 4153 igitur

443 4163 744 4220 auctoritas
780 4173 936 4220 tanta
972 4173 1085 4232 est,
1125 4173 1188 4219 ut
1223 4180 1338 4219 non
1371 4163 1478 4219 nisi
1515 4172 1724 4221 temere
1759 4181 1882 4222 eam
1919 4166 2119 4238 aliquis
2156 4182 2415 4238 spernere
2453 4169 2639 4239 possit.
2678 4171 2949 4226 Rationem

444 4260 630 4308 autem
646 4294 661 4321 ,
694 4268 794 4307 cur
825 4253 886 4308 in
911 4252 1194 4308 nonnullis
1219 4250 1502 4309 codicibus
1529 4269 1717 4308 versus
1744 4253 1854 4308 sint
1880 4254 2065 4310 omissi
2081 4295 2096 4318 ‚
2126 4253 2288 4310 nobis
2312 4255 2490 4312 innuit
2515 4258 2573 4313 S.
2604 4258 2949 4330 Epiphanius

443 4344 670 4407 (Ancor.
719 4345 807 4407 31)
851 4338 920 4396 de
955 4339 1122 4395 simili
1159 4340 1287 4396 loco
1327 4338 1644 4412 disputanS,
1672 4341 1731 4396 in
1769 4357 1879 4412 quo
1917 4341 2190 4398 Dominus
2228 4357 2395 4414 super
2420 4345 2717 4400 Ierusalem
2743 4343 2951 4417 flevisse

443 4435 702 4484 narratur
743 4448 758 4482 ε
809 4448 833 4478 α
874 4427 1186 4484 orthodoxi
1231 4426 1444 4484 dictum
1487 4427 1629 4484 illud
1666 4427 2041 4498 abstulerunt,
2074 4432 2215 4503 quia
2254 4431 2553 4488 timebant
2592 4448 2768 4504 neque
2804 4433 2948 4488 finem

441 4514 561 4568 eius
589 4514 810 4588 vimque
845 4515 1141 4570 maximam
1173 4515 1557 4588 intelligebant
1589 4536 1635 4570 ι.
1672 4517 1799 4572 Iure
1836 4518 2033 4574 merito
2061 4517 2231 4584 igitur
2258 4518 2647 4576 Tridentinum
2674 4523 2834 4586 {sess
2866 4519 2945 4574 tv.

445 4597 516 4654 de
544 4601 780 4667 Canon.)
810 4615 1004 4658 versus
1033 4602 1138 4658 hos
1166 4604 1462 4660 canonicos
1489 4612 1547 4659 et
1574 4603 1924 4660 authenticos
1952 4604 2269 4662 declaravit.
