3050 5184
785 330 862 373 nr,
903 330 1081 373 sessu
1123 328 1332 373 ‘rrpxco
1375 312 1833 391 (summ-unam).
2467 316 2582 374 133

117 462 317 516 levissima
353 463 458 518 iam
495 462 869 519 similitudinis
897 463 1036 518 ratio
1074 461 1145 518 ad
1185 460 1545 517 statuendum
1576 468 1769 532 typum
1807 461 2060 517 sufficere
2094 462 2372 531 credatur,
2416 463 2489 533 b.)
2520 471 2584 517 ut

115 548 262 617 typicae
286 549 652 620 explicationis
679 549 1106 606 fundamentum
1137 548 1398 621 praebeat
1426 548 1547 619 ipsa
1578 548 1859 617 Scriptura
1882 548 1967 603 vel
1990 550 2265 606 Ecclesiae
2283 552 2581 607 Patrumve

113 637 354 692 uctoritas.
386 637 660 706 Quoniam
703 638 1056 693 Salomonem
1094 644 1312 692 constat
1349 651 1468 691 esse
1508 644 1703 706 typum
1739 635 1943 691 Christi
1974 638 2173 703 (Hebr.
2211 638 2337 708 1‚5),
2380 637 2580 694 sunda-

111 732 288 778 mentum
325 724 594 781 sufficiens
637 725 822 793 adest,
855 733 915 779 ut
944 724 1148 791 multa,
1181 739 1323 794 quae
1361 722 1432 777 de
1470 722 1767 778 Salomone
1811 732 2107 779 narrantur
2148 741 2251 780 nec
2294 733 2483 781 tamen
2521 725 2580 780 in

111 810 313 881 Scriptura
338 810 556 869 Christo
581 812 954 884 applicantur,
983 827 1084 867 nos
1110 811 1214 883 ipsi
1241 808 1310 865 de
1338 808 1557 865 Christo
1582 810 1938 879 explicemus.

154 988 194 1045 4.
211 1021 274 1029 —
289 987 454 1048 Licet
472 1004 552 1049 ex
570 988 1019 1066 Apostolorum
1040 987 1286 1047 ratione
1307 985 1793 1063 argumentandi
1814 990 2059 1047 constet
2078 1034 2091 1061 ,
2120 988 2437 1067 integrum
2460 992 2577 1050 Ve-

106 1088 166 1139 tus
187 1083 394 1143 Foedus
435 1088 664 1162 typum
711 1100 848 1144 esse
893 1084 1080 1156 Novi,
1110 1084 1376 1161 minime
1413 1082 1542 1142 iam
1588 1078 1895 1159 sequitur,
1932 1084 2152 1143 omnia
2190 1088 2255 1144 et
2292 1084 2571 1164 singula,

105 1179 280 1252 quaein
299 1183 506 1241 vetere
527 1180 900 1241 oeconomia
928 1180 1356 1249 inveniuntur,
1390 1178 1601 1257 typica
1634 1194 1807 1249 esse;
1844 1179 2199 1241 absurdum
2226 1185 2441 1241 autem
2472 1198 2573 1241 es-

104 1280 180 1343 set,
211 1276 252 1332 si
292 1276 429 1352 quis
470 1276 542 1336 in
580 1276 874 1337 omnibus
908 1276 1156 1336 Veteris
1185 1273 1570 1335 Testamenti
1616 1273 1951 1351 phrasibus
1996 1292 2251 1337 sensum
2291 1277 2573 1355 typicum

104 1376 367 1443 quaereret.
727 1378 732 1383 “

141 1501 366 1572 Oriyenes
404 1502 496 1569 (de
524 1503 709 1559 Ptine.
757 1504 849 1558 lV.
883 1508 970 1569 20)
1004 1502 1227 1574 quidem
1259 1503 1476 1571 statuit,
1513 1520 1539 1553 ι
1580 1493 1919 1572 Scripturam
1953 1502 2157 1575 ubique
2198 1504 2565 1574 spiritualem,

111 1596 330 1645 mantem
356 1588 564 1663 ubique
585 1606 914 1661 corporeum
939 1606 1165 1645 sensum
1185 1590 1390 1646 habere
1414 1608 1464 1659 ι,
1487 1604 1671 1661 neque
1690 1604 1838 1646 saec.
1870 1596 1953 1645 17.
1989 1589 2164 1646 defuit
2188 1591 2377 1647 schola
2407 1608 2571 1663 quae-

111 1669 175 1726 ἔω
207 1675 554 1747 interpretum
601 1679 1150 1749 protestanticorum,
1197 1678 1290 1749 qui
1341 1678 1399 1732 in
1440 1676 1729 1747 omnibus,
1772 1676 1856 1733 vel
1898 1678 2310 1748 minutissimis,
2358 1680 2571 1735 Veteris

107 1758 188 1815 nst.
227 1764 376 1819 rebus
413 1774 582 1837 typos
625 1766 976 1821 invenerunt.
1025 1770 1098 1821 At
1141 1774 1288 1820 recte
1338 1765 1447 1819 iam
1492 1764 1710 1819 monuit
1752 1768 1813 1820 S.
1863 1768 2235 1837 Auqustz'nus
2278 1767 2415 1833 (Civ.
2464 1767 2569 1823 Dei

109 1846 215 1903 ml.
241 1856 284 1918 ³)
315 1872 328 1907 ε
361 1872 386 1902 α
415 1853 558 1909 Mihi
587 1852 730 1909 sicut
759 1854 1002 1909 multum
1028 1851 1283 1908 videntur
1313 1866 1529 1919 errare,
1556 1851 1653 1923 qui
1680 1852 1861 1907 nullas
1882 1868 1971 1907 res
1991 1862 2170 1924 gestas
2190 1854 2246 1908 in
2272 1870 2338 1909 eo
2365 1870 2567 1927 genere

105 1932 299 1993 literarum
321 1938 528 2011 aliquid
559 1938 710 1995 aliud
741 1948 958 2011 praeter
988 1939 1062 2009 id,
1089 1937 1239 2011 quod
1273 1954 1338 1995 eo
1363 1937 1531 1996 modo
1562 1946 1751 2005 gestae
1778 1948 1926 2006 sunt,
1958 1940 2269 2012 significare
2294 1942 2563 1997 arbitran-

105 2032 166 2083 Ἱπ.
187 2024 244 2080 ita
276 2026 510 2083 multum
545 2026 782 2095 audere,
817 2028 912 2099 qui
944 2042 1168 2098 prorsus
1207 2026 1285 2081 ibi
1317 2025 1502 2081 omnia
1535 2025 2025 2099 significationibus
2062 2028 2373 2094 allegoricis
2404 2030 2562 2084 invo-

115 2116 168 2161 uta
189 2126 282 2167 esse
303 2113 648 2170 contendunt
674 2134 721 2170 ι.
753 2114 1010 2169 Profecto
1042 2122 1103 2168 ut
1131 2128 1376 2169 asserere
1409 2127 1723 2183 possemuS,
1758 2113 1999 2186 typicam
2040 2115 2313 2171 rationem
2350 2116 2419 2173 ad
2457 2117 2563 2171 mi-

103 2196 190 2251 nima
227 2216 459 2273 quaeque
503 2218 628 2257 sese
675 2200 1002 2271 extendere,
1035 2202 1264 2272 positiva
1313 2209 1640 2273 argumenta
1686 2200 2013 2257 deberemus
2056 2202 2291 2273 habere,
2324 2204 2449 2275 quia
2492 2203 2563 2259 de

101 2278 208 2339 libera
237 2288 328 2344 Dei
363 2289 724 2362 dispositione
761 2290 970 2362 agitur3
1009 2298 1066 2344 at
1091 2287 1363 2345 eiusmodi
1406 2297 1731 2359 argumenta
1760 2304 1863 2345 nec
1888 2304 1917 2343 a
1947 2290 2227 2362 Scriptura
2256 2307 2359 2347 nee
2385 2306 2416 2347 a
2446 2299 2561 2347 tra·

99 2367 232 2427 ditione
255 2377 602 2447 praebentur.
635 2379 810 2433 Porro
840 2377 1068 2449 singulis
1092 2377 1308 2432 Veteris
1342 2378 1493 2432 Test.
1525 2375 1767 2432 textibus
1802 2390 1918 2431 non
1954 2376 2134 2433 inesse
2164 2393 2387 2434 sensum
2414 2380 2559 2452 typi-

99 2469 200 2527 fflffl,
223 2460 678 2521 demonstratione
705 2480 820 2519 non
844 2464 1080 2536 indigen
1113 2465 1340 2536 quinam
1369 2479 1565 2519 sensus
1588 2464 1803 2535 typicus
1829 2472 2125 2536 praecepto
2153 2466 2381 2522 Domini
2412 2486 2435 2517 α
2467 2468 2561 2521 Di-

101 2542 182 2613 liges
195 2550 464 2609 Dominum
485 2554 674 2608 Deum
690 2560 850 2607 tuum
871 2568 938 2607 ex
957 2560 1077 2607 toto
1102 2550 1270 2607 corde
1295 2560 1391 2607 tuo
1414 2571 1440 2603 n
1464 2560 1571 2607 etc.
1605 2555 1799 2617 (De-uc.
1828 2551 1940 2623 6,5)
1970 2551 2350 2625 similibusque
2374 2555 2563 2609 multis

99 2645 210 2689 messe
231 2646 392 2707 potest
405 2642 430 2693 Ρ

101 2898 108 2906 ¹
144 2811 183 2865 5-
205 2844 266 2855 —-
292 2815 478 2877 Sicuti
502 2816 751 2887 Veteri,
786 2816 978 2876 etiam
1007 2817 1181 2875 Novo
1215 2818 1615 2875 'testamento
1642 2820 1826 2893 typos
1858 2832 2239 2893 sensumque
2270 2818 2557 2895 typicum

99 2916 259 2982 messe,
287 2911 572 2989 plerique
597 2916 768 2973 recte
796 2915 1034 2972 tenent.

139 3033 278 3093 Patres
297 3041 544 3097 nonnulli
573 3041 677 3096 hoc
700 3056 930 3115 negasse
959 3050 1274 3108 censentur,
1303 3042 1431 3114 quia
1465 3042 1671 3115 figuras
1700 3042 2027 3099 adveniente
2061 3042 2282 3097 Christo
2316 3058 2557 3100 cessasse
2597 3115 2605 3124 ι

101 3112 242 3193 dieant3
263 3136 493 3184 attamen
517 3127 580 3184 id
600 3144 774 3184 unum
803 3128 1006 3185 docere
1035 3128 1332 3185 voluerunt
1347 3172 1361 3196 ,
1383 3137 1545 3201 typos
1566 3131 1920 3186 messianicos
1945 3128 2003 3185 in
2029 3131 2188 3186 Novo
2209 3145 2323 3185 non
2342 3129 2553 3201 adesse,

101 3210 282 3270 'luoniam
304 3215 528 3272 umbrae
567 3216 680 3273 iam
719 3214 1042 3271 successerit
1083 3216 1203 3287 ipsa
1245 3216 1463 3271 veritaS.
1512 3218 1571 3271 S.
1620 3217 2078 3288 chrysostomus
2130 3226 2313 3273 autem
2357 3218 2558 3275 diserte

102 3288 224 3363 fimet,
246 3302 564 3370 Dominum,
599 3319 773 3377 quum
807 3312 1057 3359 veterem
1089 3303 1440 3375 prophetiam
1463 3304 1746 3375 impleret,
1780 3320 1953 3360 novae
1984 3304 2305 3376 prophetiae
2341 3306 2556 3363 initium

103 3374 225 3437 secisse
259 3408 280 3436 α
317 3390 476 3461 gestis
523 3390 639 3446 suis
681 3390 866 3446 sutura
916 3392 1451 3463 praesignificantem
1489 3412 1516 3443 n
1572 3393 1659 3459 (In
1708 3391 1903 3447 Matth.
1958 3391 2111 3447 hom.
2170 3396 2338 3462 66,2)‚
2390 3401 2557 3466 atque

103 3466 133 3518 δ’·
155 3470 356 3532 Thomas
377 3480 464 3533 Pe.
485 3476 740 3551 Dionysii
763 3478 1092 3534 sententiam
1128 3498 1152 3529 α
1183 3492 1388 3533 novam
1411 3480 1617 3551 Legem
1640 3479 1879 3551 figuram
1904 3492 2023 3534 esse
2047 3478 2263 3535 suturae
2288 3481 2497 3553 gloriae
2520 3502 2549 3533 η

104 3558 288 3623 ἓΡΡῐοδαῑ
311 3564 551 3630 (Summa
578 3566 624 3621 1.
653 3581 747 3637 qu.
782 3574 832 3622 1.
861 3582 912 3621 a.
954 3570 1060 3633 10).
1091 3563 1413 3621 Cavendum
1451 3564 1677 3637 quidem
1716 3576 1825 3635 est,
1862 3583 1933 3621 ne
1967 3568 2248 3639 exemplar
2280 3576 2335 3623 et
2362 3576 2552 3641 typum

103 3642 407 3731 &infundentes
432 3653 896 3709 resurrectionem
922 3652 1126 3710 Christi
1144 3668 1405 3709 vocemus
1427 3662 1623 3725 typum
1650 3654 2073 3711 resurrectionis
2100 3664 2348 3725 nostrae,
2382 3673 2552 3729 quum

105 3740 173 3783 ‘111⁵
193 3737 339 3801 potius
363 3739 428 3795 sit
455 3757 624 3797 causa
652 3742 1011 3813 exemplam,
1040 3750 1136 3797 aut
1164 3757 1259 3807 ea,
1295 3756 1437 3813 quae
1465 3741 1719 3797 Christus
1743 3743 1882 3813 egit,
1912 3740 1971 3797 in
1992 3751 2152 3815 typos
2178 3744 2553 3816 tropologicos

104 3826 421 3893 convertamuS,
451 3844 628 3901 quum
654 3830 768 3900 ipse
809 3828 968 3884 nobis
1012 3827 1298 3901 reliquerit
1346 3830 1693 3899 exemplum,
1720 3838 1784 3883 ut
1824 3844 2123 3901 sequamur
2166 3832 2389 3903 vestigia
2436 3832 2554 3887 eius

121 3908 276 3965 lPetr.
317 3916 487 3987 221),
533 3924 782 3973 attamen
827 3918 884 3973 S.
928 3916 1132 3973 Paulus
1174 3915 1377 3984 (Hebr.
1432 3922 1587 3985 13,st
1626 3920 1773 3987 sqq.)
1809 3918 2215 3991 tropologicum
2255 3918 2553 3989 quemdam

105 3990 232 4055 ¹FP¹1¹11
253 3998 380 4056 videt
412 4002 468 4057 in
497 4020 583 4072 eo,
609 4002 760 4076 quod
786 4003 1038 4060 Christus
1063 4013 1220 4060 extra
1251 4004 1536 4059 civitatem
1574 4020 1766 4075 passus
1794 4004 1892 4073 sit,
1935 4006 2207 4061 Dominus
2244 4007 2358 4077 ipse
2400 4004 2553 4061 futu-

107 4086 182 4164 ‚mm
201 4078 588 4147 destructionem
621 4092 922 4147 Ierusalem
949 4092 1024 4147 ita
1055 4090 1341 4152 describit,
1374 4100 1438 4146 ut
1475 4092 1627 4162 prius
1660 4090 1925 4148 iudicium
1965 4093 2191 4148 alterius
2228 4091 2554 4149 universalis

110 4162 232 4221 iudicii
249 4180 414 4243 typum
441 4194 558 4234 esse
587 4188 874 4250 appareat3
905 4179 1158 4235 navicula
1188 4180 1339 4235 Petri
1369 4178 1625 4235 fluctibus
1653 4180 1853 4236 iactata
1877 4180 2067 4235 multis
2094 4180 2349 4235 Patribus
2374 4179 2554 4253 figura

109 4254 160 4299 ‘³1
177 4252 398 4318 Ecclesiae
425 4264 895 4336 persecutionibus
922 4266 1161 4340 agitatae
1191 4274 1298 4324 etc.

160 4426 200 4482 6·
221 4463 284 4475 --
306 4438 384 4499 Ex
407 4439 590 4503 dictis
620 4444 924 4521 sequitur,
956 4443 1291 4521 interpreti
1321 4443 1584 4505 omnino
1610 4444 1689 4505 ad
1724 4461 1983 4506 sensum
2011 4445 2295 4523 typicum
2340 4444 2551 4523 Scrip-

112 4518 309 4624 ¹¹¹f³r¹11n
346 4538 790 4601 attendendum
837 4556 1109 4617 eumque
1155 4540 1490 4619 diligenter
1530 4540 1971 4618 explicandum
2016 4558 2188 4615 esse,
2230 4541 2379 4619 quia
2424 4559 2552 4601 non

115 4626 286 4695 nunus,
308 4644 476 4706 quam
505 4635 794 4708 literaIiS,
825 4640 921 4696 est
945 4637 1212 4697 verbum
1236 4636 1370 4697 Dei.⁴
1402 4635 1614 4697 Altera
1643 4641 1859 4697 tamen
1892 4654 1967 4698 ex
2000 4642 2175 4717 parte
2204 4638 2551 4699 cavendum
