3050 5184
387 306 468 363 22
503 319 793 363 HISTORIA
821 318 1068 363 CANONIS
1095 316 1426 369 urnmsouss
1455 314 1857 361 TESTAHENTI.
1890 328 1969 339 --
1997 310 2125 356 ΟΑΡ.
2158 308 2227 351 11.
2262 302 2396 349 CAN.
2429 294 2679 343 vert-:1118
2706 292 2923 337 TEST.

391 463 588 505 omnes
614 446 785 504 libros
819 448 1015 505 eodem
1053 447 1223 507 modo
1259 457 1315 505 et
1350 447 1573 513 ordine,
1607 462 1717 519 quo
1746 458 1945 518 graeca
1974 458 2041 499 ex
2077 455 2186 512 qua
2211 443 2403 493 exorta
2443 438 2553 499 est,
2584 424 2977 484 continuisse

391 552 558 591 nemo
586 535 868 607 negaverit
897 536 1001 601 (cfr
1030 536 1297 593 Cassiod.
1325 537 1505 593 Instit.
1539 534 1649 590 div.
1675 534 1757 589 lit.
1794 536 1903 599 14).
1932 528 2191 587 Eiusdem
2220 520 2482 580 ecclesiae
2508 516 2799 573 africanae
2834 510 2979 566 duo
3029 566 3030 569 ,

393 630 678 693 praetcrea
716 631 936 693 praesto
973 632 1102 679 sunt
1129 623 1400 694 praeclari
1436 631 1633 689 testea,
1664 619 2070 677 Tertullianus
2105 623 2164 670 et
2198 613 2257 669 S.
2292 608 2651 682 Cyprianus,
2684 612 2979 672 quorum

396 710 710 764 testimonia
748 710 950 765 ass'erre
987 710 1326 781 superfluum
1351 717 1463 777 est,
1494 724 1667 780 quum
1694 707 1796 779 ipsi
1830 704 2128 761 adversarii
2154 701 2303 756 ultro
2332 696 2631 758 fateantur,
2662 702 2769 744 eos
2798 684 2981 740 deu-
3029 746 3030 749 Ἴ

401 796 808 852 ῐθΐῡθὸὓῡῦἰθίὃ
834 795 1088 860 eandem,
1119 813 1285 869 quam
1307 796 1771 867 protocanonicis‚
1806 792 2047 849 divinam
2077 786 2461 844 auctoritatem
2489 774 2837 835 attribuisse.

465 882 615 932 lnter
669 876 985 929 orientales
1040 882 1206 927 testes
1261 871 1506 925 eminent
1566 866 1873 923 immediati
1917 863 2314 935 Apostolorum
2359 857 2617 930 discipuli
2663 876 2677 911 ε
2734 860 2971 911 Doctr.

392 964 694 1021 duodecim
721 966 923 1035 Apo-st.
959 959 1045 1016 bis
1081 964 1154 1026 (2.
1187 964 1241 1025 4)
1268 956 1530 1027 Tobiam,
1564 964 1651 1011 ter
1678 958 1751 1021 (3.
1790 958 1844 1008 5.
1876 958 1930 1020 6)
1960 951 2232 1023 Sapient.,
2264 946 2559 1021 quinquies
2587 949 2662 1012 (1.
2694 948 2755 999 2.
2796 950 2859 999 3.
2896 950 2971 997 4.

397 1058 481 1121 15)
517 1052 710 1117 Eccli.,
740 1051 799 1109 S.
825 1048 1150 1105 Barnabas
1175 1050 1282 1118 (ep.
1315 1046 1396 1115 19)
1425 1044 1595 1101 Eccli.
1616 1084 1631 1111 ,
1660 1043 1716 1099 S.
1748 1040 2115 1112 Polycarpus
2138 1036 2231 1106 (ad
2260 1036 2409 1093 Phil.
2458 1036 2540 1104 10)
2574 1050 2643 1089 ex
2672 1030 2979 1089 omnibus
3029 1050 3030 1053 ¹

396 1143 465 1198 V.
494 1143 556 1196 T.
589 1138 743 1195 libris
769 1152 943 1195 unum
966 1136 1179 1201 solum,
1207 1132 1771 1190 deuterocanonicum
1792 1128 2029 1187 Tobiam
2056 1128 2317 1200 allegant.
2348 1127 2623 1195 Tempore
2646 1121 2727 1178 eis
2754 1120 2975 1192 proxi-

396 1244 521 1285 mus
554 1232 610 1285 S.
643 1228 1054 1299 Atheuaqoras
1093 1224 1300 1279 Athen.
1333 1221 1405 1278 ad
1435 1220 1679 1276 libellum
1699 1216 1918 1275 Baruch
1950 1223 2215 1287 provocat
2240 1216 2395 1285 (Leg.
2421 1227 2523 1282 pro
2556 1208 2771 1267 Christ.
2801 1214 2843 1264 9
2868 1206 2979 1263 cfr·

395 1308 544 1361 Bar.
576 1312 746 1375 3,36).
775 1309 1054 1379 Quidnam
1081 1307 1283 1365 deinde
1311 1322 1753 1365 snnxmnmiu
1782 1305 2013 1362 eeclesia
2040 1302 2111 1359 de
2138 1294 2644 1358 deuterocanonicis
2672 1290 2960 1352 senserit,

397 1392 602 1451 docent
625 1404 740 1451 tres
767 1398 1044 1470 praecipui
1073 1397 1293 1453 scholae
1319 1395 1688 1453 catecheticae
1715 1391 2102 1451 alexandrinae
2129 1390 2385 1445 doctores
2415 1407 2429 1439 :
2464 1385 2727 1441 Clemens
2756 1378 2959 1434 Alex.
3029 1398 3030 1415 κ

403 1482 480 1537 ita
507 1496 638 1554 erga
667 1482 894 1566 eoslfuit
922 1484 1173 1551 affectus,
1197 1494 1260 1540 ut
1284 1499 1382 1541 eos
1407 1482 1751 1555 frequentius
1771 1481 1915 1549 fere,
1940 1494 2107 1552 quam
2126 1473 2615 1549 protocanonicos;
2636 1464 2921 1527 adhibeat
2940 1486 2961 1529 ς

406 1569 530 1640 plus
567 1570 927 1643 quinquagies
961 1572 1020 1627 in
1052 1572 1232 1628 tribus
1264 1570 1577 1644 Paedagogi
1612 1570 1765 1627 libris
1798 1566 2239 1625 Ecclesiasticum
2278 1562 2436 1627 citat,
2482 1566 2679 1630 quater
2712 1548 2963 1608 Baruch

405 1654 506 1712 sub
529 1658 755 1714 nomine
779 1660 1072 1728 Ieremias,
1100 1661 1159 1715 in
1184 1676 1295 1715 uno
1317 1659 1496 1731 capite
1517 1660 1859 1715 stromatum
1884 1655 2059 1712 sexies
2080 1650 2416 1724 Sapientiam
2445 1648 2666 1719 (Strom.
2691 1643 2794 1697 VI.
2823 1642 2919 1704 11)
2940 1661 2961 1704 ·‚
3029 1710 3030 1715 η

405 1760 586 1815 neque
613 1746 761 1801 ullus
787 1756 872 1802 est
892 1747 1034 1803 liber
1062 1756 1160 1803 aut
1185 1747 1560 1820 fragmentum
1586 1742 2165 1809 deuteroeanonicum‚
2198 1755 2309 1811 quo
2334 1752 2449 1793 non
2476 1735 2549 1790 sit
2574 1746 2725 1787 usus.
2758 1727 2967 1782 Maior
3029 1718 3030 1765 ἶ

407 1830 526 1886 eius
555 1830 855 1904 discipulus
885 1835 1167 1907 oriqeues
1202 1844 1394 1891 contra
1423 1834 1744 1891 Africanum
1772 1831 2015 1889 divinam
2048 1828 2433 1885 auctoritatem
2461 1835 2653 1878 earum
2687 1814 2963 1885 Scriptu-

411 1934 631 1984 rarum,
663 1936 806 1991 quae
832 1938 865 1977 a
894 1920 1110 1978 ludaeis
1137 1938 1248 1979 non
1275 1922 1702 1993 recipiebantur,
1734 1919 1937 1976 diserte
1964 1915 2235 1983 defendit,
2265 1913 2324 1969 in
2348 1912 2538 1969 libello
2568 1906 2639 1963 de
2673 1902 2963 1961 Oratione

409 2014 608 2077 quater
633 2008 788 2079 Sap.,
819 2018 1016 2081 quater
1042 2010 1205 2080 Tob.,
1235 2009 1321 2067 bis
1348 2008 1556 2076 Iudith,
1586 2008 1757 2065 semel
1784 2012 1817 2063 2
1846 2005 2053 2075 Mach.,
2083 2004 2139 2059 in
2168 2002 2320 2059 libris
2346 2017 2397 2056 c.
2426 1998 2647 2055 Celsum
2686 1993 2961 2061 frequen-

406 2101 496 2149 ter
519 2095 897 2166 sapientiam,
941 2098 1235 2169 aliquoties
1277 2098 1718 2154 Ecclesiasticum
1753 2094 2007 2163 adhibet;
2046 2091 2192 2148 inter
2230 2088 2349 2145 eius
2387 2081 2816 2143 commentarios
2854 2077 2959 2131 vix

407 2196 554 2237 unus
581 2186 687 2249 est,
716 2184 776 2238 in
804 2200 915 2256 quo
942 2184 1437 2242 deuterocanouica
1463 2184 1777 2241 testimonia
1803 2198 1917 2239 non
1943 2180 2311 2236 inveniantur.
2335 2174 2524 2247 Magni
2542 2173 2661 2229 eius
2689 2164 2959 2237 discipuli

407 2270 462 2323 S.
497 2272 768 2342 Dionysii
799 2272 972 2329 Alex.
1012 2272 1172 2331 nobis
1206 2287 1384 2345 pauca
1419 2272 1624 2343 scripta
1661 2279 1877 2327 tantum
1914 2276 2043 2325 sunt
2076 2272 2397 2323 conservata
2413 2305 2427 2331 ,
2458 2258 2557 2317 sed
2592 2260 2651 2314 in
2680 2256 2788 2313 illis
2828 2252 2955 2307 fre-

411 2366 646 2426 quenter
671 2358 873 2432 allegat
895 2361 1065 2417 Eccli.
1098 2364 1204 2429 (De
1229 2368 1412 2416 natur.
1445 2358 1641 2432 fragm.
1684 2366 1736 2415 3.
1766 2365 1822 2413 5.
1860 2362 1992 2424 etc.)
2021 2363 2078 2411 et
2116 2360 2311 2411 contra
2345 2350 2581 2407 Paulum
2618 2348 2833 2403 SamoS.
2872 2356 2950 2393 ex

409 2444 567 2515 Tob.,
599 2446 725 2519 Sap.
767 2457 824 2504 et
847 2448 1066 2505 Baruch
1101 2446 1342 2504 desumit
1374 2454 1701 2520 argumenta
1741 2461 1840 2501 sua
1870 2448 1938 2512 (c.
1970 2443 2129 2499 Paul.
2158 2443 2367 2499 Samos.
2412 2454 2507 2510 qu.
2546 2440 2599 2491 6.
2639 2440 2693 2489 9.
2730 2435 2835 2497 10).
2864 2430 2953 2482 Ex

410 2530 532 2587 aliis
559 2534 920 2592 orientalibus
945 2534 1152 2592 sufficit
1175 2535 1490 2592 nominasse
1515 2534 1769 2607 origenis
1796 2532 2127 2604 discipulum
2148 2537 2207 2585 et
2230 2529 2490 2595 amicum,
2511 2526 2569 2581 S.
2596 2520 2953 2591 Greqorium

407 2622 576 2678 Nece.
619 2621 708 2691 (de
745 2623 843 2679 fid.
884 2624 1033 2680 cath.
1070 2622 1158 2679 >cfr
1192 2627 1337 2679 Bar.
1379 2623 1548 2693 3,36),
1583 2630 1640 2679 et
1676 2618 2017 2678 indefessum
2060 2616 2440 2673 adversarium
2482 2612 2539 2668 S.
2580 2605 2953 2666 methodium

417 2713 552 2779 Tyr.
587 2712 782 2777 (Conv.
821 2711 1016 2767 decem
1051 2711 1191 2784 virg.
1220 2712 1319 2768 Or.
1360 2712 1408 2767 1.
1451 2720 1504 2767 1.
1545 2718 1599 2766 3.
1636 2716 1691 2765 4.
1734 2709 1808 2765 11.
1842 2714 1874 2764 3
1903 2714 2033 2775 etc.;
2072 2707 2228 2761 vm.
2270 2704 2463 2771 ³3X1.
2494 2706 2529 2756 2
2555 2701 2715 2767 ete->3
2747 2693 2953 2768 quibus

411 2796 684 2853 addamus
720 2814 1020 2856 svnucsn
1057 2798 1185 2855 fidei
1221 2806 1422 2853 testem
1454 2798 1512 2853 S.
1558 2796 1925 2853 Archelaum
1968 2793 2186 2851 Charr.
2220 2791 2455 2861 (Disput.
2492 2804 2543 2844 c.
2574 2788 2725 2842 Man.
2766 2788 2832 2838 29
2858 2780 2953 2836 cfr

410 2889 552 2958 Sap.
585 2893 609 2941 1
624 2887 751 2956 ,13)‚
783 2901 960 2957 quum
985 2887 1198 2954 doceat,
1231 2884 1417 2941 medio
1443 2900 1588 2941 saec.
1621 2892 1673 2939 3.
1703 2886 1873 2957 Syros
1892 2884 2037 2937 inter
2062 2894 2191 2937 suas
2216 2878 2525 2948 Scripturas
2549 2874 2721 2930 libros
2746 2869 2950 2926 deute-

411 2974 774 3030 roeanonicos
801 2972 1128 3046 possedisse.

493 3208 552 3265 4.
597 3238 678 3247 —-
719 3206 828 3265 Cui
869 3207 1128 3267 testium
1165 3207 1317 3267 nubi
1355 3200 1693 3266 adversarii
1737 3204 1799 3263 S.
1848 3202 2146 3263 lustinum
2184 3200 2304 3271 M„
2346 3197 2454 3275 qui
2502 3174 2947 3255 de'uterocano-

415 3301 554 3361 nica
589 3317 716 3361 non
757 3303 1117 3379 agnoverit,
1155 3306 1219 3363 et
1254 3302 1318 3363 S.
1356 3302 1697 3363 Melitenam
1735 3301 1917 3361 δεινά.
1959 3292 2315 3376 opponunt,
2356 3292 2468 3369 qui
2510 3308 2582 3351 ea
2618 3288 2940 3362 reiecerit;

419 3398 617 3457 immo
645 3397 853 3474 ipsum
896 3400 1209 3473 oriqenem
1237 3399 1304 3457 in
1333 3416 1475 3459 suas
1509 3401 1721 3475 partes
1762 3395 2007 3457 trahere
2032 3395 2357 3453 conantur.
2388 3392 2468 3448 At
2498 3386 2719 3447 Iustini
2748 3384 2943 3444 silen-

417 3494 577 3553 tium
608 3494 924 3555 immerito
961 3496 1240 3567 affertur,
1275 3495 1424 3573 quia
1461 3500 1679 3557 contra
1703 3492 1963 3553 Iudaeos
2003 3490 2331 3566 disputans
2360 3502 2399 3545 a
2424 3482 2759 3560 Scripturis
2790 3480 2940 3539 alle-

419 3589 639 3665 gandis
659 3636 674 3663 ‚
699 3607 855 3667 quas
882 3590 1093 3651 ludaei
1129 3609 1254 3652 non
1283 3594 1690 3667 agnoverunt,
1724 3588 2009 3649 consulto
2038 3583 2377 3653 abstinuit;
2402 3580 2614 3640 Melito
2641 3582 2842 3637 autem
2876 3582 2947 3636 et

419 3686 718 3763 Origenes
761 3688 826 3746 in
863 3688 1136 3747 textibus
1175 3687 1443 3748 obiectis
1481 3687 1561 3747 de
1606 3701 1838 3746 canone
1874 3683 2246 3758 ludaeorum
2275 3674 2821 3755 palaestinensium
2848 3672 2943 3731 lo-

419 3785 723 3858 quuntur,
753 3783 1016 3843 minime
1051 3800 1200 3844 vero
1230 3784 1310 3844 de
1339 3800 1579 3845 canone
1608 3800 1645 3843 a
1668 3779 2035 3843 Christianis
2064 3779 2344 3855 recepto.

3016 3476 3030 3517 -4

489 3924 546 3977 S.
577 3925 834 3978 Iustinus
860 3924 918 3978 in
953 3938 1056 3979 suo
1084 3922 1305 3995 dialogo
1343 3939 1470 3979 cum
1501 3922 1707 3977 ludaeo
1734 3918 2031 3993 Tryphone
2058 3932 2171 3973 non
2200 3914 2369 3971 semel
2412 3920 2631 3981 monet,
2662 3927 2720 3965 se
2744 3924 2805 3965 ex
2832 3910 2939 3965 illis

419 4010 550 4065 solis
572 4011 868 4082 scripturis
895 4013 1036 4067 velle
1060 4013 1454 4083 argumentari,
1481 4026 1622 4083 quae
1651 4010 1719 4065 ab
1748 4006 2065 4063 adversario
2092 4003 2457 4061 admittantur
2484 4017 2498 4054 :
2529 4020 2556 4051 α
2582 4004 2759 4069 Atque
2782 3996 2935 4066 illud,

418 4098 596 4171 inquit
611 4140 626 4167 ,
657 4114 756 4155 vos
779 4100 919 4175 scire
947 4100 1110 4156 velim
1125 4141 1140 4168 ,
1168 4099 1396 4156 multas
1421 4100 1769 4171 Scripturas
1789 4094 1998 4164 (πολλὰς
2020 4092 2254 4165 γραφάς),
2278 4106 2344 4146 ex
2364 4087 2563 4160 quibus
2582 4087 2728 4142 hunc
2744 4086 2935 4155 ipsum,

421 4186 515 4257 qui
556 4186 849 4243 crucifixus
879 4196 987 4254 est,
1023 4180 1092 4241 et'
1119 4188 1302 4243 Deum
1341 4196 1397 4242 et
1438 4186 1723 4243 hominem
1763 4192 1819 4239 et
1857 4181 2179 4239 crucifixum
2207 4188 2263 4235 et
2292 4178 2625 4233 morientem
2652 4171 2935 4245 praedicari

421 4274 704 4344 perspicue
751 4272 1182 4340 demonstratur,
1230 4276 1455 4330 omnino
1502 4273 1572 4330 ab
1618 4276 1684 4329 iis
1712 4271 1971 4344 (Iudaeis)
2000 4286 2067 4325 ex
2111 4269 2207 4323 illa
2252 4264 2733 4336 interpretatione,
2776 4278 2937 4332 quam

423 4375 580 4414 senes
621 4361 768 4433 apud
809 4363 1191 4418 Ptolemaeum
1232 4362 1602 4429 adornarunt,
1634 4362 1845 4416 deletas
1889 4374 2028 4415 esse.
2060 4358 2209 4424 Quas
2229 4354 2383 4427 ,quia
2428 4352 2541 4407 scio
2589 4350 2659 4405 ab
2699 4349 2939 4407 omnibus

425 4448 593 4502 vestri
629 4449 842 4521 generis
888 4449 1198 4507 hominibus
1236 4450 1450 4523 negari,
1491 4451 1551 4505 in
1588 4446 1859 4504 eiusmodi
1896 4446 2243 4517 quaestiones
2288 4456 2405 4495 non
2450 4436 2699 4506 delabor,
2740 4436 2833 4492 sed
2864 4438 2941 4495 de

433 4534 592 4603 illis,
631 4552 780 4609 quae
815 4538 986 4609 apud
1019 4554 1119 4592 vos
1155 4540 1456 4593 commum·
1491 4552 1763 4592 consensu
1811 4534 2239 4593 admittuntur,
2279 4525 2736 4583 controversiam
2776 4527 2937 4583 inste-

429 4628 596 4676 tuam
631 4642 654 4674 ι
689 4627 758 4691 (e.
793 4624 997 4696 Tryph.
1028 4630 1146 4691 71),
1176 4634 1234 4681 et
1269 4628 1468 4680 iterum
1510 4646 1525 4679 ε
1572 4646 1599 4673 <r
1638 4626 1721 4679 De
1760 4622 1953 4678 vocula
1990 4622 2048 4675 in
2083 4617 2493 4674 contentionem
2524 4614 2792 4670 vobiscum
2830 4632 2939 4675 non
