3050 5184
439 320 516 365 ns
553 319 864 367 vumArAss
905 321 1302 368 counacrroue
1345 322 1588 367 srxrmA
1630 326 1707 369 nr
1747 325 2147 369 cneusurm.
2454 312 2565 372 117

119 452 391 509 emendatam
421 474 446 507 ι
485 452 632 509 dicit.
661 456 918 510 Ceterum
944 468 1135 511 mense
1158 458 1408 527 Augusto
1444 460 1603 511 1590.
1636 464 1891 511 mortuus
1920 465 2003 512 est
2024 456 2239 525 δίκαιε,
2272 466 2567 528 antequam

119 542 189 595 tius
209 540 355 595 editio
379 541 576 612 publici
603 542 738 597 iuris
765 543 836 597 sit
863 540 1034 611 sacta,
1066 558 1404 614 quamquam
1427 544 1613 615 aquua
1642 544 1974 614 exemplaria
2004 544 2339 615 principibus
2368 546 2564 601 catho-

119 631 190 683 licis
211 631 305 685 iam
325 637 481 685 erant
507 630 846 687 transmissa.
1934 630 1945 641 '

159 800 200 857 3.
221 832 286 841 —
311 798 540 859 Sixtina
563 799 834 877 Vulgata
861 803 1072 860 autem
1101 803 1348 859 tantum
1385 798 1589 861 abfuit
1612 804 1680 859 ut
1707 800 1993 860 omnium
2022 801 2315 879 suffragia
2340 802 2559 878 ferret,

115 900 154 951 ut
170 895 682 955 vehementissime
713 896 1215 973 impugnaretur3
1247 912 1438 973 quare
1469 896 1806 974 Gregorius
1836 896 1990 957 ΧΠ.
2026 914 2165 957 eam
2194 914 2309 975 per
2334 916 2562 957 novam

109 993 580 1069 congregationem
599 992 678 1052 ad
699 991 1008 1053 trutinam
1027 992 1313 1053 criticam
1332 992 1616 1053 revocari
1644 992 1847 1053 iussit.
1875 994 2084 1053 Mense
2108 991 2361 1055 Octobri
2383 994 2557 1055 1591.

110 1088 262 1163 paucis
286 1088 503 1149 diebus
528 1093 672 1148 ante
697 1090 976 1167 Gregorii
1003 1092 1276 1150 mortem
1296 1090 1492 1149 altera
1511 1090 1815 1149 correctio
1844 1093 1980 1149 erat
1996 1089 2351 1165 terminata,
2374 1094 2561 1167 atque

111 1183 162 1241 ita
185 1184 456 1245 Clementi
487 1184 646 1245 VIII.
675 1186 970 1263 contigit,
998 1190 1068 1247 ut
1104 1190 1248 1265 post
1278 1185 1841 1264 praedecessorum
1874 1204 2138 1247 suorum
2166 1191 2264 1247 tot
2300 1186 2563 1249 consilia

111 1297 330 1358 curasque
369 1288 561 1361 atque
607 1282 860 1343 iteratas
900 1283 1179 1343 virorum
1223 1282 1796 1343 eruditissimorum
1841 1283 2329 1345 examinationes
2385 1284 2559 1346 illam

111 1376 329 1455 vulgatae
355 1378 626 1441 formam
655 1378 994 1449 stabiliret,
1029 1396 1186 1457 quae
1215 1378 1403 1439 hodie
1433 1378 1498 1439 in
1536 1396 1655 1441 usu
1688 1384 1783 1441 est
1807 1376 2106 1459 (Vulqata
2144 1380 2555 1458 clementina).

149 1506 448 1565 eorrectores
472 1509 660 1565 sixtini
686 1502 850 1581 aegre
875 1507 1128 1575 ferentes,
1163 1508 1314 1581 quod
1339 1510 1589 1587 neglecta
1618 1509 1829 1566 maiore
1856 1508 2308 1565 emendatIonum
2334 1524 2559 1565 suarum

121 1603 204 1647 :arte
225 1606 390 1651 textus
416 1598 657 1653 sixtinus
689 1596 762 1653 ad
787 1596 1147 1652 Lovaniensia
1185 1590 1364 1668 potius
1391 1596 1564 1652 Biblia
1594 1611 1760 1669 quam
1788 1596 1863 1653 ad
1888 1596 2147 1668 antiquos
2173 1594 2391 1653 codices
2418 1606 2558 1651 esset

118 1682 304 1751 redactus,
327 1686 664 1757 Gregorinm
683 1685 838 1741 XIV.
865 1691 1152 1757 rogarunt,
1175 1693 1238 1739 ut
1260 1683 1420 1741 illum
1445 1684 1659 1755 publice
1681 1684 2075 1756 proscriberet3
2106 1683 2349 1756 pontifex
2374 1692 2559 1741 autem

117 1768 338 1828 flellarmini
363 1773 659 1829 consilium
687 1780 907 1829 secutus
933 1787 1134 1828 novam
1161 1771 1357 1828 maluit
1383 1772 1669 1829 instituere
1696 1772 2197 1845 congregationem,
2229 1788 2371 1845 quae
2399 1786 2557 1845 prae-

113 1854 178 1909 iide
195 1859 332 1915 card.
361 1861 636 1917 Columna
673 1862 800 1917 Seu.
837 1860 1100 1916 sixtinum
1127 1875 1265 1931 opus
1301 1861 1603 1931 corrigeret
1638 1869 2058 1932 correctumque
2083 1868 2299 1917 textum
2324 1859 2425 1917 sub
2452 1876 2557 1916 no-

112 1943 198 1999 nme
225 1946 451 2004 eiusdem
480 1947 621 2004 Sixti
656 1947 846 2003 ederet
886 1968 912 1998 α
949 1945 1136 2003 addita
1175 1946 1540 2019 praefatione,
1574 1963 1682 2019 qua
1720 1947 2120 2021 SIgniIicaretur
2152 1947 2209 2002 in
2238 1948 2413 2021 prima
2441 1946 2559 2003 edi-

112 2030 200 2086 tione
232 2035 350 2091 sixti
391 2050 530 2108 prae
589 2034 936 2091 festinatione
987 2036 1272 2106 irrepsisse
1336 2036 1519 2106 aliqua
1584 2044 1765 2091 errata
1814 2036 1898 2090 vel
1953 2035 2427 2107 typographorum
2470 2036 2561 2090 vel

110 2118 288 2177 ‘iliorum
331 2144 381 2181 ι.
427 2123 710 2193 Quoniam
751 2124 936 2179 omnia
984 2138 1014 2178 a
1057 2120 1514 2194 praecedentibus
1554 2122 2070 2197 congregationibus
2115 2124 2227 2179 iam
2266 2122 2559 2196 diligenter

107 2216 207 2263 erant
226 2221 532 2282 praeparata
549 2252 564 2279 ‚
597 2224 688 2266 res
713 2210 847 2265 satis
879 2211 1133 2266 celeriter
1161 2212 1454 2281 processit3
1485 2210 1741 2283 Gregorii
1768 2210 2041 2266 mandatis
2068 2210 2310 2268 obsecuti
2341 2226 2557 2268 correc-

108 2302 201 2349 tius
231 2300 476 2355 nonnulla
495 2341 510 2367 ,
547 2312 690 2371 quae
724 2300 782 2353 in
811 2298 1003 2354 sixtina
1050 2296 1292 2354 indebite
1335 2296 1664 2354 videbantur
1706 2298 1935 2365 omissa,
1966 2299 2165 2354 iterum
2212 2306 2556 2370 receperunt,

109 2382 225 2438 multo
247 2387 388 2456 plura
427 2395 628 2443 eontra
671 2387 1026 2458 antiquorum
1066 2384 1320 2442 codicum
1347 2384 1511 2441 tidem
1556 2402 1621 2441 ex
1656 2386 2089 2443 Lovaniensibus
2128 2386 2315 2443 Bibliis
2340 2394 2557 2457 recepta

109 2468 158 2522 vel
175 2482 349 2529 mutata
375 2482 738 2531 removerunt
765 2483 860 2529 aut
895 2472 1357 2539 emendaverunt,
1389 2474 1673 2545 antiquam
1714 2490 1933 2545 quoquc
1960 2490 2218 2530 versuum
2247 2472 2559 2531 distinetio-

109 2570 186 2612 nem
205 2576 230 2615 a
251 2562 391 2619 Sixto
417 2570 696 2618 mutatam
722 2562 1109 2631 restituerunt3
1129 2562 1189 2619 in
1216 2576 1416 2633 genere
1437 2570 1628 2617 tamen
1654 2570 1937 2629 caverunt,
1966 2581 1991 2613 α
2020 2578 2092 2618 ne
2119 2562 2279 2618 fieret
2302 2563 2555 2630 mutatio,

119 2644 170 2696 isi
189 2660 381 2719 cogeret
400 2649 702 2707 necessitas
732 2669 758 2702 ι
775 2690 791 2718 ,
823 2664 995 2721 quare
1023 2650 1080 2705 in
1111 2649 1178 2704 iis
1205 2648 1492 2705 dumtaxat
1525 2648 1879 2717 lectionibus,
1912 2664 2053 2721 quae
2081 2665 2301 2705 sensum
2326 2650 2555 2718 variant,

143 2731 190 2788 ad
205 2736 398 2794 codices
421 2740 635 2796 latinos
662 2745 718 2794 et
743 2752 970 2809 graecos
999 2744 1166 2809 atque
1190 2735 1480 2793 hebraicos
1505 2752 1610 2793 nec
1637 2753 1751 2792 non
1777 2736 1849 2792 ad
1871 2738 1963 2793 SS.
1996 2739 2265 2793 Doctores
2292 2746 2347 2793 et
2369 2740 2561 2793 Patres

109 2819 390 2893 aufugerim
416 2847 470 2881 ι.
507 2830 583 2880 At
609 2825 910 2897 Gregorius
936 2824 1091 2881 XIV.
1123 2834 1305 2880 morte
1342 2832 1671 2896 praeventus
1698 2825 1981 2896 negotium
2020 2824 2419 2881 successoribus
2445 2832 2557 2879 ter-

107 2907 350 2969 minandum
389 2914 644 2985 rcIIquit;
674 2913 928 2969 Clemens
968 2912 1124 2968 v111.
1173 2912 1344 2984 igitur
1387 2911 1529 2967 duos
1574 2912 1739 2984 elegit
1784 2910 2127 2981 Can-dinam,
2157 2912 2317 2970 Fred.
2364 2914 2561 2968 Borro-

108 3008 264 3053 meum
283 3010 331 3056 et
355 3005 504 3075 Aug.
538 3002 848 3069 Valerium,
879 3001 972 3072 qui
999 3016 1109 3055 una
1138 3016 1264 3055 cum
1294 3002 1385 3056 Fr.
1414 3000 1611 3056 Toleto
1639 3001 1694 3055 S.
1727 3002 1774 3055 Ι.
1814 2998 2226 3055 emendationes
2255 3000 2562 3071 propositas

109 3094 202 3139 novo
221 3090 434 3145 examini
467 3088 827 3158 subiicerent3
859 3086 1270 3159 diligentissime
1295 3089 1524 3144 Toletus
1538 3130 1553 3157 ‚
1584 3087 1671 3143 cui
1698 3088 2017 3144 cardinales
2048 3096 2227 3145 totam
2251 3103 2371 3144 rem
2406 3102 2561 3143 com—

111 3168 328 3245 miserunt,
354 3178 602 3251 singulas
629 3173 920 3248 perpendit
961 3185 1127 3247 atque
1154 3191 1360 3247 paucos
1404 3176 1514 3231 iam
1552 3183 1677 3247 post
1710 3189 1929 3232 menses
1968 3176 2248 3247 exemplar
2274 3192 2307 3232 a
2335 3178 2562 3232 Summo

111 3254 298 3318 pontifice
321 3264 687 3337 approbatum
716 3262 1062 3336 typographo
1087 3262 1333 3319 tradidit.
1364 3265 1541 3319 Tanta
1568 3278 1700 3319 vero
1728 3279 1856 3319 cum
1879 3262 2157 3319 celeritate
2184 3272 2457 3319 maturata
2482 3271 2565 3319 est

111 3352 347 3418 ltnutes-sio,
375 3362 436 3407 ut
467 3360 600 3408 ante
629 3352 800 3408 finem
827 3366 879 3408 a.
915 3356 1070 3407 1592.
1101 3366 1240 3421 opus
1267 3350 1323 3405 in
1356 3352 1538 3407 lucem
1570 3350 1850 3423 prodierit.
1884 3351 2147 3419 Quamvis
2174 3352 2233 3406 in
2262 3350 2563 3423 primarum

111 3428 335 3493 editionum
361 3441 538 3497 titulis
565 3440 732 3495 solius
758 3440 895 3495 Sixti
923 3453 1127 3494 nomen
1155 3440 1225 3493 sit
1255 3440 1494 3508 positum
1525 3440 1575 3506 (α
1606 3436 1783 3494 Biblia
1822 3453 1977 3494 sacra
2005 3439 2275 3511 vulgatae
2311 3438 2565 3495 editionis

112 3516 198 3575 §mi
219 3525 275 3577 V.
301 3530 454 3583 Pont.
485 3528 639 3583 Max.
668 3526 820 3583 iussu
847 3525 1127 3599 recognita
1156 3533 1323 3601 atque
1346 3524 1494 3581 edita
1524 3530 1609 3593 n),
1636 3540 1841 3582 nomen
1870 3534 2055 3582 autem
2083 3526 2376 3581 Clementis
2403 3526 2560 3581 VIII.

113 3612 284 3667 nonnisi
321 3614 384 3670 ab
413 3632 463 3671 a.
503 3620 660 3671 1638.
691 3613 821 3670 addi
857 3614 929 3669 sit
969 3623 1256 3685 coeptum,
1288 3612 1591 3669 rectissime
1625 3622 1815 3669 tamen
1850 3612 2087 3669 secunda
2131 3614 2267 3669 haec
2294 3614 2562 3669 correctio

115 3707 276 3754 romana
299 3711 520 3758 vocatur
554 3701 816 3775 Vucqaca
849 3702 1245 3766 Clementina,
1277 3702 1404 3773 quia
1432 3700 1735 3757 Clementis
1757 3702 1911 3757 VIII.
1943 3702 2266 3756 auctoritate
2293 3702 2505 3756 nititur.

164 3865 206 3921 4·
227 3899 294 3911 —
313 3868 612 3931 Sixtinam
642 3869 1016 3941 editIonem,
1045 3886 1082 3929 a
1125 3886 1250 3949 qua
1278 3868 1444 3929 haud
1479 3884 1701 3947 parum
1732 3868 1969 3939 differt,
2002 3869 2388 3931 Clementina
2426 3869 2559 3929 sine

119 3954 204 4016 ullo
225 3961 389 4025 dubio
414 3967 686 4045 puritate
709 3968 917 4027 textus
945 3966 1220 4026 multum
1252 3968 1535 4043 superat,
1566 3964 1848 4041 quamvis
1876 3983 1955 4025 ne
1985 3966 2121 4043 ipsa
2144 3966 2399 4042 quidem
2427 3982 2559 4025 om-

119 4051 243 4115 nibus
265 4064 526 4123 numeris
555 4062 842 4123 absoluta
874 4065 939 4123 et
975 4062 1246 4140 perfecta
1277 4060 1402 4122 dici
1433 4062 1664 4140 possit;
1704 4078 1895 4138 quare
1924 4060 2081 4122 nihil
2130 4062 2367 4133 obstat,
2402 4078 2559 4136 quo-

119 4149 270 4213 minus
287 4174 492 4234 graves
521 4159 603 4219 ob
627 4158 902 4220 rationes
921 4158 1332 4219 clementinae
1360 4158 1547 4218 alicui
1580 4158 1835 4218 lectioni
1867 4158 2187 4218 interdum
2212 4157 2333 4216 alia
2356 4172 2433 4215 ex
2462 4172 2561 4215 co-

117 4238 296 4310 dicibus
315 4252 522 4317 hausta
547 4256 958 4334 praeferatur.
1968 4278 1973 4283 ·

166 4374 212 4429 In
230 4380 568 4442 clementinae
595 4384 850 4443 editionis
879 4383 1216 4456 praefatione
1251 4384 1322 4439 de
1347 4384 1478 4440 solis
1512 4384 1737 4455 quidem
1766 4382 1981 4439 mendis
2008 4381 2415 4455 typographicis
2440 4381 2559 4437 Six-

117 4456 220 4517 ¹inae
237 4471 465 4528 correctis
491 4482 574 4529 est
599 4487 810 4541 sermo,
841 4480 899 4528 at
922 4480 1011 4528 ter
1033 4472 1186 4528 mille
1209 4470 1322 4527 fere
1349 4472 1482 4529 locis
1511 4469 1623 4527 duo
1648 4469 1982 4543 exemplaria
2012 4470 2156 4525 inter
2184 4484 2241 4525 se
2268 4468 2559 4538 differunt,

119 4551 238 4617 wine
255 4570 397 4625 quam
423 4559 685 4631 plurimae
711 4568 840 4616 sunt
863 4558 1236 4627 differentiae,
1267 4574 1409 4631 quae
1437 4560 1737 4630 typothetis
1764 4558 1913 4614 nulla
1943 4557 2157 4613 ratione
2187 4558 2406 4613 attribui
2434 4573 2561 4628 pos-

121 4643 222 4691 ⁸²1¹&
239 4642 360 4701 ffinc
373 4646 625 4705 baeretici
643 4663 836 4706 ansam
855 4647 1204 4719 arripuerunt
1222 4647 1561 4704 auctoritatis
1580 4646 1889 4718 pontificiae
1906 4644 2316 4717 impugnandae
2336 4646 2558 4714 (Thom.
