3050 5184
536 343 613 386 ns
655 342 815 386 mam
852 341 1063 386 ium-ra
1104 339 1348 386 omarus:
1388 341 1464 384 m
1512 337 1722 382 mvuu
1761 338 2199 384 Aue-romum.
2525 318 2638 376 281

140 471 431 528 stinensium
448 473 675 530 scientia
701 471 983 544 probabile
1010 471 1271 528 reddunt.
1296 470 1419 539 Quo
1444 477 1695 541 tempore
1724 469 1944 537 vixerit,
1967 467 2190 525 difficile
2210 467 2491 525 definitur.
2520 467 2638 520 Im-

140 558 313 614 merito
338 561 614 628 nonnulli,
644 569 709 616 ut
744 561 979 632 tempori
1008 558 1371 615 machabaico
1400 573 1531 612 eum
1563 555 1878 612 adscribere
1911 557 2153 629 possint,
2179 554 2498 630 synedrium
2525 551 2635 623 (τὴν

138 646 371 716 γηρουσίαν
395 654 515 716 ⁴,83
551 653 739 716 11‚1⁴;
780 654 905 716 15,8
937 649 1059 714 Gr.)
1096 656 1263 718 atque
1300 644 1617 717 προσάὸὃατα
1666 653 1722 701 et
1755 645 2116 716 προνουμηνῑας
2153 649 2267 713 (8,6
2310 643 2431 712 Gr.)
2472 656 2628 696 com-

138 735 401 790 memorari
434 744 689 806 monent3
719 735 963 808 synedrii
990 735 1137 792 enim
1175 734 1398 805 proprie
1422 731 1556 789 dicti
1579 747 1694 787 non
1727 731 1790 788 tit
1819 733 2048 802 mentio,
2074 731 2172 788 sed
2203 744 2433 804 graecus
2459 730 2632 783 inter-

140 835 242 891 pres
264 821 525 878 vocabulo
546 838 645 879 sua
672 831 853 880 aetate
880 822 1086 878 usitato
1111 820 1414 895 designavit
1441 840 1468 872 α
1493 819 1747 876 seniores·
1765 821 1954 894 populi
1981 839 2044 889 »ς
2076 818 2146 875 de
2175 816 2633 890 prosabbatorum

140 915 299 964 autem
340 919 396 965 et
432 911 983 982 pronoumeniarum‚
1017 923 1161 981 quae
1200 923 1233 964 a
1272 909 1393 964 solo
1432 907 1648 964 Graeco
1695 908 2072 974 nominantur,
2111 904 2454 960 institutione
2501 901 2638 957 nihil

140 994 335 1067 seimus3
361 1012 533 1070 quare
561 997 777 1054 nullum
821 995 1208 1054 machabaicae
1244 996 1441 1052 aetatis
1480 994 1770 1066 vestigium
1816 995 1872 1049 in
1912 1001 2033 1049 toto
2075 993 2216 1048 libro
2267 990 2558 1063 reperitur.
2592 991 2636 1044 Ε

138 1092 301 1138 eontra
320 1093 439 1141 tam
466 1093 721 1141 accurata
740 1093 797 1140 et
824 1084 1003 1140 vivida
1023 1093 1108 1141 est
1132 1087 1251 1140 tota
1279 1082 1545 1151 narratio,
1566 1091 1631 1137 ut
1658 1082 1887 1137 omnino
1930 1096 2124 1137 recens
2152 1094 2336 1134 rerum
2367 1086 2640 1150 gestarum

140 1173 369 1228 niemoria
400 1171 567 1229 fuisse
594 1172 847 1230 videatur
872 1189 939 1229 eo
976 1181 1257 1244 tempore,
1300 1187 1409 1243 quo
1437 1171 1608 1226 literis
1647 1169 1937 1226 mandatae
1971 1176 2121 1224 sunt.
2148 1171 2408 1222 Attamen
2447 1166 2640 1219 imme·

136 1257 260 1314 diate
290 1268 483 1330 postea
505 1261 849 1332 conscriptae
882 1276 995 1316 non
1032 1268 1191 1328 sunt,
1219 1260 1347 1331 quia
1386 1257 1641 1314 Iudithae
1674 1273 1825 1313 mors
1855 1259 2035 1326 (16‚25
2061 1271 2180 1327 sqq.
2188 1266 2204 1320 >
2235 1254 2374 1310 etin
2407 1251 2641 1323 Vulgata

147 1347 485 1413 {1⁴,6)etiam
516 1347 771 1404 Achioris
808 1347 1017 1420 posteri
1047 1347 1160 1404 iam
1191 1354 1715 1403 commemorantur.
1755 1346 2105 1416 Quapropter
2139 1342 2248 1397 illis
2291 1340 2640 1402 assentimur,

141 1433 215 1502 qui
236 1434 453 1490 circiter
476 1434 875 1508 quinquaginta
908 1435 1067 1491 annis
1092 1442 1216 1506 post
1239 1430 1526 1489 Bethuliae
1556 1431 1940 1488 liberationem
1977 1429 2178 1487 librum
2217 1428 2484 1500 scriptum
2525 1442 2644 1483 esse

138 1529 327 1586 tenent,
354 1538 539 1594 neque
565 1521 844 1578 reiicimus
872 1535 1063 1578 eorum
1090 1520 1441 1589 sententiam,
1462 1518 1556 1591 qui
1578 1527 1862 1575 auctorem
1885 1517 1944 1576 in
1971 1532 2038 1573 eo
2065 1512 2466 1572 conscribendo
2492 1529 2644 1568 com-

138 1610 388 1665 mentariis
416 1609 489 1664 ab
516 1609 755 1666 Acbiorc
782 1609 869 1668 vel
890 1610 1008 1666 alio
1035 1607 1282 1666 eiusdem
1306 1607 1503 1664 aetatis
1522 1606 1641 1662 viro
1663 1606 1870 1663 relictis
1895 1619 2060 1660 usum
2083 1619 2202 1660 esse
2231 1602 2569 1660 existimant.

196 1777 247 1834 6.
270 1811 345 1820 —
372 1775 603 1836 Divina
630 1781 965 1838 auctoritas
993 1775 1138 1837 libri
1170 1775 1405 1848 Iudith,
1439 1774 1549 1853 qui
1579 1792 1616 1835 a
1643 1774 1890 1835 Iudaeis
1922 1775 1987 1835 et
2006 1770 2506 1834 Protestantibus
2529 1771 2630 1831 in-

138 1877 213 1929 ter
230 1873 557 1958 canonicos
580 1891 709 1934 non
735 1875 1057 1953 recipitur,
1088 1873 1235 1934 inde
1264 1874 1342 1933 ab
1380 1871 1728 1950 apostolico
1761 1875 2047 1948 tempore
2072 1870 2138 1929 in
2174 1869 2450 1930 Ecclesia
2479 1885 2642 1929 sem-

137 1983 228 2042 per
248 1975 339 2029 cst
360 1971 603 2048 agnita;
626 1972 837 2031 omnia
863 1975 1077 2032 autem
1093 2018 1108 2043 ,
1130 1987 1293 2048 quae
1322 1970 1387 2028 in
1406 1968 1657 2030 Iuditha
1678 1968 1755 2028 ab
1779 1965 2153 2028 adversariis
2177 1967 2636 2043 vituperantur,

136 2063 179 2120 si
204 2064 325 2126 iure
352 2066 879 2144 vituperarentur,
908 2084 1035 2128 non
1062 2066 1263 2150 magis
1289 2064 1437 2125 libri
1466 2063 1869 2142 inspirationi
1897 2064 2225 2135 obessent,
2256 2079 2440 2140 quam
2469 2061 2641 2122 simi-

140 2157 232 2231 lia,
262 2147 517 2240 quae'in
538 2163 681 2222 aliis
707 2163 883 2223 libris
913 2164 1108 2223 sacris
1130 2163 1447 2243 leguntur.

192 2290 439 2348 Nonnulli
464 2293 523 2348 in
548 2293 705 2348 Novo
732 2295 883 2348 Test.
926 2291 997 2348 ad
1038 2291 1245 2348 librum
1292 2291 1477 2347 Iudith
1526 2288 1807 2346 interdum
1849 2288 2019 2346 alludi
2064 2298 2294 2346 censent
2319 2293 2477 2357 (Luc.
2512 2295 2638 2356 1,42

134 2375 415 2435 efrludith
434 2384 596 2448 1³,24
618 2379 815 2450 Vultu
840 2385 965 2450 14st
990 2381 1115 2446 (ἔφη
1139 2409 1209 2419 -
1231 2385 1255 2436 1
1284 2381 1409 2436 Cor.
1446 2384 1590 2444 10,9.
1617 2385 1683 2433 ¹0
1707 2377 1808 2432 cfr.
1837 2378 2005 2446 Vulq.
2033 2383 2179 2447 8,24.
2203 2383 2302 2444 253
2325 2407 2396 2418 —
2421 2375 2633 2434 maccla.

140 2470 288 2530 1:242.
313 2473 383 2522 50
403 2465 509 2524 cfr.
542 2468 637 2524 Gr.
669 2475 725 2522 et
756 2467 919 2536 γαίᾳ.
955 2473 1146 2535 16,21;
1174 2495 1245 2507 -
1272 2471 1399 2520 Act.
1427 2469 1560 2531 434
1585 2465 1688 2521 cl'r.
1719 2465 1818 2520 Gr.
1851 2467 1980 2533 9‚12
2011 2473 2068 2522 et
2099 2463 2274 2536 Vuly.
2304 2469 2484 2534 9,17);
2512 2464 2645 2536 qui-

136 2549 233 2620 bus,
260 2563 451 2625 utpote
482 2554 719 2622 incertia,
755 2553 1155 2626 praetermissis
1182 2553 1363 2625 potius
1392 2550 1463 2608 ad
1484 2555 1715 2608 Patrum
1742 2551 2055 2607 testimonia
2092 2552 2452 2616 recurrimuS,
2496 2551 2642 2606 inter

136 2653 251 2706 quos
272 2655 411 2698 saec.
452 2649 502 2698 1.
533 2642 591 2698 S.
625 2641 885 2698 Clemens
912 2645 1074 2699 Rom.
1105 2641 1151 2712 (1
1180 2641 1307 2696 Cor.
1335 2644 1446 2707 55),
1478 2655 1623 2696 saec.
1654 2645 1706 2695 2.
1737 2639 1994 2696 Clemens
2025 2641 2188 2694 Alex.
2227 2641 2451 2708 (Strom.
2483 2640 2558 2693 11.
2586 2645 2637 2692 7.

138 2725 213 2780 lV.
242 2729 313 2797 9),
352 2745 501 2785 saec.
540 2735 595 2784 2.
637 2737 874 2785 exeunte
920 2737 977 2784 ct
1012 2743 1157 2784 saec.
1209 2735 1263 2784 8.
1298 2729 1521 2783 ineunte
1553 2727 1742 2782 Iulius
1779 2725 2001 2799 Afric„
2043 2727 2310 2795 Origenes
2353 2724 2444 2792 (de
2487 2727 2642 2782 Orat.

138 2818 365 2882 1³,2931n
396 2815 576 2872 Iudic.
607 2815 762 2872 hom.
791 2821 880 2882 9,1
916 2815 1070 2886 etc.),
1102 2816 1507 2870 Tertullianus
1537 2817 1604 2880 (c.
1635 2815 1805 2869 Marc.
1841 2817 1886 2869 I.
1909 2819 1972 2882 ⁷3
2001 2813 2071 2870 de
2098 2815 2325 2885 Monog.
2359 2817 2467 2880 1‘0'),
2497 2827 2643 2867 saec.

135 2905 177 2952 ³.
202 2911 423 2959 exeunte
458 2911 516 2958 ct
542 2917 688 2959 saec.
726 2911 781 2958 4.
812 2904 1039 2958 ineunte
1068 2903 1126 2958 S.
1158 2902 1491 2958 Mecleodius
1531 2905 1668 2973 Tyr.
1703 2901 1947 2970 (Conviv.
1979 2902 2076 2957 Or.
2109 2901 2216 2957 XI.
2247 2902 2322 2968 2),
2354 2900 2412 2957 S.
2448 2901 2646 2956 Acha-

136 2992 317 3044 msius
340 2995 419 3046 Μ.
454 2995 527 3058 (c.
568 2992 759 3046 Arian.
788 2992 885 3047 Or.
915 2992 987 3045 II.
1015 2997 1131 3055 35),
1162 2991 1449 3046 Eusebius
1481 2991 1651 3046 Caes.
1689 2988 1965 3055 (Chronic.
1995 2989 2218 3060 Olmp.
2249 2989 2397 3057 63,1)
2417 2996 2546 3044 etc.
2577 2988 2648 3043 li-

136 3073 269 3130 brum
318 3077 507 3134 Iudith
548 3077 699 3132 velut
734 3077 981 3132 divinum
1024 3077 1423 3145 adhibuerunt,
1469 3075 1670 3148 quibus
1713 3075 1985 3131 addamus
2029 3075 2086 3131 S.
2134 3075 2516 3130 Ambrosium
2557 3075 2648 3142 (de

133 3160 269 3218 offic.
306 3168 411 3221 111.
456 3171 565 3232 13),
608 3165 667 3220 S.
708 3168 1101 3233 Auqustinum
1138 3163 1229 3231 (de
1256 3165 1419 3221 Civit.
1458 3164 1562 3219 Dei
1599 3165 1814 3218 XVIII.
1846 3165 1962 3231 26),
1995 3163 2054 3218 S.
2096 3165 2514 3234 Hieronymum
2557 3162 2646 3234 (ad

138 3249 345 3323 Princip.
382 3269 476 3324 ep.
506 3257 679 3318 65,1).
711 3251 947 3308 Gravius
974 3261 1161 3308 autem
1191 3261 1301 3316 est,
1334 3250 1484 3323 quod
1520 3258 1661 3306 teste
1698 3252 1754 3307 S.
1789 3251 2130 3322 Hieronymo
2170 3250 2500 3308 Concilium
2533 3253 2644 3308 Ni-

136 3351 355 3394 caenum
386 3345 431 3396 1.
470 3339 677 3395 librum
705 3339 893 3395 Iudith
926 3360 953 3391 α
984 3339 1040 3394 in
1067 3355 1301 3395 numero
1326 3339 1421 3395 SS.
1461 3339 1873 3409 scripturarum
1909 3336 2111 3409 legitur
2146 3346 2496 3408 computasse
2529 3359 2556 3390 n
2593 3347 2649 3395 et

138 3424 261 3492 quod
290 3426 569 3483 concilia
600 3429 885 3495 Car-may.
912 3435 968 3482 et
990 3429 1259 3500 Hippon„
1292 3425 1372 3482 uti
1400 3425 1498 3482 SS.
1526 3429 1852 3490 Damasus,
1882 3426 2252 3480 Innocentius
2273 3429 2344 3492 1.,
2371 3425 2650 3483 Gelasius

136 3511 345 3570 eundem
366 3516 427 3570 in
454 3529 669 3570 canone
695 3529 797 3570 suo
826 3513 1291 3570 enumeraverim.
1321 3513 1699 3585 Apostolicam
1734 3511 1905 3584 igitur
1929 3510 2286 3567 traditionem
2317 3515 2494 3569 secuti
2521 3523 2650 3570 sunt

136 3597 342 3656 Concilia
372 3602 631 3658 Florent.
654 3608 712 3657 et
738 3601 1019 3670 Trident.‚
1063 3598 1286 3675 quando
1318 3615 1447 3656 eum
1472 3601 1618 3656 inter
1648 3615 1836 3655 sacros
1860 3598 2034 3655 libros
2059 3598 2320 3655 divinitus
2352 3601 2648 3672 inspiratos

140 3686 431 3745 oetiilerunt.
458 3717 535 3732 —-
561 3690 687 3746 Non
714 3691 919 3757 omnia,
950 3705 1093 3762 quae
1121 3688 1307 3744 Iudith
1332 3688 1463 3760 egit,
1495 3687 1719 3759 probari
1747 3701 1934 3758 posse,
1963 3687 2074 3742 iam
2103 3702 2268 3758 supra
2300 3690 2643 3757 monuimus;

138 3769 405 3845 dequibus
440 3777 651 3848 optimc
690 3777 747 3833 S.
794 3777 1050 3833 Thomas
1080 3777 1310 3848 (summ.
1352 3778 1429 3832 11.
1468 3781 1523 3831 2.
1569 3790 1664 3846 qu.
1697 3781 1819 3844 110,
1865 3789 1920 3830 a.
1965 3780 2018 3829 2.
2060 3773 2130 3830 ad
2179 3779 2232 3842 3)
2281 3793 2295 3830 :
2340 3795 2366 3826 c
2410 3775 2648 3845 Quidam

140 3862 570 3920 commendantur
596 3865 653 3918 in
675 3864 948 3935 scriptura
968 3880 1083 3920 non
1106 3873 1333 3936 propter
1357 3861 1660 3934 perfectam
1683 3861 1961 3930 virtutem,
1985 3862 2081 3917 sed
2107 3870 2331 3932 propter
2350 3861 2648 3934 quamdam

142 3947 325 4004 virtutis
350 3951 617 4020 indolem,
647 3951 857 4008 scilicet
892 3952 1018 4024 quia
1057 3950 1357 4022 apparebat
1381 3951 1439 4005 in
1476 3950 1556 4006 eis
1590 3949 1880 4004 laudabilis
1917 3949 2177 4016 affectus,
2209 3964 2275 4004 ex
2313 3965 2424 4021 quo
2453 3965 2643 4006 move-

142 4031 313 4092 bantur
344 4038 415 4094 ad
452 4037 729 4110 quaedam
765 4037 1005 4096 indebita
1044 4037 1293 4096 iacienda
1328 4040 1493 4109 [quae
1529 4045 1715 4093 tamen
1747 4053 1848 4108 pro
1881 4037 2042 4092 licitis
2081 4034 2410 4110 habebant13
2444 4046 2500 4093 et
2540 4038 2648 4094 hoc

140 4123 281 4180 modo
314 4125 499 4183 Iudith
548 4125 824 4194 laudatur,
868 4142 981 4183 non
1018 4127 1147 4199 quia
1191 4127 1421 4182 mentita
1456 4133 1544 4182 est
1585 4125 1896 4192 Holoferni,
1936 4124 2033 4180 sed
2073 4130 2302 4196 propter
2349 4123 2611 4182 affectum
2629 4169 2643 4194 ,

140 4223 281 4276 quem
314 4213 505 4271 habuit
533 4213 605 4270 ad
640 4213 873 4270 salutem
902 4215 1121 4286 populi,
1154 4229 1255 4284 pro
1290 4229 1397 4285 qua
1437 4213 1694 4285 periculis
1726 4227 1846 4268 sese
1884 4212 2136 4284 exposuit
2169 4231 2221 4266 n.
2259 4210 2446 4281 Adde,
2477 4213 2648 4283 ipsius

141 4295 365 4357 Iudithae
394 4301 573 4358 verbis
596 4323 625 4352 ι
654 4318 769 4359 non
792 4302 1049 4358 omnibus
1070 4301 1429 4357 tribuendum
1448 4317 1570 4357 esse
1593 4299 1810 4372 pondus
1833 4308 1890 4356 et
1915 4299 2304 4356 auctoritatem
2327 4301 2646 4372 scripturae

138 4383 313 4443 Sacrae
340 4409 365 4440 n
396 4391 591 4462 (Est.);
616 4390 795 4446 multo
828 4391 1013 4446 minus
1038 4389 1165 4444 talis
1200 4388 1499 4444 auctoritas
1525 4389 1793 4459 competit
1819 4388 2050 4444 aliarum
2079 4401 2442 4458 personarum
2471 4389 2648 4446 verbis

136 4467 195 4524 ab
216 4483 429 4532 auctore
456 4478 671 4534 relatis.
