3050 5184
377 261 493 321 128
593 272 863 319 svs-rem
906 271 1434 317 nanuum-:uncum
1480 288 1560 299 --
1603 272 1728 315 car.
1775 274 1818 317 1.
1863 273 1938 315 ns
1980 271 2342 316 scmPTuRAE
2385 271 2677 316 sessiaos.

378 406 727 463 immediate
767 420 831 460 ex
872 404 1108 475 Spiritus
1146 406 1203 460 S.
1249 404 1558 459 intentione
1599 403 1973 459 manifestant.
2006 406 2127 460 lam
2155 418 2284 459 vero
2313 404 2630 459 attendatur
2666 410 2914 474 oportet,

378 494 558 551 verbis
582 492 977 564 metaphoricis
1006 506 1227 563 quoque
1254 492 1341 547 vel
1368 491 1595 562 tropicis
1622 500 1951 562 conceptum
1984 491 2262 563 loquentis
2299 489 2615 547 immediate
2643 490 2916 562 exprimi3

376 599 503 639 nam
537 601 567 635 α
596 597 765 653 quum
790 580 1070 652 Scriptura
1102 580 1354 635 nominat
1392 579 1500 635 Dei
1531 579 1872 647 brachium,
1903 594 2096 635 sensus
2123 578 2352 635 literalis
2378 595 2491 633 non
2514 587 2621 645 est,
2657 577 2816 651 quod
2861 579 2924 633 in

378 674 495 727 Deo
518 670 590 725 sit
614 669 928 726 membrum
956 666 1275 723 huiusmodi
1302 666 1619 738 corporale,
1652 666 1752 722 sed
1787 665 1872 734 id,
1907 665 2058 739 quod
2085 682 2185 738 per
2210 666 2316 723 hoc
2349 667 2662 724 membrum
2695 666 2923 739 signifi-

376 768 553 827 catur,
584 774 663 813 sc.
696 756 866 813 virtus
903 756 1183 828 operativa
1218 776 1242 807 υ
1276 757 1348 821 (S.
1388 754 1586 809 Tlcom.
1618 756 1829 810 Summ.
1879 756 1922 809 Ι.
1957 772 2050 826 qu.
2101 761 2148 810 1.
2181 770 2230 810 a.
2279 760 2345 809 10
2373 753 2444 810 ad
2479 758 2559 821 3);
2593 754 2698 810 hoc
2731 753 2928 809 solum

376 846 525 903 enim
555 846 763 901 directe
791 853 848 899 et
870 842 1187 899 immediate
1208 842 1474 899 vocabulo
1498 842 1734 899 brachii
1757 842 2111 898 manifestare
2135 858 2242 897 nec
2267 842 2380 897 ullo
2405 842 2573 898 mo'do
2601 843 2658 897 in
2685 843 2928 914 propria

381 934 529 991 vocis
555 932 956 1005 significatione
984 932 1231 987 animum
1253 939 1507 986 nostrum
1531 930 1724 985 sistere
1749 930 1837 985 vel
1861 930 2070 985 morari
2097 929 2289 985 voluit.
2321 932 2512 985 Patres
2541 929 2770 1001 quidem
2793 945 2931 985 me-

377 1021 729 1093 taphoricum
774 1034 997 1075 sensum
1040 1018 1321 1075 interdum
1366 1027 1630 1074 vocarunt
1669 1018 2046 1089 spiritualem,
2091 1017 2222 1089 quia
2249 1032 2442 1073 eorum
2487 1026 2736 1088 tempore
2783 1034 2935 1073 usus

378 1109 722 1180 theologicus
752 1108 977 1164 nomina
1014 1106 1117 1163 ista
1145 1105 1396 1163 nondum
1433 1114 1688 1161 accurate
1717 1106 2064 1174 definiverat,
2096 1104 2196 1161 sed
2223 1104 2390 1161 hodie
2421 1106 2727 1162 multorum
2755 1120 2932 1161 erro-

380 1212 507 1253 rum
532 1210 723 1253 ansam
752 1194 1068 1267 praeberet,
1098 1195 1193 1265 qui
1226 1194 1501 1265 tropicum
1538 1210 1761 1249 sensum
1795 1194 2110 1249 nominibus
2147 1192 2388 1259 altioris,
2421 1192 2751 1264 spiritualis,
2791 1208 2932 1267 my-

380 1284 504 1341 stici
525 1292 630 1340 etc.
658 1283 991 1355 designaret.
1018 1282 1239 1353 Tropici
1266 1290 1453 1338 autem
1474 1282 1559 1337 vel
1579 1280 1946 1352 metaphorici
1965 1296 2154 1337 sensus
2173 1280 2398 1336 nomine
2421 1280 2607 1335 omnia
2633 1281 2729 1335 illa
2759 1295 2936 1335 com·

382 1370 817 1444 prehenduntur,
844 1386 986 1443 quae
1008 1370 1199 1443 liguris
1228 1370 1667 1442 quibuscumque
1689 1370 2102 1441 exprimuntur3
2137 1368 2246 1424 huc
2270 1368 2437 1441 igitur
2458 1366 2766 1423 trahendae
2787 1378 2942 1423 sunt

382 1460 697 1532 alleqort‘a,
727 1474 867 1532 quae
896 1459 1149 1527 babetur,
1178 1456 1399 1530 quando
1424 1457 1748 1529 metaphora
1773 1473 1872 1529 per
1898 1458 2174 1529 integram
2201 1455 2532 1512 sententiam
2561 1456 2667 1521 (cl'r
2695 1457 2934 1511 Matth.

380 1554 538 1618 5,13;
570 1554 707 1604 Luc.
740 1548 853 1619 3,9)
876 1556 972 1603 aut
998 1546 1167 1603 etiam
1195 1562 1292 1617 per
1319 1547 1599 1619 integrum
1620 1544 1822 1600 librum
1843 1542 1949 1613 (cfr
1969 1546 2192 1601 Contio.
2225 1542 2424 1615 Cant.)
2451 1544 2839 1609 continuatur,
2875 1554 2936 1599 et

377 1636 697 1709 parabola,
729 1636 767 1692 i.
807 1651 857 1691 e.
888 1636 1135 1691 narratio
1163 1634 1247 1690 rei
1286 1634 1588 1699 confictae,
1619 1649 1760 1705 quae
1782 1642 2066 1704 tamquam
2095 1646 2222 1688 vere
2252 1632 2392 1687 sacta
2419 1646 2486 1687 eo
2525 1631 2760 1687 consilio
2787 1647 2935 1702 pro·

380 1724 621 1796 ponitur,
660 1732 723 1779 ut
766 1723 970 1779 veritas
1008 1723 1192 1794 aliqua
1229 1721 1468 1777 vividius
1506 1728 1952 1793 repraesentetur
1981 1728 2037 1777 et
2063 1719 2340 1776 efficacius
2375 1717 2806 1775 commendetur
2839 1722 2932 1775 vel

386 1811 761 1884 prohibeatur.

458 2016 517 2075 2.
546 2050 624 2058 —
649 2015 920 2093 Singulis
950 2014 1417 2092 Scripturarum
1444 2014 1979 2075 enuntiationibus
2008 2029 2264 2073 sensum
2291 2010 2603 2073 literalem
2629 2012 2926 2083 subesse,

381 2112 482 2172 vix
518 2128 680 2190 opus
715 2120 811 2171 est
849 2111 1313 2182 demonstrare,
1358 2127 1554 2187 quum
1590 2127 1704 2188 per
1738 2128 1804 2170 se
1844 2109 2100 2169 evidens
2135 2126 2271 2170 esse
2307 2108 2622 2179 videatur;
2655 2124 2933 2168 erronea

380 2213 596 2269 autem
622 2226 736 2269 sua
759 2211 1051 2271 textuum
1074 2207 1531 2267 nonnullorum
1559 2206 2082 2284 interpretatione
2109 2205 2402 2267 seductus
2431 2205 2586 2265 olim
2609 2204 2932 2282 Origenes

382 2305 444 2365 id
471 2305 742 2382 negavit.

449 2435 711 2505 Spiritum
745 2436 820 2499 S.,
855 2434 903 2489 si
927 2449 1025 2505 per
1062 2433 1313 2489 homines
1342 2448 1600 2489 sermone
1629 2433 1873 2488 humano
1902 2433 1969 2488 ad
2001 2432 2255 2488 homines
2281 2432 2550 2504 loquitur,
2581 2430 2769 2487 verbis
2801 2431 2924 2487 hu-

381 2523 559 2578 manis
592 2523 836 2578 nativam
874 2537 1067 2578 eorum
1104 2520 1566 2594 significationem
1607 2521 1950 2593 relinquere,
1995 2537 2060 2577 ex
2103 2522 2222 2591 ipsa
2261 2520 2347 2576 rei
2387 2529 2588 2576 natura
2628 2518 2923 2590 sequitur;

382 2626 551 2683 quare
580 2610 775 2665 eodem
812 2608 1010 2677 modo,
1041 2625 1151 2681 quo
1188 2609 1472 2680 scriptoris
1501 2608 1748 2679 profani,
1781 2608 1954 2663 etiam·
1977 2608 2622 2679 sacrorum·scriptorum
2655 2608 2926 2663 enuntia-

382 2699 621 2755 tionibus
649 2696 905 2754 omnibus
932 2713 1124 2755 sensus
1152 2697 1384 2753 literalis
1420 2697 1599 2752 subsit
1633 2712 1855 2752 necesse
1885 2706 1987 2751 est.
2026 2699 2109 2751 De
2136 2697 2419 2768 Scriptura
2454 2694 2702 2766 profecto
2729 2704 2924 2750 actum

380 2796 542 2854 esset,
564 2802 667 2843 nec
692 2801 957 2857 umquam
986 2798 1052 2841 ex
1078 2785 1173 2841 illa
1196 2793 1586 2857 argumentum
1605 2794 1820 2839 certum
1839 2783 2040 2839 deduci
2059 2792 2261 2855 posset,
2289 2783 2336 2839 si
2361 2774 2653 2839 hominum
2683 2781 2923 2837 arbitrio

380 2874 634 2931 relictum
660 2883 803 2930 esset
831 2873 1116 2941 iudicium,
1142 2883 1333 2929 utrum
1361 2872 1477 2928 eius
1510 2872 1676 2927 verba
1712 2871 1915 2927 literali
1941 2886 2105 2927 sensu
2138 2871 2372 2944 intelligi
2395 2870 2684 2939 deberent,
2703 2886 2922 2934 necne;

378 2964 531 3019 omni
556 2964 705 3019 enim
728 2961 916 3031 textui,
945 2963 1037 3033 qui
1061 2960 1392 3033 displiceret,
1421 2976 1616 3015 sensus
1644 2959 1889 3028 literalis,
1917 2968 2110 3030 utpote
2139 2958 2408 3015 absurdus
2431 2960 2516 3014 vel
2541 2958 2920 3029 impossibilis,

379 3052 569 3123 negari
595 3058 797 3121 posset.
828 3052 1000 3105 Porro
1042 3065 1109 3103 ex
1154 3049 1438 3104 communi
1483 3048 1751 3121 sententia
1787 3050 2015 3103 Patrum
2051 3067 2074 3097 α
2104 3062 2296 3103 sensus
2342 3047 2640 3119 spiritualis
2685 3062 2924 3116 semper

382 3136 645 3193 fundatur
670 3151 835 3207 super
862 3137 1129 3193 literalem
1158 3145 1212 3191 et
1240 3133 1488 3206 procedit
1515 3153 1580 3191 ex
1611 3152 1676 3191 eo
1705 3156 1729 3187 n
1765 3138 1839 3202 (S.
1879 3134 2073 3190 Thom.
2104 3132 2307 3205 Quodl.
2335 3136 2460 3191 vll.
2493 3150 2588 3206 qu.
2619 3140 2674 3189 6.
2706 3150 2761 3190 a.
2798 3136 2918 3201 14):

382 3224 528 3279 unde
558 3234 741 3279 textus
766 3223 846 3279 illi
871 3224 1277 3294 scripturistici,
1310 3224 1404 3294 qui
1432 3238 1596 3279 sensu
1625 3223 1829 3280 literali
1855 3238 1920 3277 ex
1950 3222 2244 3295 hypothesi
2270 3230 2540 3289 carerent,
2570 3222 2722 3277 omni
2751 3236 2921 3276 sensu

381 3311 627 3367 destituti
652 3320 861 3379 essent3
886 3311 945 3367 id
968 3327 1095 3367 vero
1124 3326 1368 3367 asserere
1391 3310 1690 3367 absurdum
1720 3320 1776 3365 et
1802 3310 2032 3382 impium
2063 3320 2164 3367 est.
2193 3313 2387 3367 Patres
2410 3319 2615 3375 autem,
2648 3310 2742 3381 qui
2771 3324 2920 3364 non-

381 3400 547 3455 nullis
570 3398 807 3455 textibus
831 3414 1051 3454 sensum
1074 3398 1347 3455 literalem
1372 3415 1574 3472 negare
1601 3398 1872 3465 videntur,
1902 3399 2153 3470 plerique
2180 3399 2358 3454 solum
2377 3400 2702 3470 proprium
2731 3398 2920 3453 exclu-

382 3487 548 3555 dunt,
582 3488 730 3543 solus
758 3487 1071 3560 Oriyenes,
1102 3488 1198 3559 qui
1224 3488 1439 3554 legibus
1468 3502 1689 3559 quoque
1715 3486 1997 3543 nonnullis
2023 3485 2304 3555 mosaicis,
2335 3486 2382 3542 si
2407 3485 2606 3542 literali
2632 3500 2801 3541 sensu
2827 3484 2922 3540 in-

382 3575 717 3647 telligantur,
748 3574 985 3631 absurda
1031 3576 1119 3631 vel
1162 3574 1517 3646 impossibilia
1563 3574 1805 3646 praecipi
1848 3573 2138 3644 censebat,
2181 3588 2374 3630 revera
2419 3589 2648 3630 omnem
2687 3588 2920 3629 sensum

383 3662 655 3719 literalem
696 3662 802 3717 illis
848 3662 1106 3736 abrogat3
1138 3661 1388 3719 absurdis
1433 3671 1622 3718 autem
1666 3662 1880 3734 legibus
1926 3678 2011 3717 ex.
2060 3678 2138 3734 gr.
2192 3662 2548 3731 adnumerat,
2594 3659 2744 3733 quod
2791 3676 2924 3717 esus

386 3750 665 3805 vulturum
704 3750 1083 3822 prohibeatur,
1122 3766 1291 3822 quum
1331 3766 1497 3806 nemo
1533 3752 1636 3807 isto
1673 3750 1900 3805 animali
1931 3752 2076 3805 vesci
2117 3749 2376 3819 voluerit,
2423 3750 2572 3821 quod
2605 3749 2763 3821 pueri
2801 3766 2922 3805 non

382 3838 689 3894 circumcisi
732 3854 797 3894 ex
845 3839 1050 3910 populo
1097 3839 1270 3895 Israel
1315 3838 1670 3894 exterminari
1720 3837 2031 3907 iubeantur,
2085 3852 2256 3909 quum
2307 3847 2561 3909 parentes
2611 3836 2796 3908 potius
2823 3854 2924 3909 pu·

383 3928 489 3982 uiri
523 3926 762 3982 debeant
800 3934 936 3997 etc.;
976 3926 1405 3998 impossibilibus
1442 3926 1664 3995 legibus
1702 3925 2060 3994 adnumerat,
2107 3923 2255 3997 quod
2291 3925 2674 3997 tragelaphuS,
2713 3924 2810 3996 qui
2863 3927 2922 3981 in

382 4030 571 4070 rerum
600 4023 797 4070 natura
830 4031 941 4071 non
978 4014 1306 4079 inveniatur,
1332 4015 1476 4069 inter
1502 4013 1710 4069 munda
1740 4014 1994 4070 animalia
2025 4022 2280 4085 ponatur,
2309 4012 2459 4085 quod
2489 4011 2679 4069 ludaei
2713 4012 2924 4069 sabba-

382 4102 494 4158 this
520 4119 553 4158 e
579 4102 703 4159 loco
743 4118 842 4157 suo
870 4102 1021 4160 exire
1050 4111 1305 4159 vetentur
1332 4110 1439 4157 etc.
1472 4100 1566 4173 (de
1591 4102 1775 4157 Princ.
1809 4103 1905 4156 IV.
1935 4108 1995 4157 11
2031 4105 2198 4172 sqq.).
2229 4104 2490 4156 Attamen
2522 4115 2624 4156 nec
2648 4098 2926 4157 absurdae

382 4206 485 4246 uec
509 4190 874 4262 impossibiles
902 4197 1032 4247 sunt
1052 4190 1231 4263 legeS,
1259 4188 1563 4245 dummodo
1591 4197 1741 4245 recte
1769 4190 2128 4260 explicentur.

464 4394 525 4453 3.
561 4396 896 4457 —Unicus
935 4398 1145 4455 autem
1190 4392 1451 4469 singulis
1494 4393 1560 4451 in
1604 4392 1766 4453 locis
1811 4393 2165 4472 Scripturae
2209 4396 2305 4453 est
2357 4410 2575 4453 sensus
2620 4392 2922 4463 literalis:

386 4492 693 4551 sententia
740 4492 941 4567 enim,
996 4507 1157 4568 quae
1198 4506 1371 4561 eum,
1407 4489 1632 4549 saltem
1653 4490 1968 4550 nonnullis
2005 4491 2071 4549 in
2114 4490 2296 4564 locis,
2327 4488 2742 4567 multiplicem
2787 4508 2924 4552 esse

384 4586 602 4661 docet,
630 4587 1065 4665 probabilibus
1090 4586 1476 4663 argumentis
1499 4603 1628 4646 non
1653 4586 2142 4647 demonstratur.
