3050 5184
425 306 538 365 182
645 320 720 363 ΒΕ
761 320 900 363 VET.
946 320 1200 365 TESTAM.
1245 318 1431 365 unlus
1473 320 1830 365 msromcls.
1876 338 1957 347 —
1998 320 2125 365 CAP-
2174 321 2219 363 1.
2264 320 2340 365 DE
2380 320 2829 365 PENTATEUGHO.

423 460 646 523 propter
670 451 800 509 libri
826 450 957 521 ipsi,
989 451 1094 505 etsi
1121 451 1324 506 multas
1349 451 1498 522 leges
1526 450 1751 506 tradant
1765 494 1779 519 ,
1811 451 2087 507 historicis
2115 459 2267 507 recte
2298 450 2761 515 adnumerantur;
2789 452 2945 507 solus

420 537 612 595 tertius
635 540 696 594 in
720 538 936 611 legIbus
958 538 1247 593 dumtaxat
1273 536 1559 593 tradendis
1582 547 1849 593 versatur.

495 688 819 749 Secundus
839 687 1205 747 inscribitur
1228 688 1504 759 Emodus,
1533 710 1563 741 «
1587 688 1735 766 quia
1754 706 2076 767 egressum
2102 687 2211 768 (τὸν
2234 686 2432 767 ἔξοδον)
2460 689 2735 749 filiorum
2752 690 2943 749 Israel
3023 696 3024 705 ’

423 802 498 845 ex
527 788 807 863 Aegypto
837 784 1113 844 continet
1143 807 1173 839 »
1205 782 1331 863 (Pa.
1367 785 1593 844 Athon.
1628 782 1955 863 Synops.),
1990 785 2099 845 sed
2143 785 2327 845 latius
2366 790 2541 863 patet
2579 786 2715 846 eius
2754 803 2943 864 argu·

422 887 736 952 mentum,
770 898 959 958 quarn
995 896 1225 940 nomen
1263 880 1529 954 indicat;
1562 897 1707 941 nam
1745 880 2019 941 filiorum
2061 881 2252 942 Israel
2290 882 2622 942 historiam
2666 898 2703 941 a
2738 886 2944 941 morte

413 977 636 1054 Ioseph
677 994 880 1053 usque
918 975 997 1035 ad
1035 976 1386 1036 secundum
1424 976 1857 1053 emigrationis
1901 994 2136 1037 annum
2182 978 2399 1051 tradit,
2434 977 2585 1037 licet
2621 982 2883 1055 tempus
2910 995 2945 1036 a

415 1072 637 1149 loseph
663 1076 866 1133 morte
899 1089 1093 1149 usque
1115 1071 1192 1131 ad
1217 1072 1440 1149 Moysis
1459 1073 1849 1133 nativitatem
1869 1074 2263 1150 paucissimis
2281 1074 2587 1133 absolvat.
2611 1073 2946 1133 Summum

412 1172 852 1245 argumentum
881 1168 1086 1228 brevis
1116 1171 1486 1245 conspectus
1516 1168 1846 1228 divisionis
1874 1168 2132 1229 indicat.

481 1282 812 1337 Exonmmu
841 1284 1029 1350 (1,1·7)
1057 1280 1393 1337 enumeratis
1419 1280 1715 1336 duodecim
1752 1280 1879 1336 filiis
1906 1279 2071 1336 Iacob
2100 1289 2266 1353 atque
2298 1289 2479 1337 morte
2504 1280 2707 1352 Ioseph
2739 1282 2945 1336 iterum
3023 1286 3024 1289 ’

408 1376 839 1423 commemorata
871 1375 1195 1439 sequentem
1221 1368 1599 1423 narrationem
1626 1384 1755 1423 cum
1783 1367 2145 1439 praecedente
2174 1366 2459 1440 coniungit
2488 1377 2653 1448 atque
2690 1378 2951 1439 posteros
3023 1356 3024 1377 ³

414 1454 573 1511 iacob
599 1455 662 1510 in
689 1459 942 1527 Aegypto
968 1456 1024 1509 in
1045 1470 1309 1527 magnum
1335 1455 1603 1526 populum
1631 1455 1935 1511 excrevisse
1961 1454 2141 1511 docet.

480 1552 634 1607 PARS
661 1566 858 1608 ana
888 1556 1209 1620 (1,8-13,16)
1238 1551 1312 1606 de
1334 1552 1502 1605 exitu
1519 1550 1733 1623 populi
1759 1568 1833 1607 ex
1859 1551 2143 1623 Aeqypw.

483 1644 529 1693 ι.
561 1637 782 1695 Iudaeis
810 1655 842 1693 a
873 1653 1018 1694 novo
1055 1637 1346 1693 Pharaone
1381 1638 1659 1709 oppressis
1693 1640 1846 1693 Deus
1881 1638 1939 1693 in
1974 1640 2167 1711 Moyse
2201 1638 2557 1695 liberatorem
2594 1639 2943 1709 praeparavit

617 1730 934 1794 (1‚s-2‚25).

477 1818 531 1866 ².
562 1813 667 1881 Qui
701 1815 758 1867 in
786 1812 1005 1867 deserto
1039 1820 1266 1868 vocatus
1303 1821 1358 1867 et
1384 1812 1455 1867 ad
1485 1813 1805 1868 missionem
1832 1815 2134 1869 instructus
2164 1812 2397 1869 fratrem
2424 1815 2703 1869 Aaronem
2730 1815 2943 1868 socium

615 1900 890 1955 missionis
917 1900 1128 1955 obtinet
1153 1900 1458 1969 (3,1-4,31).

477 1994 528 2042 3.
559 1986 743 2043 Ambo
773 2002 804 2043 a
832 1987 1119 2043 Pharaone
1143 1987 1526 2043 liberationem
1554 1988 1741 2059 populi
1770 1984 1971 2043 frustra
2001 1996 2285 2059 expetunt,
2311 2003 2415 2043 nee
2440 2001 2641 2043 novem
2662 1987 2945 2058 prioribus

615 2075 792 2147 plagis
819 2076 970 2129 Deus
997 2090 1094 2129 cor
1122 2075 1240 2129 eius
1268 2073 1519 2147 frangere
1549 2083 1727 2146 potest
1750 2076 2113 2147 (5,t—10,29);
2510 2142 2517 2150 ⁵
3023 2068 3024 2071 ’

474 2169 529 2217 4.
556 2160 772 2217 decima
812 2170 997 2218 autem
1035 2163 1226 2233 plaga,
1267 2170 1447 2217 morte
1488 2163 2016 2233 primogenitorum,
2063 2170 2375 2217 commotus
2414 2160 2629 2217 Pharao
2670 2162 2944 2233 populum

618 2249 846 2304 dimittit
874 2253 1269 2317 (11‚1-12,36),
1295 2250 1391 2320 qui
1422 2248 1481 2303 in
1513 2248 1855 2305 liberationis
1882 2250 2209 2305 memoriam
2236 2248 2530 2319 quotannis
2558 2249 2763 2320 pascha
2791 2252 2943 2305 cele-

614 2336 776 2393 brare
803 2336 1026 2391 iubetur
1053 2340 1465 2406 (12,37-13,16).
1968 2400 1977 2409 ‚

475 2436 630 2489 Palis
658 2448 896 2490 ALTERA
931 2437 1331 2501 (13‚17-18‚27)
1369 2432 1444 2487 de
1476 2434 1687 2489 itinere
1709 2434 2135 2489 Israelitarum
2162 2432 2251 2488 ad
2290 2439 2544 2489 montem
2582 2434 2791 2495 Sinai,
2820 2450 2943 2488 ma-

403 2536 512 2593 gua
541 2520 806 2577 miracula
833 2528 1052 2587 narrat,
1085 2520 1285 2591 quibus
1313 2521 1464 2575 Deus
1492 2521 1761 2592 populum
1788 2519 1859 2576 ad
1884 2519 2255 2590 recipiendam
2280 2523 2488 2593 Legem
2514 2522 2889 2591 praeparavit.

479 2614 528 2663 1.
558 2609 828 2663 Columna
853 2607 1086 2663 nubium
1123 2616 1178 2662 et
1215 2607 1358 2679 ignis
1393 2606 1545 2663 ducti
1582 2616 1638 2663 et
1674 2608 1901 2679 protecti
1930 2624 2085 2664 mare
2120 2607 2353 2664 rubrum
2388 2616 2709 2677 transeunt,
2736 2608 2801 2663 in
2830 2624 2940 2680 quo
3023 2630 3024 2633 ¹

611 2695 870 2769 Aegyptii
894 2703 1286 2766 persequentes
1305 2693 1707 2767 demerguntur
1733 2699 2155 2763 (13‚17-15‚21).

473 2790 524 2837 2.
553 2786 715 2854 Aqua
747 2797 938 2838 amara
975 2783 1034 2837 in
1067 2782 1288 2837 dulcem
1313 2782 1392 2839 eis
1419 2783 1777 2851 convertitur,
1814 2784 2125 2839 coturnices
2161 2783 2239 2837 eis
2274 2782 2593 2847 mittuntur,
2622 2798 2833 2839 manna
2870 2783 2938 2839 de

611 2870 768 2925 coelo
791 2878 847 2925 et
873 2885 1014 2941 aqua
1041 2885 1108 2924 ex
1131 2884 1268 2941 rupe
1297 2870 1374 2923 eis
1401 2867 1625 2939 dantur,
1650 2870 1991 2926 Amalecitae
2016 2877 2209 2926 orante
2237 2872 2426 2943 Moyse
2448 2868 2517 2925 ab
2538 2871 2616 2925 eis
2639 2870 2940 2926 vincuntur

613 2960 1028 3027 (15‚22-17,16).

470 3052 522 3100 3.
556 3043 833 3099 iudicibus
861 3044 1172 3099 constitutis
1203 3042 1380 3100 forma
1411 3042 1581 3099 futuri
1608 3044 1890 3115 regiminis
1920 3044 2195 3100 indicatur
2222 3049 2504 3112 (18,1·27).

467 3144 622 3196 Pans
647 3154 872 3196 ‘ranna
899 3145 1263 3206 (19,1-40,38)
1293 3140 1368 3195 de
1388 3138 1624 3213 foedere
1650 3141 1716 3194 in
1742 3145 1939 3195 monte
1966 3140 2143 3196 Sinai
2170 3142 2323 3195 inito
2354 3148 2410 3197 et
2440 3145 2741 3196 renovato.

469 3237 522 3283 1.
551 3227 764 3298 Populo
791 3242 824 3281 a
851 3229 973 3282 Deo
997 3228 1116 3297 ipso
1141 3227 1520 3298 promulgatur
1548 3225 1865 3299 decalogus,
1892 3226 1991 3283 sed
2016 3236 2229 3282 terrore
2254 3228 2490 3298 perculsi
2518 3228 2617 3284 filii
2640 3229 2817 3284 Israel
2842 3246 2934 3283 ro-

609 3323 762 3387 gant,
789 3322 855 3368 ut
880 3311 1135 3385 deinceps
1163 3331 1261 3385 per
1288 3317 1516 3385 Moysen
1545 3316 1695 3370 Deus
1724 3315 1871 3386 leges
1899 3328 2027 3369 suas
2050 3316 2361 3387 promulget
2390 3319 2769 3384 (19,1-20,21).

465 3407 520 3457 2.
559 3403 755 3473 Itaque
791 3403 1008 3472 Moyses
1044 3402 1310 3457 nonnulla
1342 3410 1635 3472 praecepta
1675 3417 1781 3457 una
1819 3416 1945 3456 curn
1983 3402 2275 3457 continuae
2310 3401 2669 3473 protectionis
2712 3401 2933 3457 divinae

608 3489 969 3559 promissione
999 3489 1314 3561 promulgat
1339 3498 1508 3559 atque
1541 3488 1812 3544 sacrificio
1840 3488 2027 3544 oblato
2062 3488 2257 3545 foedus
2296 3490 2480 3561 populi
2509 3506 2637 3544 cum
2669 3490 2792 3545 Deo
2824 3490 2933 3544 ini-

605 3584 726 3631 tum
753 3576 1044 3633 confirmat
1073 3581 1449 3645 (20,22-24,8).

469 3668 518 3718 3.
549 3664 712 3719 Solus
733 3662 934 3719 deinde
961 3665 1018 3719 in
1041 3673 1230 3719 monte
1257 3662 1623 3735 quadraginta
1651 3660 1845 3719 diebus
1872 3679 1999 3718 cum
2026 3666 2145 3719 Deo
2170 3672 2529 3719 conversatur
2554 3662 2626 3719 ab
2653 3677 2835 3735 eoque
2862 3663 2935 3719 de

603 3750 960 3807 tabernaculo
1003 3750 1238 3807 foederis
1283 3748 1619 3805 exstruendo
1661 3750 1895 3822 aliisque
1941 3750 2107 3807 rebus
2152 3750 2224 3807 ad
2270 3750 2479 3806 cultum
2524 3750 2936 3822 pertinentibus

605 3836 870 3893 edocetur
898 3843 1284 3905 (24,9-31‚18).

461 3932 514 3980 4.
546 3927 760 3981 Interea
783 3926 885 3982 filii
911 3926 1082 3982 Israel
1106 3925 1205 3981 sibi
1231 3924 1476 3981 fecerant
1497 3924 1733 3981 vitulum
1757 3940 2005 3991 aureum,
2035 3940 2203 3997 quem
2226 3924 2549 3993 adorarent3
2580 3924 2729 3997 quod
2756 3942 2931 3997 quum

603 4028 856 4069 reversus
877 4013 1119 4081 vidisset,
1147 4016 1364 4084 Moyses
1393 4012 1550 4083 Legis
1574 4011 1793 4067 tabulas
1816 4028 1848 4067 a
1871 4015 1991 4068 Deo
2017 4021 2268 4083 acceptas
2291 4013 2579 4085 confregit,
2604 4011 2931 4069 idololatras

600 4100 775 4156 occidi
802 4102 988 4164 iussit,
1019 4099 1403 4170 superstitibus
1431 4108 1619 4155 autem
1652 4100 1867 4154 veniam
1898 4114 1929 4153 a
1960 4102 2077 4155 Deo
2105 4100 2451 4171 impetravit,
2484 4099 2815 4173 foedereque
2838 4118 2927 4156 re-

599 4198 803 4243 novato
826 4203 998 4243 novas
1025 4188 1186 4258 Legis
1211 4186 1432 4243 tabulas
1461 4188 1670 4256 accepit
1698 4192 2079 4253 (32,1-34,35).

459 4282 514 4331 5.
549 4276 861 4330 Exstruitur
889 4272 1088 4331 deinde
1115 4273 1538 4329 tabernaculum
1566 4288 1693 4328 cum
1723 4275 1865 4328 vasis
1892 4274 2037 4340 eiuS,
2065 4284 2230 4346 atque
2266 4276 2537 4331 Dominus
2575 4275 2714 4331 illud
2750 4276 2923 4348 gloria

599 4378 699 4415 sua
728 4362 962 4432 implens
989 4360 1255 4428 ostendit,
1289 4376 1348 4416 se
1375 4359 1642 4432 populum
1670 4360 1820 4415 hunc
1847 4360 1951 4416 sibi
1980 4364 2265 4433 proprium
2303 4361 2495 4418 fecisse
2534 4367 2920 4430 (asa-4038„

469 4514 527 4569 4.
559 4543 640 4552 —
665 4510 910 4569 Tertius
946 4511 1106 4570 liber
1140 4528 1176 4568 a
1213 4509 1490 4568 rabbinis
1527 4508 1699 4568 haud
1728 4526 1869 4569 raro
1904 4533 1933 4564 «
1968 4508 2066 4569 lex
2090 4512 2469 4572 sacerdotum
2501 4534 2530 4567 υ
2564 4510 2921 4591 (martan‘n)

394 4605 488 4663 vel
522 4628 550 4657 «
585 4604 684 4663 lex
709 4604 1136 4683 sacrificiorum
1159 4628 1188 4659 »
1213 4604 1631 4695 (ΠἹΣΞἾΡΠἏἾ),
1664 4606 1741 4664 ab
1772 4605 2204 4667 Alexandrinis
2236 4607 2641 4685 Δευῖτικὸν(εο.
2670 4606 2915 4687 βιὸλίον),
