3050 5184
580 303 655 346 οε
700 301 1153 358 swopriconmt
1194 299 1817 344 courmmcnomnus
1857 299 2325 344 wesmannus,
2602 281 2720 339 495

188 433 487 502 contraria,
520 451 635 489 non
668 443 799 490 sunt
827 449 954 490 vere
984 433 1270 510 *contraria
1318 451 1365 486 ι.
1398 429 1561 500 Quod
1605 439 1958 504 praeceptum
1994 431 2169 486 secuti
2209 433 2400 486 Patres
2429 427 2542 484 iam
2573 425 2748 483 saec.'

186 527 237 575 2.
268 541 295 570 ε
323 519 579 577 omnium
602 522 1031 594 Evangeliorum
1055 519 1204 576 dicta
1232 519 1291 574 in
1318 533 1493 574 unum
1518 533 1658 590 opus
1682 505 2033 590 compingere
2060 536 2083 568 »
2119 525 2424 588 coeperunt
2446 517 2526 582 (S.
2557 516 2718 571 Hier.

188 607 257 662 ad
283 608 475 680 Algas.
506 623 597 680 ep.
652 615 854 679 121,6),
884 619 1051 681 atque
1094 606 1451 663 difficultates
1488 604 1558 661 ab
1589 605 1888 662 incredulis
1923 605 2330 677 haereticisque
2357 604 2602 660 obiectas
2633 617 2722 658 se-

188 695 317 752 dulo
345 695 684 752 enodarunt.
722 697 1047 768 interpretis
1076 705 1179 764 est,
1221 694 1445 766 plenam
1472 702 1531 749 et
1555 692 1858 764 perfectam
1881 693 2322 766 evangelicarum
2345 693 2722 747 narrationum

188 783 542 840 concordiam
570 783 893 854 ostendere3
914 799 1017 840 nos
1046 783 1154 840 hoc
1180 784 1307 839 loco
1335 781 1477 838 duos
1514 789 1734 836 tantum
1773 797 2013 837 canones
2052 796 2448 853 proponemus,
2477 780 2575 851 qui
2602 779 2723 849 ple·

186 871 369 942 risque
392 873 809 945 synopticorum
837 872 907 928 de
934 873 1043 928 vita
1072 869 1293 943 publica
1331 869 1778 941 enantiophaniis
1806 869 2146 940 explicandis
2181 867 2491 935 sufficiunt,
2522 865 2724 922 deinde

186 959 511 1031 praecipuas
550 959 907 1016 difficultates
943 957 1365 1030 explicabimus,
1398 973 1542 1030 quae
1570 956 1640 1012 de
1679 955 1888 1028 duplici
1926 956 2153 1012 Domini
2193 955 2512 1030 genealogia
2559 963 2616 1010 et
2655 952 2726 1009 de

184 1045 393 1118 duplici
408 1047 673 1104 infantiae
692 1047 1001 1104 dominicae
1020 1047 1338 1103 narratione
1348 1054 1664 1114 moventur,
1682 1045 1752 1100 de
1769 1046 2021 1116 passione
2043 1053 2098 1100 et
2116 1045 2519 1101 resurrectione
2538 1051 2726 1098 autem

184 1134 323 1190 infra
338 1149 591 1208 agemus,
605 1136 703 1192 ubi
718 1135 788 1193 de
806 1135 1225 1208 synoptieorum
1244 1143 1299 1190 et
1318 1133 1546 1190 loannis
1565 1131 1862 1189 concordia
1883 1133 1986 1189 erit
2005 1132 2282 1205 agendum
2301 1132 2349 1206 (ἓ
2372 1139 2486 1196 8,4.
2502 1147 2556 1203 p.
2573 1134 2722 1195 511).

259 1289 319 1344 2.
350 1320 432 1328 —
458 1286 843 1364 Praeprimis
873 1286 1065 1364 igitur
1092 1288 1307 1345 caveat
1335 1282 1672 1372 interpres,
1697 1301 1776 1343 ne
1808 1283 1929 1342 sibi
1950 1283 2124 1344 velut
2150 1288 2360 1344 textus
2390 1280 2726 1360 parallelos

183 1382 436 1442 obtrudi
487 1383 652 1442 sinat
695 1382 869 1455 illos,
903 1382 1016 1461 qui
1061 1382 1137 1441 de
1177 1381 1493 1441 similibus
1533 1379 1830 1457 quidem,
1865 1380 1977 1439 sed
2006 1398 2134 1440 non
2173 1379 2249 1439 de
2281 1379 2508 1439 iisdem
2538 1378 2725 1438 rebus

181 1483 402 1555 agunt.
2137 1499 2140 1502 ·

248 1592 416 1661 Quod
439 1601 793 1664 praeceptum
814 1596 871 1650 S.
909 1593 1362 1662 chrysostomus
1387 1591 1606 1663 saepius
1637 1591 1747 1646 iam
1769 1589 2066 1646 inculcavit
2088 1592 2274 1656 (Hom.
2297 1589 2356 1644 in
2376 1589 2550 1660 paral.
2583 1595 2634 1644 3.
2656 1594 2720 1658 43

178 1680 231 1734 in
260 1679 463 1735 Matth.
495 1679 648 1735 hom.
679 1687 773 1748 4,5
804 1684 955 1748 etc.).
986 1679 1211 1736 Domini
1240 1680 1354 1736 vita
1382 1679 1602 1750 publica
1631 1678 1748 1746 illa,
1770 1694 1940 1750 quam
1959 1677 2241 1751 Synoptici
2260 1685 2509 1742 narrant,
2535 1676 2727 1732 similis

177 1783 401 1837 semper
426 1775 484 1822 et
509 1768 623 1824 fere
650 1766 847 1823 eadem
874 1777 993 1824 erat
1020 1783 1335 1840 magnaque
1357 1766 1625 1822 varietate
1654 1765 1906 1836 carebat;
1928 1765 2236 1823 Galilaeam
2267 1779 2568 1836 peragrans
2587 1765 2724 1820 eius·

178 1855 308 1910 dem
338 1853 457 1910 fere
484 1854 689 1926 ubique
718 1855 1050 1912 conditionis
1078 1854 1362 1920 auditores
1406 1852 1763 1926 eiusdemque
1809 1855 2028 1926 generis
2069 1853 2418 1909 adversarios
2455 1849 2722 1922 habebat,

175 1941 406 1998 eosdem
434 1941 661 1998 morbos
688 1943 805 1998 sive
832 1942 1149 2015 corporales
1171 1944 1286 1998 sive
1315 1941 1628 2014 spirituales
1648 1940 1856 2012 ubique
1873 1940 2213 2010 inveniebat3
2240 1946 2582 2012 quapropter
2603 1955 2726 1994 eos-

176 2029 305 2085 dem
334 2029 455 2086 fere
482 2038 582 2084 aut
603 2023 809 2086 similes
836 2047 1123 2086 sermones
1143 2031 1364 2102 saepius
1390 2029 1697 2101 repetebat,
1721 2028 1944 2084 easdem
1974 2027 2311 2084 obiectiones
2330 2026 2528 2083 eodem
2556 2025 2727 2083 modo

176 2117 482 2186 refutabat,
512 2118 781 2174 similibus
810 2119 1093 2174 miraculis
1118 2118 1329 2174 similes
1366 2116 1594 2174 morbos
1625 2115 1876 2172 curabat.
1919 2117 2224 2172 Dominum
2258 2115 2342 2172 bis
2381 2124 2607 2171 ventum
2634 2131 2724 2172 se-

177 2204 341 2262 dasse
386 2205 627 2272 (Matck.
668 2212 825 2275 8,26;
862 2211 1054 2276 14,32;
1088 2208 1273 2263 Marc.
1315 2211 1475 2275 4‚39;
1520 2205 1690 2274 6,51)‚
1725 2203 1810 2261 bis
1848 2220 2019 2276 panes
2055 2204 2451 2286 multiplicasse
2489 2203 2724 2270 (Mami.

182 2299 340 2360 14‚14
372 2309 530 2365 sqq.;
566 2299 727 2362 15,29
754 2309 911 2366 sqq.3
940 2297 1123 2350 Marc.
1148 2301 1276 2363 ⁶232
1300 2308 1447 2365 sqq.;
1476 2300 1565 2362 8,1
1595 2298 1764 2364 sqq.)‚
1799 2294 2017 2363 saepius
2037 2308 2069 2347 a
2097 2292 2407 2348 pharisaeis
2427 2291 2727 2348 calumnia-

176 2390 295 2437 tum
324 2395 466 2448 esse,
500 2380 650 2452 quod
680 2383 737 2436 in
756 2381 1069 2438 Beelzebub
1098 2381 1393 2438 daemonia
1426 2382 1651 2438 eiiceret
1685 2381 1920 2448 (Matclc.
1963 2387 2121 2450 9‚34;
2157 2386 2338 2448 1224)
2378 2389 2486 2436 etc.
2523 2381 2727 2436 scimus

176 2471 305 2540 quia
330 2469 393 2524 in
419 2466 616 2524 iisdem
646 2470 955 2541 Evangeliis
981 2485 1045 2526 ea
1066 2469 1149 2526 bis
1175 2472 1349 2525 relata
1378 2469 1646 2541 legimns3
1676 2485 1847 2540 quare
1871 2469 1917 2524 si
1942 2484 1976 2524 a
2002 2466 2234 2524 diversis
2257 2468 2623 2540 Evangelistis
2648 2469 2725 2523 si-

172 2557 329 2612 milia
359 2556 505 2613 facta
535 2558 620 2612 vel
644 2555 790 2614 dicta
816 2557 1150 2625 referuntur,
1186 2557 1379 2613 eadem
1404 2557 1604 2612 referri
1630 2573 1744 2612 non
1771 2555 1961 2612 statim
1993 2556 2256 2612 concludi
2287 2564 2488 2626 potest.
2519 2557 2725 2612 Unctio

174 2644 386 2714 pedum
412 2643 641 2699 Domini
668 2644 815 2716 apud
844 2651 977 2701 Luc.
1011 2651 1139 2713 7‚36
1170 2661 1292 2718 sqq.
1325 2644 1433 2700 alia
1458 2653 1542 2699 est
1575 2653 1744 2716 atque
1771 2644 1868 2699 illa
1897 2643 2043 2715 apud
2084 2643 2308 2700 Matth.
2350 2650 2481 2711 26,6
2517 2659 2640 2716 sqq.
2673 2650 2728 2698 et

170 2737 370 2788 Maro.
401 2738 525 2801 14,a
555 2747 677 2803 sqq.
697 2756 711 2800 ς
733 2733 930 2804 templi
960 2732 1269 2804 purificatio
1306 2749 1339 2788 a
1367 2733 1686 2805 Synopticis
1713 2733 1890 2807 relata
1931 2731 2167 2798 (matth.
2206 2737 2372 2799 21‚12
2413 2739 2470 2786 et
2505 2731 2726 2802 parali.)

170 2821 394 2876 diversa
421 2827 506 2876 est
535 2818 605 2875 ab
629 2820 745 2888 illa,
778 2837 920 2892 quae
945 2829 1205 2877 narratur
1232 2825 1399 2877 loan.
1427 2827 1558 2888 2,13
1583 2836 1738 2892 sqq.;
1778 2835 2005 2888 caecus,
2047 2819 2118 2874 de
2157 2836 2266 2890 quo
2309 2819 2557 2890 loquitur
2589 2823 2724 2876 Luc.

172 2909 339 2978 mas
366 2923 483 2962 non
513 2907 731 2963 videtur
770 2923 889 2964 esse
930 2909 1306 2978 BartimaeuS,
1358 2923 1525 2980 quem
1563 2910 1738 2964 Marc.
1789 2914 1951 2976 10,46
1995 2907 2248 2963 nominat
2282 2915 2388 2962 etc.
2439 2907 2627 2962 Multis
2671 2907 2728 2961 in

172 2997 314 3052 locis
345 2995 519 3051 etiam
542 2995 806 3052 catholici
834 2996 1165 3068 interpretes
1192 2995 1351 3052 dubii
1380 2997 1637 3064 haerent,
1665 3004 1854 3053 utrum
1892 2994 1961 3050 de
2001 2994 2273 3050 similibus
2315 3011 2386 3050 an
2425 2993 2494 3050 de
2531 2993 2728 3050 iisdem

170 3083 343 3139 rebus
372 3084 445 3139 sit
472 3098 676 3152 sermo,
707 3099 794 3140 ex.
823 3101 908 3156 gr.
944 3085 1161 3140 Mami.
1202 3091 1291 3154 5‚1
1335 3101 1458 3156 sqq.
1491 3093 1548 3141 et
1575 3089 1716 3140 Luc.
1755 3091 1882 3152 6,17
1917 3100 2075 3156 sqq.;
2101 3113 2172 3124 —
2193 3082 2409 3139 Manli.
2442 3088 2571 3151 4,18
2601 3099 2724 3154 sqq.

172 3171 273 3236 (cfr
300 3173 497 3227 Marc.
534 3177 659 3238 1,16
686 3176 833 3243 sqq.)
874 3179 931 3227 et
956 3177 1092 3228 Luc.
1124 3179 1212 3240 5‚1
1248 3189 1371 3245 sqq.
1406 3181 1513 3229 etc.
1547 3176 1820 3228 Accurate
1856 3171 2029 3242 igitur
2057 3170 2376 3228 attendatur
2409 3178 2630 3242 oportet
2657 3170 2727 3226 ad

170 3260 365 3316 omnia
392 3258 673 3324 adiuncta,
706 3265 1009 3330 antequam
1036 3259 1107 3316 de
1136 3259 1331 3316 iisdem
1360 3260 1525 3316 rebus
1555 3260 1643 3332 agi
1671 3259 2026 3336 concedatur.

252 3413 313 3470 3.
346 3444 427 3453 —-
455 3413 536 3470 At
562 3411 757 3470 altera
785 3429 860 3470 ex
897 3415 1075 3488 parte
1116 3416 1325 3471 caveat
1363 3428 1616 3489 quoque
1650 3411 1994 3488 interpres,
2027 3427 2108 3470 ne
2147 3410 2282 3481 illa,
2320 3429 2478 3488 quae
2510 3427 2730 3472 revera

172 3507 461 3568 identica
502 3511 679 3579 sunt,
716 3507 963 3568 diversa
1009 3523 1145 3567 esse
1194 3508 1576 3586 proclamet,
1625 3508 1775 3586 quia
1814 3525 1979 3568 unus
2011 3508 2403 3586 Evangelista
2435 3509 2732 3568 adiuncta

174 3603 495 3681 quaedam
542 3604 765 3678 tacuit,
796 3621 953 3681 quae
992 3605 1151 3664 alter
1190 3605 1462 3676 addidit,
1495 3608 1604 3665 aut
1656 3605 1806 3682 quia
1853 3605 2025 3665 idem
2065 3623 2290 3665 sensus
2335 3624 2464 3666 non
2503 3605 2730 3665 iisdem

172 3718 437 3778 prorsus
467 3700 677 3760 verbis
705 3702 783 3759 ab
812 3705 1081 3778 utroque
1114 3707 1209 3762 est
1231 3718 1581 3780 expressus
1609 3702 1991 3781 Praeprimis
2017 3706 2231 3763 autem
2251 3702 2532 3773 attendat
2552 3719 2735 3780 opor-

181 3802 305 3869 tet,
336 3798 400 3858 S.
436 3797 821 3857 Matthaeum
858 3815 973 3876 pro
1012 3799 1417 3876 apologetico
1455 3802 1519 3859 et
1557 3798 1917 3876 dogmatico
1947 3817 2064 3860 suo
2103 3801 2226 3859 fine
2255 3817 2356 3860 res
2392 3800 2604 3876 potius
2633 3797 2732 3858 in-

180 3895 394 3954 dicare
409 3938 423 3966 ‚
456 3911 643 3971 quam
670 3911 940 3955 narrare.

248 4009 377 4063 Hoc
408 4023 631 4079 quoque
657 4016 1019 4079 praeceptum
1056 4009 1169 4064 iam
1198 4007 1552 4066 tradiderunt
1589 4010 1782 4064 Patres
1811 4009 2054 4082 (SA-aq.
2085 4007 2154 4063 de
2193 4009 2358 4063 ConS.
2399 4009 2497 4063 Ev.
2532 4009 2608 4064 11.
2645 4015 2729 4064 12.

180 4102 251 4150 28
279 4104 423 4164 etc.;
455 4095 514 4150 S.
551 4094 757 4164 Chry-3.
788 4095 937 4150 hom.
974 4096 1043 4151 de
1067 4097 1248 4152 Paral.
1283 4103 1335 4152 3.
1367 4101 1518 4164 αα).
1551 4097 1935 4169 Evangelistae
1971 4097 2031 4151 in
2060 4095 2226 4152 rebus
2265 4096 2432 4167 gestis
2457 4095 2734 4152 sermoni-

178 4183 399 4256 busque
425 4182 655 4238 Domini
682 4182 989 4240 referendis
1011 4200 1242 4240 munere
1264 4184 1511 4240 fidelium
1536 4185 1760 4240 testium
1779 4193 1908 4240 sunt
1928 4184 2118 4253 functi,
2142 4185 2234 4255 qui
2260 4197 2350 4238 res
2368 4184 2442 4238 ita
2469 4181 2729 4257 produnt,

182 4278 349 4340 prout
376 4285 472 4326 eas
500 4271 769 4326 memoria
790 4279 1010 4340 tenent3
1043 4272 1280 4344 Spiritus
1308 4275 1364 4328 S.
1399 4281 1587 4328 autem
1614 4274 1740 4338 illos
1763 4272 2003 4343 impulit,
2035 4281 2098 4327 ut
2121 4272 2220 4326 has
2257 4271 2500 4341 praecise
2532 4288 2622 4328 res
2654 4273 2724 4326 li-

177 4360 315 4414 teris
337 4357 670 4414 mandarent
698 4359 1131 4432 invigilavitque,
1164 4377 1233 4416 ne
1263 4361 1395 4432 quid
1429 4360 1549 4415 falsi
1579 4358 1947 4416 admiscerent
1981 4368 2038 4416 et
2066 4369 2126 4415 ut
2160 4375 2444 4416 sermones
2472 4360 2720 4430 Domini,

176 4447 311 4502 licet
335 4447 461 4502 aliis
484 4446 665 4503 verbis
688 4455 996 4517 uterentur,
1024 4449 1175 4503 iuxta
1201 4464 1393 4503 corum
1414 4463 1637 4504 sensum
1659 4455 1914 4503 accurate
1942 4445 2259 4503 redderent.
2287 4478 2359 4488 —-
2379 4448 2538 4503 Prior
2557 4465 2724 4521 regu-

176 4534 265 4590 lae
288 4549 419 4606 pars
448 4533 767 4606 frequenter
791 4544 874 4592 est
897 4535 1245 4605 adhibenda,
1282 4544 1347 4590 ut
1376 4535 1692 4592 Matthaeus
1720 4552 1849 4591 cum
1875 4536 1996 4591 aliis
2020 4536 2332 4606 Synopticis
2366 4536 2719 4602 concilietur,

182 4643 203 4674 ι
233 4623 563 4695 compendio
592 4645 617 4675 n
654 4624 801 4680 enim
830 4624 1047 4696 saepius
1078 4623 1278 4680 dixisse
1306 4624 1654 4680 Matthaeum
1677 4640 1760 4696 ea,
1810 4640 1952 4696 quae
1981 4623 2154 4680 fusius
2193 4634 2248 4681 et
2285 4627 2597 4682 accuratius
2631 4640 2720 4682 re·-
