3050 5184
339 287 414 344 26
456 301 732 346 HISTORIA
759 303 1010 346 CANONIS
1038 303 1373 354 UTRIUSQUE
1403 305 1801 350 TESTAMENTI.
1837 323 1913 332 -·
1942 303 2070 347 CAP.
2106 304 2179 346 11.
2214 303 2350 346 CAN.
2384 300 2639 344 VETEms
2668 296 2825 340 TEST-

337 430 509 500 abest,
539 440 605 487 ut
629 433 787 488 libris
829 432 1338 490 deuterocanonicis
1375 435 1652 492 minorem
1698 435 2081 492 auctoritatem
2130 433 2421 495 attribuat:
2446 429 2714 486 continuo
2742 425 2911 481 enim

337 533 532 574 eorum
553 521 890 602 *testimoniis
915 520 974 576 in
1002 520 1332 594 dogmaticis
1354 524 1468 579 suis
1491 531 1552 579 et
1580 523 1865 596 polemicis
1888 523 2151 595 operibus
2172 521 2366 577 utitur.
2396 515 2751 575 idololatriae
2780 513 2908 569 ori-

335 606 519 678 ginem
550 606 855 664 secundum
884 607 926 663 ἰ.
963 609 1300 682 Sapientiae
1334 611 1597 682 explicat,
1633 626 1797 682 quem
1824 610 1999 666 titulis
2034 632 2059 662 α
2100 609 2411 680 Sapientiae
2447 606 2555 663 Dei
2583 624 2611 658 ι
2632 645 2649 674 ,
2683 624 2711 654 ε
2738 601 2913 658 Scri-

340 703 532 763 pturae
551 715 604 764 n,
643 715 668 746 ι(
693 695 856 752 Verbi
887 697 988 752 Dei
1017 717 1042 747 n
1075 697 1269 753 laudat
1299 701 1412 769 (Or.
1445 715 1496 755 c.
1539 707 1689 771 gent.
1726 715 1781 770 q.
1827 705 1912 755 11.
1959 705 2046 754 1⁷.
2083 703 2155 754 44
2182 697 2341 766 etc.);
2371 712 2440 751 ex
2466 691 2909 750 Ecclesiastico

337 783 659 852 sapientiam
687 781 930 839 divinam
958 785 1012 840 in
1041 785 1208 840 rebus
1236 785 1436 842 creatis
1465 802 1731 858 apparere
1760 786 2106 842 demonstrat
2134 793 2188 840 et
2216 783 2604 840 difficultatem
2632 779 2701 836 ab
2726 777 2911 834 Aria-

339 869 422 927 nis
448 885 516 925 ex
544 871 654 926 isto'
679 871 822 927 libro
853 873 1080 928 allatam
1109 872 1306 928 eadem
1343 889 1472 929 cum
1501 873 1787 946 diligentia
1826 874 2021 941 solvit,
2048 889 2155 945 qua
2186 871 2383 929 eodem
2410 871 2467 926 in
2496 871 2620 926 loco
2648 865 2911 922 difficul-

339 965 480 1012 tates
505 972 571 1014 ex
597 974 684 1029 ep.
718 957 786 1014 ad
821 958 994 1015 Hebr.
1027 969 1084 1016 et
1112 960 1319 1017 Psalm.
1352 961 1635 1017 desumtas
1672 961 1907 1034 explicat
1942 962 2057 1032 (Or.
2088 976 2139 1016 c.
2176 959 2360 1015 Arian.
2395 959 2471 1014 11.
2502 964 2558 1012 4.
2589 963 2689 1020 79ς
2719 953 2899 1026 Apol.

337 1060 387 1100 c.
415 1045 605 1100 Arian.
637 1051 708 1100 66
727 1049 888 1116 etc.);
911 1049 1174 1104 Bar-uehi
1201 1047 1349 1104 dicta
1375 1069 1400 1100 α
1431 1049 1616 1106 Verbo
1639 1071 1663 1100 υ
1694 1048 1948 1105 attribuit
1980 1049 2095 1119 (Or.
2128 1065 2177 1104 c.
2210 1047 2399 1102 Arian.
2430 1049 2477 1101 1.
2511 1051 2607 1113 193
2635 1042 2705 1098 de
2734 1040 2905 1098 decr-

340 1133 472 1202 Syn.
503 1133 624 1188 Nic.
659 1139 743 1189 12.
781 1139 843 1190 15
869 1137 1028 1206 etc.);
1057 1134 1332 1193 Iuditlzae
1357 1137 1538 1193 verbis
1562 1139 1745 1192 Deum
1762 1151 1879 1192 non
1899 1152 2019 1192 esse
2042 1136 2187 1192 sicut
2214 1135 2468 1191 homines
2496 1131 2740 1187 ostendit
2774 1131 2901 1200 (Or.

339 1233 388 1274 c.
419 1219 612 1275 Arian.
641 1223 715 1276 ΙΙ.
747 1227 856 1290 35),
891 1223 1106 1278 Tobiae
1133 1223 1384 1280 libellum
1411 1225 1516 1280 sub
1544 1225 1707 1280 titulo
1738 1246 1763 1275 ε(
1788 1225 2105 1296 Scripturae
2126 1245 2153 1276 n
2178 1223 2382 1295 allegat
2410 1220 2595 1291 (Apol.
2618 1235 2670 1274 c.
2694 1217 2903 1273 Arian-

347 1311 402 1360 11
437 1307 565 1378 etc.)
590 1317 694 1363 etc.
728 1311 966 1366 Demum
995 1310 1286 1379 addamuS,
1321 1312 1378 1368 S.
1402 1312 1772 1369 Athanasium
1798 1313 1949 1367 nolle
1980 1311 2281 1384 genuinum
2310 1323 2583 1366 canonem
2610 1321 2741 1362 cum
2765 1321 2905 1360 mo-

339 1390 524 1449 dernis
547 1394 1166 1454 deuterocanonicornm
1191 1399 1520 1456 adversariis
1548 1415 1580 1456 a
1604 1398 1825 1456 Iudaeis
1846 1400 2075 1468 discere,
2101 1397 2199 1454 sed
2228 1419 2255 1448 α
2282 1414 2313 1452 a
2337 1395 2593 1453 Patribus
2612 1415 2665 1461 ιο,
2690 1393 2907 1465 quibus

341 1482 588 1552 Apostoli
624 1504 649 1534 (t
683 1485 777 1556 qui
808 1485 911 1556 ipsi
945 1485 1204 1542 viderunt
1243 1496 1298 1543 et
1333 1487 1573 1544 ministri
1600 1495 1759 1543 erant
1794 1487 2063 1542 sermonis
2102 1507 2153 1554 n,
2190 1485 2505 1556 Scripturas
2542 1481 2905 1540 tradiderunt

343 1571 462 1640 (Ep.
499 1570 619 1626 i'est.
653 1575 760 1640 39).

411 1657 601 1730 Neque
629 1660 687 1716 S.
722 1661 991 1731 cyrillus
1017 1665 1195 1718 leros.
1232 1662 1364 1733 (Cat.
1399 1665 1493 1718 IV.
1523 1669 1611 1718 33.
1642 1668 1730 1718 35.
1762 1664 1847 1734 36)
1876 1678 2002 1718 cum
2027 1661 2359 1718 adversariis
2384 1659 2587 1714 nostris
2612 1658 2902 1714 consentit

342 1759 446 1801 nec
486 1745 545 1801 in
588 1746 738 1803 fonte
787 1747 1130 1818 definiendo,
1173 1766 1239 1804 ex
1283 1767 1392 1822 quo
1439 1751 1675 1822 genuina
1723 1751 1953 1806 canonis
1993 1750 2233 1822 cognitio
2263 1745 2569 1804 haurienda
2614 1745 2686 1800 sit
2740 1745 2901 1815 (nam

348 1853 372 1882 α
404 1833 485 1887 ab
520 1835 782 1890 Ecclesia
816 1855 838 1886 ι
871 1852 999 1891 eum
1027 1835 1353 1892 discendum
1389 1854 1508 1894 esse
1548 1835 1751 1893 diserte
1788 1836 2005 1904 docet),
2029 1836 2218 1892 necin
2256 1835 2407 1890 libris
2442 1832 2721 1890 canonicis
2746 1847 2903 1887 enu-

344 1919 620 1976 merandis
663 1925 810 1994 (nam
841 1923 1045 1979 librum
1071 1925 1288 1981 Baruch
1333 1933 1392 1981 et
1435 1926 1744 1996 fragmenta
1790 1940 2011 1996 quoque
2040 1923 2537 1980 deuterocanonica
2564 1919 2821 1976 Danielis
2844 1931 2907 1975 et

345 2008 589 2064 Estheris
617 2012 1060 2081 protocanonicis
1086 2011 1279 2080 addit),
1307 2027 1410 2068 nec
1437 2014 1494 2068 in
1522 2012 1757 2068 aliorum
1789 2012 2077 2079 librorum,
2102 2027 2242 2084 quos
2267 2027 2383 2066 non
2406 2017 2675 2075 recenset,
2702 2017 2905 2064 aucto-

344 2096 504 2151 ritate
544 2095 983 2168 determinanda,
1012 2115 1148 2155 nam
1181 2115 1277 2154 eos
1304 2116 1417 2156 non
1446 2101 1595 2155 velut
1632 2121 1657 2150 «
1688 2099 2040 2171 apocryphos
2082 2119 2105 2151 ι
2138 2099 2345 2165 reiicit,
2378 2097 2473 2154 sed
2508 2097 2659 2152 velut
2692 2094 2907 2152 dubios

345 2201 388 2239 a
407 2185 826 2240 catechumenis
853 2187 960 2258 legi
983 2202 1098 2242 non
1116 2188 1234 2241 vult
1262 2208 1274 2241 :
1303 2207 1329 2237 α
1354 2189 1447 2258 qui
1465 2195 1649 2242 certos
1666 2187 1909 2260 ignoras,
1938 2186 2008 2242 de
2034 2186 2212 2242 dubiis
2242 2185 2375 2257 quid
2392 2188 2589 2240 curas?
2614 2203 2637 2236 ι
2666 2185 2722 2239 S.
2747 2185 2905 2238 Doc-

345 2281 435 2327 tor
457 2271 760 2339 librorum,
792 2275 888 2345 qui
921 2274 978 2329 in
1017 2275 1426 2346 scripturarum
1462 2273 1745 2330 codicibus
1780 2275 2225 2342 continebantur,
2252 2273 2391 2329 duas
2434 2273 2636 2329 classes
2672 2271 2896 2331 stautit.

347 2374 515 2413 unam
546 2374 769 2428 eorum,
798 2361 894 2432 qui
919 2369 1111 2431 utpote
1157 2360 1229 2417 ad
1269 2361 1548 2433 publicam
1591 2362 1886 2418 lectionem
1934 2361 2158 2417 admissi
2198 2359 2520 2417 omnimoda
2560 2359 2903 2414 certitudine

349 2445 688 2518 gaudebant,
721 2448 952 2504 alteram
993 2463 1206 2516 eorum,
1241 2449 1334 2521 qui
1365 2458 1554 2520 utpote
1584 2465 1615 2504 a
1640 2448 1856 2521 publica
1888 2450 2123 2505 lectione
2152 2447 2357 2505 exclusi
2396 2448 2579 2502 minus
2606 2447 2746 2502 certi
2776 2463 2905 2501 esse

349 2533 695 2590 videbantur.
726 2536 950 2590 Praeter
987 2551 1128 2607 quos
1165 2537 1423 2608 cognovit
1459 2537 1809 2609 apocryphos
1831 2537 2031 2606 libros,
2070 2545 2126 2591 et
2154 2543 2215 2591 ut
2251 2534 2679 2592 catechumenos
2710 2533 2782 2590 ab
2814 2533 2907 2588 his

349 2623 552 2677 certius
574 2621 835 2676 retineret
851 2665 864 2690 ‚
899 2623 978 2678 eis
1005 2624 1174 2679 etiam
1201 2640 1364 2680 usum
1393 2623 1661 2679 librorum
1684 2625 1868 2679 minus
1892 2632 2169 2678 certorum
2200 2621 2480 2678 interdixit
2494 2622 2534 2677 ⁶.

416 2712 472 2765 S.
503 2709 886 2782 Epiphanius
914 2711 1124 2765 nullam
1158 2727 1384 2781 prorsus
1424 2719 1577 2767 creat
1612 2711 2028 2778 difficultatem3
2072 2719 2269 2782 quater
2310 2725 2577 2765 canonem
2606 2711 2674 2764 V.
2702 2711 2772 2764 T.
2807 2725 2905 2764 re-

348 2807 565 2864 censet,
589 2796 687 2852 sed
715 2805 801 2852 ter
828 2798 932 2866 ita,
964 2807 1027 2853 ut
1063 2798 1214 2854 clare
1244 2797 1477 2861 indicet,
1513 2813 1573 2853 se
1614 2797 1894 2853 iudaicum
1923 2798 2241 2863 catalogum
2270 2797 2471 2852 afferre
2508 2798 2609 2866 (De
2640 2795 2813 2868 pond.
2850 2806 2911 2852 et

349 2901 523 2940 mens.
546 2891 603 2940 4.
626 2893 681 2939 et
703 2891 772 2940 22
797 2901 881 2956 sq.
905 2895 961 2942 et
989 2885 1142 2941 haer.
1165 2890 1309 2952 8‚6);
1337 2894 1535 2956 quarta
1562 2895 1750 2942 autem
1780 2887 1895 2941 vice
1925 2885 2099 2952 (haer.
2126 2891 2214 2938 76.
2237 2884 2395 2940 Coni'.
2418 2901 2469 2940 c.
2491 2891 2546 2940 5.
2573 2884 2743 2952 Aetii)
2770 2901 2907 2954 pro-

346 2973 680 3028 tocanonicis
708 2988 822 3028 non
848 2982 1065 3030 tantum
1091 2973 1428 3042 Sapientiam
1455 2981 1510 3028 et
1538 2972 1981 3028 Ecclesiasticum
2011 2972 2191 3040 addit,
2224 2971 2319 3027 sed
2349 2980 2570 3042 praeter
2599 2986 2907 3026 enumera-

347 3067 436 3114 tos
471 3075 530 3114 se
557 3061 693 3116 alios
722 3075 946 3132 quoque
979 3059 1272 3116 canonicos
1301 3059 1595 3115 admittere
1622 3059 1777 3116 haud
1811 3060 2045 3115 obscure
2074 3058 2276 3129 prodit.
2310 3061 2523 3114 Revera
2552 3059 2910 3128 Sapientiae

348 3146 513 3201 verba
537 3145 762 3202 adhibet
783 3151 1069 3218 tamquam
1098 3167 1124 3198 α
1146 3145 1292 3202 dicta
1317 3161 1348 3202 a
1372 3147 1577 3218 Spiritu
1605 3148 1664 3203 S.
1690 3167 1740 3216 n,
1770 3167 1795 3198 α
1816 3163 1849 3202 a
1872 3146 2189 3202 beatissimo
2216 3145 2487 3217 propheta
2516 3146 2824 3202 Salomone
2852 3169 2907 3211 n,

347 3346 653 3396 difficiliores
691 3345 928 3396 fidelibus
968 3349 1370 3396 reservarentur.
1415 3349 1557 3396 Inter
1601 3347 1760 3397 libros
1806 3347 2184 3396 catechumenis
2227 3346 2463 3408 legendos
2500 3347 2752 3408 Origenes
2792 3363 2909 3399 cum

347 3429 395 3475 S.
421 3425 694 3476 Athanasio
722 3428 947 3474 recenset.
973 3443 998 3472 «
1028 3424 1262 3475 libellum
1297 3425 1509 3482 Esther,
1540 3425 1749 3483 Iudith,
1792 3427 2039 3482 Tobiam,
2073 3424 2315 3474 mandata
2342 3427 2658 3488 Sapientiae
2690 3447 2740 3478 ι»,

409 3503 475 3568 (6)
504 3503 674 3552 Alium
710 3501 904 3564 legendi
931 3503 1142 3553 modum
1177 3502 1342 3552 tenuit
1375 3503 1730 3563 alexandrina,
1758 3504 1914 3553 alium
1942 3501 2357 3566 ierosolymitana
2382 3502 2623 3564 ecclesia;
2648 3506 2803 3566 prior
2830 3522 2913 3556 ca-

347 3583 662 3632 techumenis
689 3581 842 3631 libros
870 3581 1354 3632 deuterocanonicos
1383 3583 1735 3646 praescripsit,
1768 3581 1931 3632 altera
1956 3582 2146 3633 eisdem
2176 3595 2263 3631 eos
2286 3583 2501 3646 negavit.
2532 3583 2693 3632 Cuius
2720 3584 2913 3635 discri-

350 3660 499 3712 minis
515 3661 647 3710 ratio
667 3673 730 3710 ex
749 3660 944 3722 origine
966 3661 1205 3711 ecclesiae
1229 3661 1673 3724 ierosolymitanae
1694 3661 1996 3725 explicatur.
2024 3660 2223 3710 Etenim
2246 3675 2311 3713 ex
2334 3660 2535 3710 Iudaeis
2556 3661 2911 3725 palaestinen-

348 3740 486 3790 sibus
507 3737 746 3802 primitus
764 3739 975 3789 collecta
997 3741 1050 3788 in
1072 3739 1302 3790 coetibus
1320 3740 1476 3789 sacris
1497 3753 1587 3788 eos
1608 3738 1764 3789 libros
1786 3738 1921 3790 solos
1944 3737 2203 3798 adhibuit,
2226 3751 2355 3801 quos
2374 3743 2492 3788 ante
2512 3741 2913 3794 conversionem

347 3831 488 3868 suam
519 3817 758 3880 neophyti
797 3819 850 3866 in
878 3818 1138 3882 synagogis
1175 3819 1424 3880 legerant,
1455 3819 1488 3868 i.
1532 3831 1575 3867 e.
1611 3817 1769 3868 libros
1807 3819 2019 3868 canonis
2056 3816 2464 3881 palaestinensis3
2496 3823 2652 3881 atque
2690 3821 2914 3870 eandem

347 3895 766 3947 consuetudinem
807 3897 1044 3956 retinuit,
1078 3901 1346 3962 postquam
1388 3901 1505 3961 post
1543 3896 1856 3946 destructam
1895 3900 1946 3945 ct
1986 3896 2355 3945 reaedificatam
2392 3895 2573 3946 urbem
2601 3911 2666 3946 ex
2695 3897 2919 3950 iudaeo-

346 3976 619 4026 christiana
644 3975 776 4025 facta
805 3979 914 4026 erat
943 3976 1422 4026 ethnicochristiana
1457 3980 1508 4025 et
1536 3989 1739 4038 graecos
1778 3975 1981 4024 codices
2020 3989 2059 4024 s.
2100 3975 2347 4024 librorum
2374 3974 2725 4038 adoptaverat.
2766 3981 2918 4036 Quae

347 4055 660 4104 consuetudo
701 4057 871 4104 tamen
915 4068 1016 4104 non
1057 4055 1349 4117 impedivit,
1385 4055 1664 4118 quominus
1704 4052 1931 4116 reliquos
1971 4065 2177 4117 quoque
2220 4053 2433 4102 istorum
2470 4054 2707 4104 codicum
2748 4055 2917 4108 libros

347 4148 438 4196 pro
465 4135 623 4184 sacris
661 4133 894 4192 haberet,
941 4133 1037 4183 etsi
1071 4145 1100 4181 a
1134 4134 1335 4196 publica
1373 4134 1591 4182 lectione
1627 4147 1713 4181 cos
1750 4132 2057 4182 excluderet.
2099 4132 2229 4180 Hinc
2270 4131 2589 4195 intelligitur,
2632 4147 2730 4184 cur
2771 4135 2917 4187 idem

347 4215 398 4264 S.
448 4213 700 4276 cyrillus,
737 4212 828 4276 qui
868 4213 1242 4262 catechumenis
1277 4212 1502 4262 solorum
1552 4212 2061 4273 protocanonicorum
2099 4210 2367 4260 lectionem
2405 4213 2761 4271 commendat,
2804 4216 2917 4278 ipse

347 4291 829 4341 deuterocanonicos
858 4292 1014 4342 libros
1041 4291 1308 4354 aliquoties
1339 4303 1431 4352 pro
1455 4290 1757 4338 auctoritate
1785 4288 1965 4352 alleget
1998 4307 2009 4337 :
2040 4287 2353 4349 fraumenta
2377 4289 2663 4342 danielica
2694 4291 2917 4346 adhibet.

347 4371 518 4419 omnia
541 4371 667 4432 (Cat.
691 4373 754 4422 11.
791 4376 872 4431 16,
893 4370 1020 4421 XIV.
1051 4377 1135 4428 25,
1168 4372 1298 4419 le.
1328 4373 1386 4417 31
1413 4367 1551 4430 etc),
1576 4369 1886 4429 Sapimitiae
1916 4367 2069 4418 verba
2096 4367 2355 4417 Salomoni
2384 4367 2622 4419 attribuit
2650 4371 2787 4432 (Cat.
2822 4375 2911 4424 lx.

348 4455 374 4496 2
413 4447 491 4496 cfr
525 4451 635 4498 xli.
676 4451 750 4512 5),
787 4451 1159 4500 Ecclesiastico
1195 4447 1339 4496 velut
1384 4447 1645 4508 Scriptura
1688 4447 1850 4494 utitur
1891 4447 2018 4510 (Cat.
2052 4449 2149 4494 XI.
2192 4451 2245 4506 43
2286 4448 2370 4495 ΧΙ.
2402 4451 2459 4506 9;
2496 4450 2647 4508 myst.
2692 4451 2754 4498 V.
2804 4453 2912 4515 17);

347 4525 533 4575 multae
561 4541 761 4590 quoque
804 4528 915 4578 cius
954 4527 1301 4591 expressiones
1339 4523 1492 4573 libros
1525 4525 2004 4574 deuterocanonicos
2042 4526 2091 4574 in
2129 4526 2421 4574 memoriam
2462 4531 2731 4586 revocant,
2770 4532 2915 4581 undo

347 4603 538 4665 elucet,
568 4618 682 4654 eum
705 4603 1114 4668 frequentissima
1143 4604 1359 4653 lectione
1385 4601 1503 4652 illos
1527 4602 1626 4651 sibi
1652 4602 1921 4652 familiares
1950 4603 2244 4652 reddidisse.
