3050 5184
843 328 916 370 ne
956 327 1260 372 munorum
1301 328 1532 373 samum.
1574 327 1837 373 otuelus.
2492 309 2609 367 243

129 452 322 523 ducunt,
349 466 472 513 ante
509 456 754 514 medium
779 459 1030 515 exsilium
1072 456 1458 529 babylonicum
1487 474 1601 514 non
1642 468 1769 513 sunt
1800 458 2098 525 terminati3
2145 465 2202 512 at
2226 456 2355 512 libri
2388 454 2609 512 Samuel

127 542 306 598 nullum
341 545 507 601 exsilii
535 545 796 602 exhibent
824 546 1132 617 vestigium,
1169 544 1266 601 sed
1298 560 1533 619 regnum
1561 544 1696 601 Iuda
1735 544 2035 615 perdurare
2064 551 2409 616 supponunt,
2438 542 2611 597 immo

126 631 274 685 omnia
300 632 552 703 suadent,
585 643 648 689 ut
673 650 769 690 eos
788 634 946 690 brevi
968 642 1092 705 post
1121 633 1276 706 regni
1305 633 1625 689 scissionem
1648 633 1749 689 suh
1791 648 1919 707 rege
1946 633 2201 698 Roboam
2228 631 2463 702 scriptos
2490 644 2611 684 esse

124 716 356 789 dicamus3
379 721 434 775 id
464 721 614 792 quod
635 722 822 777 statim
851 721 1226 777 ostendemus,

179 870 226 925 2.
255 903 327 912 —
351 871 681 931 Librorum
714 871 996 943 Samuel,
1022 872 1130 949 qui
1160 874 1551 951 completum
1583 890 1744 951 opus
1774 870 2200 933 constituunt²
2218 916 2233 941 ‚
2252 888 2409 929 unus
2436 870 2609 929 dum-

114 968 255 1063 'taxat
279 964 396 1025 fuit
418 971 659 1039 auctor,
694 968 800 1046 qui
829 973 1077 1046 praeter
1101 970 1220 1029 alia
1248 970 1620 1047 praesertim
1639 970 1834 1029 trium
1863 968 2311 1047 prophetarum
2338 964 2604 1045 (Samue-

125 1058 206 1126 lis,
236 1062 502 1132 Nathan,
533 1062 688 1142 Gad)
713 1066 946 1143 scripta
969 1063 1026 1144 (1
1057 1068 1204 1127 Par.
1234 1066 1438 1145 2929)
1471 1083 1585 1143 pro
1616 1066 1899 1126 fontibus
1930 1064 2244 1124 adhibuit.

173 1164 461 1221 Samuelem
481 1168 665 1237 operis
680 1169 880 1239 integri
899 1184 1012 1223 non
1031 1184 1152 1225 esse
1169 1178 1471 1233 auctorem,
1495 1169 1625 1225 licet
1642 1168 1701 1223 id
1720 1176 1997 1225 asseratur
2016 1167 2073 1223 in
2099 1166 2429 1223 Thalmude
2448 1162 2612 1233 (Baba

119 1247 278 1306 hathra
303 1252 369 1308 l'r.
411 1258 502 1320 14)
531 1263 587 1310 et
613 1254 806 1311 similis
841 1256 1112 1312 sententia
1139 1270 1171 1311 a
1194 1257 1252 1311 S.
1292 1257 1581 1329 Greqorio
1624 1256 1712 1328 (In
1738 1255 1779 1311 l.
1812 1257 1949 1328 Reg.
1986 1270 2173 1326 expos.
2214 1256 2459 1320 Proem.)
2493 1266 2615 1322 pro·

121 1348 336 1410 ponatur,
359 1342 486 1397 lnce
517 1342 716 1399 clarius
751 1351 854 1409 est,
886 1344 1148 1414 quoniam
1175 1344 1397 1400 Samuel
1425 1343 1637 1399 dudum
1662 1350 1795 1399 ante
1833 1343 2055 1399 Saulem
2082 1352 2138 1398 et
2164 1339 2432 1401 Davidem
2460 1355 2613 1395 mor-

121 1432 218 1479 tuus
239 1436 334 1483 est.
367 1431 560 1501 Neque
583 1430 888 1486 iunioribus
915 1430 1306 1502 interpretibus
1330 1432 1681 1501 assentimur,
1709 1432 1823 1486 sive
1849 1431 2163 1487 Samuelem
2192 1445 2281 1485 res
2308 1444 2405 1484 sua
2435 1436 2615 1483 aetate

121 1520 262 1581 gestas
281 1518 697 1589 conscripsisse,
731 1517 876 1574 duos
905 1518 1040 1573 alios
1068 1518 1366 1589 prophetas
1394 1519 1635 1589 reliquas
1664 1534 1753 1574 res
1780 1518 2014 1574 saulicas
2042 1526 2097 1573 et
2120 1516 2396 1573 davidicas
2424 1514 2614 1570 adiun-

122 1598 254 1667 xisse,
275 1603 384 1659 sive
413 1621 558 1676 opus
585 1614 836 1661 nostrum
871 1622 935 1661 ex
974 1607 1192 1676 scriptis
1219 1606 1503 1672 SamueliS,
1548 1604 1699 1674 Gad,
1738 1605 1961 1661 Nathan
1990 1605 2145 1676 quasi
2172 1604 2613 1660 consarcinatum

120 1700 208 1741 esse
229 1699 434 1759 putant.
465 1692 575 1762 Qui
601 1694 748 1747 enim
772 1692 843 1747 ad
871 1692 1130 1748 narrandi
1155 1692 1382 1748 modum
1407 1693 1747 1764 stylumque,
1778 1692 1849 1747 ad
1872 1708 2061 1748 rerum
2090 1693 2337 1747 omnium
2358 1690 2614 1745 intimum

122 1786 522 1852 perpetuumque
545 1795 776 1848 nexum,
817 1779 888 1834 ad
932 1788 1120 1851 aptam
1150 1781 1390 1851 partium
1427 1780 1861 1851 dispositionem,
1890 1779 1961 1835 ad
1997 1780 2165 1835 finem
2204 1794 2271 1835 ex
2299 1794 2485 1834 rerum
2522 1776 2617 1832 de-

123 1862 230 1917 lectu
272 1866 582 1923 elucentem
611 1866 926 1933 attenderit,
964 1882 1088 1922 eam
1127 1865 1505 1938 deprehendet
1542 1868 1725 1939 operis
1764 1866 2053 1934 unitatem,
2088 1882 2229 1937 quae
2276 1864 2479 1921 exoriri
2504 1881 2617 1921 non

121 1950 364 2019 potuisset,
394 1954 439 2009 si
465 1962 582 2009 tres
604 1953 731 2009 libri
756 1970 806 2009 a·
829 1953 1061 2010 diversis
1088 1954 1442 2025 scriptoribus
1473 1955 1690 2010 diverso
1726 1964 1977 2026 tempore
2013 1954 2309 2025 conscripti
2346 1955 2403 2009 in
2444 1968 2617 2007 unum

121 2036 336 2096 volumen
369 2049 560 2097 essent
586 2041 884 2109 coniuncti,
914 2051 1011 2097 aut
1036 2041 1081 2097 si
1106 2050 1221 2098 tres
1244 2042 1539 2113 scriptores
1570 2042 1669 2098 sibi
1700 2040 2055 2098 succedentes
2076 2043 2135 2097 in
2156 2042 2251 2096 illo
2274 2039 2617 2097 elaborando

121 2120 309 2182 fuissent
335 2130 609 2199 occupati.
641 2131 815 2185 Porro
841 2130 901 2184 in
932 2135 957 2184 1
989 2133 1137 2184 Par.
1171 2135 1374 2186 11.-28.
1399 2144 1567 2201 quam
1588 2130 1823 2201 plurima
1844 2130 1914 2186 de
1943 2128 2167 2185 Davidis
2196 2144 2363 2199 regno
2392 2144 2617 2184 narran-

119 2220 202 2277 tur,
229 2232 362 2286 quae
388 2218 448 2272 in
477 2224 674 2271 nostro
703 2231 870 2287 opere
895 2216 1302 2285 desiderantur,
1333 2233 1514 2289 neque
1543 2226 1733 2273 tamen
1762 2217 1897 2273 alios
1921 2218 2007 2271 sui
2038 2216 2220 2288 operis
2248 2215 2429 2272 fontes
2458 2232 2617 2286 prae-

119 2308 182 2353 ter
204 2302 356 2359 trium
387 2302 789 2375 prophetarum
825 2304 1105 2360 volumina
1139 2303 1346 2359 indicat
1372 2314 1566 2361 auctor
1606 2304 1877 2375 Paralip.;
1918 2313 2133 2360 certum
2160 2305 2328 2376 igitur
2351 2312 2455 2372 est,
2487 2320 2617 2375 pro-

119 2386 294 2455 phetica
323 2392 414 2447 illa
441 2391 650 2462 scripta
680 2407 792 2446 non
817 2392 1034 2463 integra
1059 2391 1120 2447 in
1149 2393 1355 2447 nostris
1377 2391 1533 2447 libris
1560 2392 1857 2460 contineri,
1889 2392 1987 2447 sed
2016 2401 2297 2447 auctorem
2326 2407 2392 2447 ex
2422 2392 2500 2447 eis
2526 2391 2617 2445 illa

119 2475 208 2530 sola
231 2478 479 2551 selegisse
507 2487 570 2533 et
588 2478 1015 2549 transcripsisse,
1039 2494 1180 2551 quae
1207 2478 1278 2534 ad
1297 2494 1458 2533 suum
1486 2479 1657 2534 finem
1686 2487 1812 2550 apta
1841 2495 1959 2534 esse
1986 2478 2265 2534 iudicavit.

177 2628 226 2685 3.
251 2663 322 2672 —
345 2632 572 2706 Neque
601 2628 769 2689 enim
799 2630 1048 2706 ineptus
1070 2630 1443 2707 compilator
1465 2628 1582 2689 fuit
1606 2632 1847 2699 auctor,
1873 2634 1943 2689 ut
1962 2646 2037 2689 ex
2058 2629 2321 2689 diversis
2338 2629 2619 2689 fontibus

118 2738 176 2780 ea
197 2726 656 2795 transumserit,
684 2742 841 2802 quae
870 2725 1036 2785 inter
1063 2744 1130 2787 se
1156 2743 1376 2804 parum
1406 2727 1805 2787 consentiant
1824 2727 1923 2785 vel
1944 2729 2257 2803 pugnent,
2287 2728 2395 2785 aut
2422 2726 2621 2783 varias

119 2819 367 2881 eiusdem
413 2822 510 2881 rei
554 2825 766 2899 gestae
812 2822 1148 2883 relationes
1191 2823 1684 2900 transcripserit,
1724 2826 1834 2882 aut
1878 2821 2128 2882 diverso
2144 2868 2159 2891 ,
2208 2837 2335 2897 quo
2389 2824 2619 2887 utatur,

117 2918 367 2979 narrandi
396 2916 601 2979 modo
626 2918 1047 2995 clausulisque
1075 2919 1284 2996 inepte
1307 2920 1576 2996 receptis
1609 2936 1674 2978 se
1706 2935 1893 2978 caeco
1924 2918 2115 2977 modo
2146 2918 2301 2977 alios
2340 2918 2519 2999 sequi
2546 2917 2623 2975 ab

117 3010 284 3088 iisque
308 3013 676 3093 dependere
707 3014 1071 3074 ostenderit.
1103 3013 1266 3085 Quae
1287 3014 1741 3075 rationalistica
1758 3015 2021 3075 assertio
2047 3013 2357 3092 perversis
2378 3016 2623 3073 tantum

117 3112 198 3167 aut
219 3111 570 3178 arbitrariis
599 3114 886 3170 textuum
917 3110 1442 3189 explicationibus
1470 3111 1750 3172 fulcitur.

169 3228 242 3289 a.)
265 3227 472 3281 Omnes
495 3232 714 3291 textus,
748 3240 887 3295 quos
915 3225 1060 3279 inter
1088 3241 1145 3279 se
1185 3241 1431 3297 pugnare
1473 3234 1703 3280 censent
1730 3224 2055 3291 adversarii,
2089 3226 2328 3279 examini
2358 3224 2626 3279 subiicere

119 3324 226 3379 opus
261 3328 370 3367 non
413 3321 521 3379 est,
564 3310 688 3381 quia
733 3312 895 3367 multi
936 3311 1198 3367 facillime
1227 3312 1617 3381 expediuntur.
1664 3313 1825 3369 Nulla
1866 3313 2111 3383 profecto
2141 3311 2437 3368 difficultas
2461 3311 2626 3367 estin

117 3400 436 3456 conciliandis
465 3402 517 3456 1.
557 3406 650 3467 8,5
680 3408 737 3454 et
776 3404 935 3467 1212
970 3401 1175 3466 (variae
1204 3400 1472 3468 rationes,
1500 3400 1572 3455 ob
1603 3417 1739 3471 quas
1770 3401 2048 3456 Israelitae
2088 3416 2277 3473 regem
2307 3401 2626 3470 postulant).

117 3494 190 3541 aut
213 3488 252 3543 1.
278 3495 393 3557 10,1
428 3504 564 3545 cum
590 3493 747 3551 10,21
780 3496 836 3543 et
868 3494 1024 3555 11,15
1054 3487 1206 3553 (Saul
1235 3504 1329 3543 rex
1351 3488 1604 3558 privatim
1624 3496 1851 3554 unctus,
1879 3488 2095 3558 publice
2118 3497 2265 3543 sorte
2289 3486 2625 3561 designatus»,

119 3588 142 3627 a
161 3583 262 3631 toto
285 3579 490 3649 populo
519 3577 784 3649 agnitus),
813 3583 909 3631 aut
938 3577 982 3632 1.
1019 3581 1178 3645 17,54
1208 3584 1264 3631 et
1292 3577 1367 3632 11.
1397 3581 1493 3645 5,9
1511 3576 1676 3643 (urbs
1707 3576 2007 3632 Ierusalem
2032 3577 2089 3631 in
2116 3585 2383 3647 potestate
2419 3577 2629 3632 Israeli-

119 3667 290 3733 tamm,
317 3682 438 3721 arx
461 3665 747 3721 Iehusaeis
773 3679 872 3736 per
900 3663 1170 3719 Davidem
1199 3667 1408 3733 erepta)
1433 3672 1489 3718 et
1511 3662 1801 3719 similibus.
1838 3664 2105 3720 Graviora
2137 3665 2273 3720 haec
2303 3663 2415 3720 sere
2454 3674 2583 3719 sunt
2614 3685 2626 3719 ε

120 3756 176 3813 a.)
199 3752 240 3806 1.
266 3760 411 3822 ⁷,15.
442 3753 674 3809 Samuel
708 3771 734 3803 α
760 3753 971 3808 cunctis
997 3751 1190 3808 diebus
1220 3751 1362 3805 vitae
1389 3767 1522 3806 suae
1552 3772 1579 3803 n
1614 3751 1757 3807 filios
1785 3752 1957 3807 Israel
1988 3750 2256 3807 iudicasse
2286 3752 2505 3819 dicitur,
2535 3751 2631 3807 sed

121 3840 188 3900 8,1
215 3836 346 3895 tilios
371 3856 506 3896 suos
535 3840 820 3895 constituit
844 3839 1050 3895 iudices
1071 3848 1124 3894 et
1153 3844 1272 3908 12,1
1307 3854 1428 3910 sqq.
1458 3854 1687 3894 munere
1720 3854 1820 3894 suo
1850 3854 1909 3895 se
1937 3839 2173 3896 abdicat.
2217 3843 2291 3895 At
2320 3838 2519 3909 duplex
2549 3838 2626 3893 di·

121 3922 399 3997 stinguatur
423 3935 654 3999 oportet
681 3926 902 3983 iudicis
929 3926 1278 3998 significatio.
1306 3929 1557 3994 Samuel,
1592 3936 1887 3998 postquam
1914 3928 2058 3985 filios
2086 3943 2213 3983 suos
2242 3927 2527 3983 constituit
2554 3927 2632 3982 iu-

169 4090 222 4153 (2)
243 4092 490 4143 Mirantur
515 4090 782 4152 nonnulli,
810 4091 948 4157 quod
984 4091 1100 4141 libri
1129 4091 1332 4142 Samuel
1363 4098 1579 4143 mortem
1606 4093 1817 4144 Davidis
1852 4110 1953 4143 non
1993 4096 2224 4152 narrent,
2250 4095 2403 4157 atque
2428 4092 2478 4141 in
2506 4107 2632 4142 non·

124 4166 248 4217 nullis
266 4172 407 4223 codd.
425 4172 628 4235 graecis
653 4178 695 4223 2.
722 4170 923 4221 Samuel
946 4184 1106 4235 usque
1131 4170 1195 4219 ad
1218 4175 1246 4220 3
1269 4172 1387 4234 Reg.
1414 4177 1525 4234 2,1o
1550 4174 1893 4237 protrahitur.
1920 4175 1987 4221 At
2010 4168 2213 4223 erronee
2245 4171 2301 4220 hi
2324 4178 2632 4234 supponunt,

121 4250 340 4299 auctorem
379 4252 635 4314 integram
665 4250 930 4301 historiam
955 4248 1168 4299 Davidis
1199 4264 1403 4300 narrare
1432 4250 1685 4313 voluisse;
1719 4265 1836 4300 nam
1876 4250 1941 4301 ad
1967 4249 2142 4300 throni
2172 4251 2367 4299 aeterni
2405 4249 2455 4299 in
2485 4250 2635 4301 domo

122 4323 318 4377 davidica
343 4330 699 4381 fundationem
728 4342 861 4383 mors
883 4329 1012 4391 regis
1035 4342 1135 4378 non
1159 4329 1394 4393 pertinet.
1424 4329 1629 4393 Optime
1651 4333 1829 4380 auctor
1853 4328 2201 4378 narrationem
2226 4327 2525 4379 terminavit
2550 4330 2637 4380 illo

123 4412 370 4463 momento,
399 4424 506 4473 quo
537 4406 702 4457 David
727 4408 938 4464 devictis
965 4406 1240 4457 rebellibus
1265 4408 1540 4457 Ierusalem
1568 4420 1802 4459 reversus
1836 4409 2083 4459 thronum
2112 4420 2263 4456 suum
2291 4407 2425 4457 vidit
2452 4412 2636 4459 contir-

123 4488 308 4543 matnm,
333 4492 491 4552 atque
517 4500 614 4551 pro
637 4486 842 4551 epilogq
867 4500 956 4535 sex
988 4487 1244 4549 pericopas
1273 4486 1485 4545 adiecit,
1515 4486 1706 4551 quibus
1739 4486 1860 4537 libri
1890 4488 2246 4549 argumentum
2276 4486 2633 4539 elucidaretur.

127 4560 284 4613 Ultima
303 4572 468 4617 autem
491 4566 560 4616 de
589 4564 834 4615 sacrificio
860 4566 912 4625 tp
937 4578 1053 4615 area
1079 4568 1280 4615 Areuna
1304 4564 1478 4615 oblato
1505 4579 1637 4629 opus
1672 4580 1889 4632 sequens
1912 4564 2089 4617 eadem
2125 4564 2323 4617 ratione
2351 4574 2637 4631 praeparat,

125 4650 206 4701 qna
223 4644 496 4710 genealogia
527 4643 741 4694 Davidis
761 4644 814 4693 in
839 4644 936 4713 fine
959 4642 1010 4695 ll.
1049 4642 1206 4695 ludic.
1233 4647 1286 4695 et
1317 4644 1453 4696 Ruth
1483 4648 1689 4697 nostros
1716 4645 1875 4697 libros
1896 4644 2237 4710 praeparavit.
