3050 5184
332 302 449 362 3oe
487 320 562 362 DE
586 321 722 364 vm.
756 322 1008 366 TESTAM.
1040 325 1231 368 ments
1256 325 1607 370 mnacrlcls.
1632 340 1706 355 -··
1740 325 1867 368 GAP.
1917 324 1961 366 1.
1995 323 2070 367 DE
2109 323 2160 368 8.
2192 322 2359 366 POESI
2389 317 2809 362 REBRAEORUR.

680 453 841 508 Nunc
866 453 1003 518 scio,
1032 454 1185 526 quod
1212 456 1483 512 Dominus
1510 455 1736 512 adiuvat
1762 455 2046 512 Christum
2071 469 2264 519 suum;

682 539 918 596 Exaudit
942 541 1100 598 illum
1130 542 1199 598 de
1226 543 1384 599 coelo
1410 551 1603 599 sancto
1625 559 1747 612 suo,

756 629 821 683 ln
848 628 1093 698 potentia
1117 629 1397 686 salutifera
1421 629 1684 686 dexterae
1709 645 1860 686 suae.

682 714 755 770 Hi
782 715 843 770 in
868 715 1125 772 curribus
1152 725 1207 772 et
1236 716 1293 772 hi
1320 717 1381 772 in
1408 717 1596 789 equis,

754 803 871 858 Nos
893 810 1079 859 autem
1105 804 1165 858 in
1186 805 1413 860 nomine
1438 805 1670 860 Domini
1691 806 1796 861 Dei
1817 805 1996 862 nostri
2019 803 2342 877 gloriamur.

411 953 472 1010 4.
506 985 587 996 —
619 955 704 1012 Ex
732 953 869 1031 ipsa
892 954 1296 1031 parallelismi
1326 961 1550 1016 natura
1585 955 1861 1016 exoritur
1890 953 2286 1032 stropharum
2320 952 2632 1030 quaedam
2663 951 2866 1015 ratio:

334 1047 619 1108 membra
636 1049 808 1110 enim
836 1049 1131 1126 parallelo
1146 1097 1160 1122 ,
1185 1068 1379 1129 quum
1403 1052 1553 1112 bina
1579 1051 1679 1111 vel
1700 1054 1878 1111 terna
1898 1051 1995 1110 vel
2023 1054 2324 1128 quaterna
2341 1049 2676 1109 coniuncta
2695 1063 2873 1106 com-

334 1142 565 1218 pletam
604 1144 939 1206 exhibeant
974 1147 1351 1208 sententiam
1385 1148 1483 1208 vel
1522 1148 1885 1226 periodum,
1919 1146 2110 1206 simul
2137 1146 2325 1207 etiam
2363 1144 2650 1220 strophas
2675 1142 2872 1202 disti-

334 1237 511 1311 cha3‚
534 1240 851 1301 tristichas
877 1246 997 1302 etc.
1032 1245 1443 1305 constituunt.
1470 1247 1549 1303 At
1577 1245 1826 1321 saepius
1857 1243 2210 1319 complures
2239 1257 2458 1302 versus
2486 1237 2776 1317 paralleli
2805 1239 2874 1296 in

335 1352 518 1394 unam
562 1336 885 1414 stropham
930 1339 1237 1399 maiorem
1277 1340 1768 1418 coniunguntur.
1802 1336 2049 1398 Etenim
2095 1336 2384 1415 strophas
2430 1333 2876 1412 compluribus

334 1432 617 1492 versibus
660 1432 973 1513 (distichis
1012 1436 1112 1496 vel
1158 1436 1463 1496 tristichis
1513 1432 1660 1514 etc.)
1707 1435 2088 1512 compositas
2135 1433 2433 1494 Hebraeis
2487 1448 2614 1491 non
2665 1429 2874 1489 fuisse

335 1526 662 1588 inusitatas
678 1574 692 1600 ‚
718 1529 871 1590 satis
902 1531 1063 1591 clare
1089 1531 1316 1592 docent
1342 1533 1620 1592 carmina
1641 1576 1654 1602 ,
1679 1548 1947 1608 quorum
1978 1530 2268 1608 strophae
2298 1526 2650 1588 intercalari
2669 1543 2874 1586 versu

333 1622 819 1702 distinguuntur,
854 1630 919 1686 et
945 1629 1221 1688 carmina
1248 1627 1637 1706 alphabetica
1660 1627 1794 1698 illa,
1831 1627 1898 1686 in
1927 1625 2156 1704 quibus
2187 1630 2394 1686 certus
2421 1639 2718 1684 versuum
2749 1639 2878 1682 nu-

335 1737 543 1780 merus
570 1721 647 1780 ab
677 1722 897 1781 eadem
921 1723 1101 1784 litera
1130 1724 1218 1783 ita
1244 1723 1599 1794 inchoatur,
1633 1726 1703 1782 ut
1735 1739 1955 1783 omnes
1985 1721 2205 1782 literae
2239 1720 2513 1780 initiales
2545 1719 2878 1796 integrum

334 1815 620 1876 ordinem
645 1817 961 1896 alphabeti
990 1819 1345 1880 exhibeant.

402 1937 783 1994 Distichorum
804 1941 1149 2013 (plerumque
1176 1946 1634 2012 synonymorum)
1662 1942 1974 2012 exemplum
2013 1940 2186 1997 habes
2210 1940 2270 1996 in
2303 1937 2548 1994 Threnz's
2573 1943 2653 2004 5.,
2683 1937 2880 1992 tristi-

334 2024 567 2080 chorum
592 2024 651 2080 in
686 2026 891 2082 Tliren.
928 2034 1067 2085 1.-3.
1089 2059 1161 2069 -
1185 2029 1443 2086 Carmina
1472 2046 1640 2086 versu
1667 2030 2012 2085 intercalari
2038 2028 2100 2084 in
2127 2026 2382 2098 strophas
2407 2025 2580 2081 divisa
2609 2033 2750 2081 sunt
2775 2030 2876 2081 Ps.

334 2118 423 2168 41.
454 2119 542 2170 42.
576 2113 694 2185 (qui
720 2130 892 2170 unum
916 2131 1141 2172 carmen
1169 2117 1539 2184 constituunt;
1564 2123 1714 2186 ⁴1‚6.
1742 2123 1834 2183 123
1857 2118 2025 2186 ⁴2⁵).
2049 2121 2140 2170 45.
2174 2113 2294 2184 (cfr.
2323 2120 2566 2181 45,8.12.
2599 2112 2880 2183 probabi-

336 2200 461 2256 liter
489 2210 614 2271 post
639 2217 692 2256 v.
721 2208 776 2258 4.
807 2218 998 2260 versus
1024 2204 1368 2260 intercalaris
1396 2219 1428 2260 a
1454 2203 1698 2261 librariis
1735 2213 1817 2260 est
1855 2204 2136 2272 omissus),
2168 2209 2257 2258 56.
2289 2207 2454 2270 (56,6.
2489 2205 2604 2268 12);
2634 2205 2713 2255 Is.
2749 2205 2880 2268 95-

341 2293 463 2355 10,4
492 2294 659 2356 (9,11.
693 2296 779 2346 16.
808 2296 899 2355 2ος
929 2293 1104 2360 10‚4);
1135 2291 1275 2348 sorte
1302 2290 1413 2347 huc
1438 2292 1609 2348 etiam
1635 2300 1847 2364 spectat
1867 2293 1959 2347 Ps.
1984 2298 2073 2348 79.
2107 2293 2273 2360 (79,4.
2304 2295 2355 2344 8.
2388 2293 2498 2355 20).
2521 2289 2884 2360 —Strophis

336 2374 635 2432 maioribus
680 2376 1081 2450 distinguendis
1116 2395 1229 2435 non
1263 2379 1568 2435 inserviunt
1612 2379 1992 2452 alphabetico
2028 2378 2336 2441 carmina,
2378 2391 2621 2448 quorum
2663 2375 2883 2449 singuli

338 2463 501 2518 stichi
530 2465 640 2534 (Ps.
672 2471 791 2520 111.
835 2471 953 2522 112.
990 2465 1172 2536 hebr.)
1208 2475 1305 2522 aut
1331 2466 1537 2539 singuli
1570 2483 1754 2523 versus
1781 2471 1876 2522 Ps.
1919 2471 1974 2521 9.
2005 2475 2062 2521 et
2093 2473 2201 2532 10.‚
2231 2471 2318 2520 34.
2350 2463 2533 2533 hebr„
2567 2467 2752 2517 Prov.
2786 2470 2884 2528 at,

343 2555 407 2606 10
426 2555 572 2622 sqq.)
598 2568 741 2608 nova
766 2553 926 2610 litera
953 2555 1317 2634 inchoantur3
1340 2564 1398 2614 at
1426 2555 1547 2610 iure
1575 2554 1684 2610 huc
1708 2555 2006 2610 trahuntur
2027 2558 2120 2610 Ps.
2157 2559 2277 2609 119.
2306 2551 2468 2606 hebr.
2491 2560 2546 2606 et
2574 2550 2800 2607 Thr-en.
2827 2559 2879 2606 3.

407 2640 476 2694 In
497 2640 778 2695 nonnullis
804 2650 991 2697 autem
1018 2641 1384 2711 carminibuS‚
1411 2642 1543 2700 licet
1573 2657 1732 2698 versu
1761 2641 2078 2698 intercalari
2099 2649 2156 2696 et
2182 2639 2587 2709 alphabetismo
2615 2649 2876 2694 careant.

342 2726 498 2783 facile
518 2737 765 2798 apparet,
788 2728 1023 2785 disticha
1044 2729 1174 2786 hina
1198 2731 1311 2800 (Ps.
1336 2735 1385 2785 3.
1409 2735 1464 2784 4.
1492 2731 1618 2799 etc.)
1640 2738 1738 2785 aut
1755 2737 1912 2784 terna
1940 2731 2043 2797 (Ps.
2071 2734 2160 2783 91.
2182 2731 2312 2794 etc.)
2333 2734 2430 2782 aut
2455 2733 2732 2798 quaterna
2757 2731 2880 2792 (Ps.

342 2821 461 2870 120.
493 2821 587 2871 121
614 2820 743 2882 etc.)
772 2825 868 2872 aut
899 2817 1065 2889 quina
1101 2822 1215 2882 (Ρε.
1254 2819 1397 2886 131.)
1436 2819 1494 2872 in
1531 2817 1770 2874 maiores
1799 2816 2059 2887 strophas
2092 2821 2408 2870 constanter
2443 2813 2734 2886 coniungi.
2769 2813 2884 2871 Sed

340 2903 469 2976 quia
504 2911 621 2958 tota
666 2903 923 2960 hebraica
955 2905 1133 2975 poesis
1174 2904 1544 2975 parallelismo
1582 2905 1814 2976 regitur,
1848 2902 1969 2959 fieri
2005 2904 2171 2958 etiam
2211 2907 2418 2974 potest,
2457 2909 2522 2956 ut
2557 2901 2884 2958 stichorum

336 3006 568 3045 numero
600 2992 851 3062 neglecto
884 2992 1147 3064 strophae
1184 2990 1404 3063 aequali
1436 3007 1706 3046 versuum
1741 3006 1976 3046 numero
2013 2990 2405 3057 efformentur;
2445 3004 2534 3044 ex.
2565 3004 2652 3060 gr.
2683 2993 2794 3046 Ps.
2825 2998 2882 3048 2.

340 3085 577 3147 quatuor
603 3078 844 3148 strophis
870 3086 1157 3134 ternorum
1190 3094 1448 3134 versuum
1479 3086 1723 3146 constat,
1759 3077 1854 3134 sed
1888 3077 2197 3134 stichorum
2228 3091 2492 3132 numerus
2524 3077 2703 3132 variat
2739 3081 2884 3147 (7,6.

326 3165 471 3244 ,8,8).
494 3166 771 3222 Nonnulla
798 3181 1019 3238 quoque
1036 3165 1283 3222 carmina
1311 3166 1684 3234 inveniuntur,
1709 3181 1948 3237 quorum
1972 3164 2234 3235 strophae
2255 3164 2536 3235 inaequali
2559 3163 2886 3222 stichorum

344 3253 428 3307 vel
462 3267 720 3308 versuum
758 3268 991 3308 numero
1030 3252 1335 3310 seeundum
1368 3261 1581 3309 certam
1618 3253 1869 3326 regulam
1913 3260 2196 3321 constant,
2233 3251 2310 3307 ita
2353 3259 2415 3306 ut
2451 3267 2484 3306 a
2523 3251 2888 3324 longioribus

340 3338 581 3409 strophis
616 3347 777 3411 poeta
812 3339 885 3396 ad
919 3339 1225 3406 brevioreS,
1254 3349 1352 3396 aut
1386 3355 1417 3394 a
1444 3339 1792 3396 brevioribus
1827 3338 1899 3396 ad
1923 3339 2204 3412 longiores
2231 3339 2434 3406 veniat,
2464 3347 2562 3393 aut
2589 3337 2888 3411 longiores

341 3426 683 3482 brevioribus
719 3426 989 3498 includat,
1020 3435 1117 3483 aut
1152 3427 1397 3498 strophis
1434 3426 1759 3499 aequalibus
1795 3426 2039 3484 stichum
2068 3426 2154 3482 vel
2179 3441 2402 3482 versum
2425 3434 2717 3498 tamquam
2745 3443 2886 3498 pro·

344 3515 531 3584 logum
554 3522 650 3569 aut
673 3515 954 3587 epilogum
980 3514 1151 3571 addat
1178 3522 1287 3571 etc.

346 3737 380 3819 ἓ
408 3741 473 3800 2.
505 3772 595 3784 —
620 3738 716 3800 De
753 3735 1133 3801 carminum
1170 3733 1639 3802 hebraicorum
1673 3734 2013 3824 speciebus
2049 3747 2113 3800 ct
2149 3735 2232 3801 de
2261 3734 2547 3800 dictione
2571 3737 2884 3823 poetica.

427 3966 481 4024 1.
516 3999 592 4007 —
617 3966 706 4024 Ex
734 3967 1023 4042 quatuor,
1055 3981 1215 4042 quae
1244 3963 1434 4041 vulgo
1471 3963 1772 4040 distingui
1810 3964 2041 4033 solent,
2078 3979 2342 4041 poeseos
2376 3963 2722 4040 generibus
2756 3965 2888 4026 duo

347 4064 623 4134 tantum,
656 4061 920 4137 lyricum
940 4064 1004 4120 et
1032 4058 1442 4133 didacticum,
1475 4078 1513 4120 a
1532 4059 1738 4137 poetis
1767 4059 1957 4119 sacris
1992 4063 2138 4119 sunt
2167 4057 2429 4118 exculta.

416 4171 525 4227 Cur
550 4171 849 4228 dramatica
878 4181 935 4227 et
966 4172 1119 4243 epica
1148 4180 1403 4241 poemata
1431 4171 1697 4243 inspirata
1725 4185 1836 4226 non
1863 4170 2237 4237 inveniantur,
2269 4169 2328 4224 in
2355 4170 2740 4226 controversia
2766 4180 2851 4226 est
2867 4196 2884 4231 ;

346 4259 548 4314 rectius
582 4259 838 4315 videntur
863 4259 949 4314 illi
982 4260 1215 4326 sentire,
1242 4257 1337 4328 qui
1378 4257 1593 4313 fictioni
1627 4257 1688 4312 in
1714 4257 1873 4313 libris
1901 4256 2072 4314 sacris
2109 4258 2295 4313 locum
2323 4272 2436 4312 non
2464 4271 2586 4312 esse
2613 4269 2880 4322 monent;

348 4346 540 4401 drama
565 4355 751 4402 autem
787 4346 1186 4417 quodcunque,
1213 4361 1324 4416 quo
1352 4360 1443 4400 res
1471 4344 1764 4415 praeterita
1796 4345 1944 4400 velut
1969 4359 2232 4415 praesens
2259 4359 2448 4400 coram
2471 4345 2886 4414 spectatoribus

348 4435 545 4504 agitur,
576 4450 641 4489 ex
670 4435 866 4489 intima
892 4449 991 4490 sua
1014 4442 1211 4488 natura
1248 4447 1367 4487 esse
1396 4432 1640 4503 aliquam
1666 4432 1968 4499 fictionem,
1999 4439 2164 4503 atque
2192 4431 2345 4502 epica
2375 4446 2601 4503 quoque
2631 4433 2884 4488 carmina

350 4520 533 4575 omnia
570 4519 882 4576 fictionibus
918 4535 1179 4591 magnam
1206 4528 1420 4590 partem
1448 4529 1724 4576 constare.
1749 4521 1933 4589 Quare
1959 4518 2100 4574 nihil
2142 4517 2368 4590 quidem
2395 4517 2620 4574 obstare
2647 4520 2884 4576 conclu-

351 4609 518 4672 dunt,
550 4608 847 4676 quominus
886 4607 1191 4664 dramatica
1230 4605 1501 4678 quaedam
1543 4605 1718 4662 forma
1752 4605 2034 4662 interdum
2071 4605 2400 4662 adhibeatur
2428 4605 2530 4675 (uti
2565 4605 2628 4661 in
2664 4606 2707 4662 l.
2749 4606 2880 4674 Iob,
