3050 5184
754 335 830 377 DE
873 335 1350 380 Arosromconuu
1393 337 1771 380 semprontm
1814 335 2085 380 ommim.
2620 316 2695 373 37

171 461 332 524 igitur
352 478 380 516 a
402 479 526 519 vero
549 465 844 532 aberrant,
876 464 972 536 qui
1001 465 1118 522 sine
1161 467 1479 538 ScripturiS,
1509 481 1648 539 quas
1688 467 1913 524 unicum
1956 463 2311 521 revelationis
2351 462 2565 518 fontem
2611 459 2697 516 di-

167 557 322 614 cunt,
349 552 640 607 Ecclesiam
681 553 943 607 exsistere
971 568 1086 608 non
1114 569 1276 624 posse
1308 563 1635 622 autumant3
1660 569 1855 611 revera
1884 563 2013 610 ante
2054 560 2108 608 3.
2140 551 2347 608 saeculi
2380 551 2601 606 initium
2628 563 2694 606 ne

167 651 270 690 una
293 636 506 708 quidem
537 640 766 696 ecclesia
789 640 1087 710 invenitur,
1121 656 1262 711 quae
1289 642 1628 713 completam
1658 651 1714 698 et
1744 641 2031 698 delinitam
2054 641 2327 697 librorum
2360 637 2695 710 apostolico-

167 739 284 778 rum
311 725 690 784 collectionem
721 727 1026 800 possedisse
1063 726 1338 784 videatur.
1370 731 1451 784 Ex
1487 731 1718 786 Patrum
1748 730 1895 785 enim
1929 727 2231 785 traditione
2269 725 2339 783 de
2366 723 2687 797 Evangelio-

167 827 282 866 mm
306 813 510 886 origine
527 823 584 870 et
605 831 674 870 ex
697 815 1072 888 Epistularum
1088 817 1609 889 Apocalypseosque
1631 815 2083 888 inscriptionibus
2104 816 2419 872 luculenter
2442 821 2685 884 apparet.

168 899 392 956 surtiutis
420 901 836 972 quodammodo
865 903 1248 960 occasionibus
1273 919 1468 961 omnes
1496 903 1671 960 libros
1699 903 1841 960 Novi
1866 906 2017 960 Test.
2041 903 2233 960 deberi
2252 912 2308 958 et
2328 901 2696 974 singularihu:

164 995 364 1043 tantum
403 990 654 1046 coetibus
709 998 806 1046 aut
861 991 1108 1061 pers'onis
1151 993 1404 1062 proxime
1447 1008 1567 1048 esse
1623 992 1954 1060 destinatos3
2002 990 2151 1047 unde
2190 989 2541 1061 intelligitur,
2584 1003 2697 1044 non

163 1075 254 1130 nisi
281 1077 568 1146 paullatim
599 1095 694 1134 eos
722 1078 796 1135 ad
822 1079 960 1135 alias
987 1080 1246 1136 ecclesias
1276 1080 1610 1151 pervenisse.

227 1229 286 1284 2.
317 1261 394 1270 —
426 1227 857 1289 Nihilominus
887 1230 1157 1289 maxima
1191 1247 1334 1290 cum
1371 1229 1801 1290 sollicitudine
1832 1229 2070 1308 primos
2110 1228 2499 1290 Christianos
2543 1244 2695 1304 apo-

163 1322 364 1383 stolica
393 1325 628 1400 scripta
668 1324 994 1404 collegisse
1033 1329 1274 1386 certum
1306 1330 1423 1386 est.
1455 1327 1525 1386 In
1558 1326 1714 1403 ipsis
1755 1326 1996 1386 ultimis
2039 1324 2488 1403 Apostolorum
2515 1322 2696 1383 libris

169 1418 412 1498 vestigia
439 1420 566 1479 iam
596 1421 1004 1482 inveniuntur
1025 1422 1290 1482 alicuius
1320 1422 1747 1494 collectioni8‚
1777 1422 2064 1500 quamvis
2088 1439 2249 1499 quae
2277 1421 2509 1498 scripta
2544 1437 2693 1479 con-

171 1513 414 1576 tinuerit
447 1522 730 1576 accurate
771 1517 1023 1577 definiri
1063 1523 1352 1594 nequeat.
1387 1519 1591 1580 Immo
1621 1519 1879 1579 omnino
1912 1517 2391 1578 concedendum
2420 1516 2691 1602 ridetur,

165 1617 412 1671 exeunte
449 1614 505 1680 1.
543 1613 796 1672 saeculo
819 1613 882 1672 in
913 1614 1105 1674 variis
1138 1613 1427 1674 ecclesiis
1461 1615 1667 1674 varias
1707 1614 2115 1676 collectiones
2150 1613 2459 1684 adfuisse,
2488 1629 2694 1690 neque

163 1706 333 1766 ullam
385 1708 724 1768 ecclesiam
771 1727 848 1770 ec
892 1709 1018 1769 iam
1064 1715 1352 1789 tempore
1397 1727 1619 1771 omnes
1658 1709 1946 1771 hodierni
1988 1711 2243 1771 canonis
2276 1712 2347 1770 N.
2386 1711 2455 1769 T.
2498 1709 2696 1769 libros

162 1804 510 1877 possedisse
550 1810 657 1888 aut
685 1823 800 1882 pro
843 1807 1162 1868 canonicis
1201 1807 1526 1880 hahuisse,
1558 1807 1669 1868 sed
1699 1808 1890 1868 etiam
1916 1807 2164 1868 nullum
2199 1806 2489 1867 hodierni
2516 1822 2695 1865 cano-

161 1899 244 1956 nis
269 1899 510 1959 librum
539 1917 708 1972 esse,
741 1901 847 1978 qui
881 1919 1008 1962 non
1041 1903 1106 1963 in
1136 1903 1348 1979 aliqua
1375 1903 1601 1964 saltem
1632 1903 1897 1964 ecclesia
1922 1905 2006 1964 sit
2032 1904 2300 1980 agnitus

217 2011 272 2066 S.
305 2012 652 2084 Polycarpo
697 2011 784 2080 (ad
829 2013 1068 2086 Philipp.
1121 2021 1208 2082 13)
1253 2024 1396 2072 teste
1436 2016 1814 2089 Philippenses
1854 2016 2070 2072 solliciti
2096 2025 2283 2082 erant,
2330 2025 2391 2070 ut
2438 2016 2697 2087 epistolas

157 2097 205 2150 S.
235 2100 436 2172 Ignatii
474 2103 553 2156 M.
585 2101 926 2174 colligerent,
977 2111 1035 2158 et
1077 2105 1135 2159 S.
1169 2105 1494 2174 Dionysius
1542 2107 1676 2160 Cor.
1708 2107 1854 2172 (Eus.
1908 2109 1979 2159 H.
2030 2109 2102 2160 E.
2154 2106 2249 2160 lv,
2300 2108 2385 2174 23)
2435 2110 2693 2168 testatur,

157 2187 204 2240 S.
236 2187 540 2243 Clementis
573 2189 739 2244 Rom.
782 2189 1072 2260 epistolam
1111 2191 1361 2264 Corinthi
1397 2207 1622 2263 semper
1657 2191 1909 2262 publicae
1944 2191 2172 2248 lectioni
2202 2183 2545 2258 inserviisse3
2577 2191 2696 2245 iure

157 2274 308 2342 igitur
335 2275 745 2345 concludimus,
771 2277 950 2334 multo
981 2278 1331 2334 sollicitiores
1361 2276 1529 2354 {uisse
1562 2279 1869 2349 primitivas
1898 2279 2155 2335 ecclesias
2183 2279 2241 2333 in
2277 2278 2434 2334 libris
2470 2286 2693 2348 aposto-

159 2361 260 2416 licis
281 2361 646 2430 colligendis,
672 2374 736 2420 ut
767 2380 864 2421 eos
887 2366 944 2420 in
971 2367 1219 2422 coetibus
1245 2367 1360 2422 suis
1388 2367 1561 2423 saeris
1596 2368 1859 2440 legerent.
1888 2369 2103 2422 Revera
2127 2366 2380 2436 Apostoli
2414 2363 2695 2422 interdum

155 2451 403 2506 ecelesias
429 2461 788 2519 monuerant,
821 2461 883 2509 ut
908 2453 1054 2509 inter
1081 2469 1141 2509 se
1171 2455 1431 2526 epistolas
1459 2469 1588 2510 suas
1612 2454 2088 2510 communicarent
2118 2454 2265 2526 (Col.
2293 2458 2467 2522 4,16),
2500 2461 2596 2508 aut
2624 2452 2696 2508 ad

157 2537 328 2605 plures
359 2540 626 2595 ecclesias
671 2539 904 2596 eandem
933 2541 1223 2613 epistolam
1252 2543 1403 2598 velut
1442 2542 1779 2614 encyclicam
1825 2542 2093 2598 miserant
2122 2545 2176 2608 (2
2224 2545 2357 2598 Cor.
2411 2549 2531 2610 1,1;
2575 2545 2691 2599 Iac.

159 2631 262 2694 1,1;
297 2635 324 2683 1
358 2631 523 2682 Petr.
559 2634 674 2696 ¹2¹3
716 2629 903 2684 Iudae
946 2636 1110 2685 tete.
1157 2629 1240 2685 cl'r
1287 2634 1416 2686 Act.
1473 2635 1674 2696 1532),
1723 2638 1818 2684 aut
1864 2638 2257 2701 argumentum
2299 2637 2692 2695 tractaverant,

155 2714 290 2782 quod
337 2714 412 2771 ad
454 2730 650 2770 omnes
690 2715 885 2772 fideles
925 2717 1203 2788 pertinere
1237 2717 1531 2774 videbatur
1578 2717 1921 2789 (Evangelia,
1952 2719 2143 2784 Rom„
2177 2717 2303 2773 Gal.
2338 2721 2498 2786 etc.);
2528 2732 2697 2789 quare

157 2799 260 2856 lieri
285 2819 402 2858 non
427 2803 638 2874 potuit,
667 2813 727 2859 ut
773 2820 886 2860 non
934 2819 1128 2860 omnes
1172 2806 1506 2878 exemplaria
1549 2805 1785 2861 istorum
1822 2805 2157 2876 scriptorum
2200 2804 2347 2876 apud
2388 2821 2448 2861 se
2491 2803 2697 2862 hahere

155 2899 430 2960 cuperent.
471 2891 828 2963 Ubicumque
869 2893 1037 2964 igitur
1065 2892 1293 2949 lundata
1336 2902 1421 2949 est
1455 2893 1714 2962 ecclesia,
1746 2892 1823 2948 ibi
1865 2895 2031 2949 etiam
2075 2891 2265 2948 statim
2301 2893 2697 2964 Apostolorum

157 2977 316 3032 libros
365 2993 488 3034 esse
541 2979 802 3035 collectos
847 2997 948 3051 pro
995 2990 1147 3036 certo
1191 2979 1565 3050 admittimus,
1612 2982 1684 3036 ita
1730 2991 1791 3036 ut
1839 2990 1966 3037 ante
2010 2980 2409 3053 Apostolorum
2458 2989 2694 3038 mortem

157 3067 380 3120 maioroe
401 3065 714 3122 minoresve
741 3067 1096 3124 collectiones
1126 3069 1330 3140 ubique
1359 3067 1636 3125 adessent.
1670 3069 1815 3124 Hinc
1842 3069 2009 3125 etiam
2036 3069 2243 3124 mirum
2271 3085 2385 3124 non
2412 3077 2515 3136 est,
2545 3066 2693 3141 quod

155 3151 202 3206 in
228 3154 434 3208 ultimis
472 3155 790 3224 apostolicis
829 3157 1046 3226 scriptis
1087 3157 1194 3211 iam
1241 3158 1466 3228 vestigia
1512 3157 1858 3212 collectionis
1902 3156 2132 3212 alicuius
2160 3157 2533 3212 inveniantur.
2567 3157 2694 3212 Sine

157 3239 256 3294 ullo
293 3240 468 3296 dubio
507 3241 661 3296 enim
699 3243 756 3298 S.
797 3243 1003 3298 Paulus
1048 3244 1348 3315 Evangelio
1392 3247 1574 3298 Lucae
1621 3244 1947 3299 canonicam
1986 3245 2375 3300 auctoritatem
2422 3243 2691 3302 attribuit.

159 3343 312 3396 quum
337 3329 598 3384 sollemni
627 3329 864 3385 formula
895 3350 918 3380 ιι
947 3331 1094 3386 dicit
1121 3333 1436 3401 Scriptura
1465 3351 1490 3382 n
1524 3340 1740 3387 textum
1770 3332 2188 3387 Deuteronomii
2217 3349 2326 3386 una
2356 3347 2485 3386 cum
2516 3331 2694 3386 verbis

159 3415 391 3484 Domini,
421 3417 564 3471 sieut
593 3416 653 3470 in
679 3418 844 3472 tertio
867 3419 1164 3492 Evangelio
1203 3420 1483 3490 leguntur,
1515 3419 1779 3491 allegaret
1813 3423 1860 3485 (1
1908 3420 2053 3474 Tim.
2093 3426 2223 3487 5,18
2249 3419 2332 3474 cl'r
2364 3423 2528 3475 Dent.
2563 3425 2690 3482 25,⁴

157 3511 202 3554 et
229 3507 364 3558 Luc.
409 3510 566 3572 10:13
599 3503 863 3561 differunt
900 3505 1306 3578 aliquantulum
1336 3506 1500 3562 verba
1532 3507 1681 3578 apud
1718 3507 1934 3562 Mattlt.
1968 3507 2179 3576 ¹03¹0)=
2214 3515 2554 3578 quapropter
2582 3521 2693 3560 non

158 3589 320 3654 video,
355 3607 456 3646 cur
479 3592 736 3647 nonnulli
756 3593 922 3648 etiam
950 3593 1206 3648 catholici
1232 3595 1563 3664 interpretes
1590 3594 1645 3648 in
1671 3600 1705 3648 2
1729 3599 1886 3650 Petr.
1918 3599 2045 3660 3,16
2072 3595 2317 3665 aliquam
2346 3594 2691 3664 paulinarum

159 3677 502 3746 epistolarum
541 3679 954 3748 collectionem,
997 3683 1084 3736 cui
1132 3681 1394 3737 canonica
1449 3681 1690 3754 dignitas
1736 3681 2095 3748 attribuatur,
2149 3697 2450 3752 agnoscere
2492 3682 2684 3738 nolint.

161 3773 402 3830 Lectione
427 3775 575 3830 enim
607 3774 660 3827 ἐν
681 3778 856 3837 πάσαις
885 3781 1016 3838 ταῖς
1042 3777 1340 3842 ἐπιστολαῖς,
1369 3793 1537 3849 quam
1563 3793 1691 3833 cum
1715 3786 1757 3834 Ν
1782 3781 1839 3833 K
1866 3779 1911 3832 L
1934 3779 1978 3833 P
2009 3777 2256 3848 plerique
2285 3777 2505 3833 codices
2530 3787 2692 3833 tuen-

159 3867 250 3930 tur,
277 3861 528 3933 profecto
551 3863 804 3918 collectio
825 3863 1102 3935 quaedam
1125 3864 1504 3936 indicatur(sc.
1533 3864 1753 3921 illarum
1785 3864 2050 3930 omnium,
2078 3881 2221 3937 quae
2248 3867 2413 3920 Petro
2442 3866 2691 3937 cognitae

161 3955 318 4016 erant)
359 3959 414 4006 et
457 3951 874 4021 comparatione
919 3967 1047 4007 cum
1093 3953 1317 4024 reliquis
1363 3953 1660 4022 Scripturis
1692 3953 1773 4021 (ὡς
1814 3952 2012 4014 καὶτὰς
2038 3951 2213 4014 λοιπὰς
2250 3952 2455 4022 γραφάς)
2484 3952 2689 4007 eisdem

161 4039 552 4109 aequiparatur.
580 4041 838 4094 Ceterum
871 4041 1214 4095 S.··loannes
1243 4051 1466 4111 quoque
1503 4040 1800 4107 Evangelio
1848 4055 1949 4094 suc
1978 4057 2080 4095 nos
2123 4039 2312 4106 docet,
2354 4039 2459 4095 tria
2508 4039 2687 4110 priora

163 4121 434 4198 Evangelia
480 4127 536 4181 in
579 4143 744 4182 usum
779 4141 1133 4183 communem
1172 4128 1284 4182 iam
1323 4128 1491 4182 fuisse
1519 4136 1769 4198 recepta,
1798 4137 2101 4199 antequam
2145 4129 2261 4200 ipse
2290 4127 2494 4184 librum
2530 4143 2689 4182 suum

165 4209 356 4280 rdet-en
395 4229 510 4270 non
549 4215 722 4270 semel
769 4215 918 4270 enim
965 4215 1034 4271 ad
1076 4214 1172 4271 illa
1203 4215 1437 4286 ’respicit
1479 4231 1689 4287 suaque
1734 4215 2054 4272 narratione
2102 4232 2319 4272 errores
2361 4231 2687 4286 praecavere

167 4299 276 4362 vult,
307 4301 398 4372 qui
443 4316 508 4357 ex
551 4317 750 4373 parum
796 4301 1045 4376 diligenti
1093 4300 1589 4358 illorum‘lecticne
1618 4302 1820 4358 exoriri
1864 4311 2165 4374 potuerunt
2203 4303 2301 4372 (cl'r
2329 4306 2495 4358 Ioan.
2526 4309 2684 4372 2‚1t;

165 4389 296 4454 ⁴5⁴3
327 4395 456 4456 ³¹²⁴
488 4395 641 4456 etc.).
675 4421 742 4430 —
774 4391 1138 4447 collectiones
1167 4391 1334 4463 igitur
1360 4391 1633 4464 librorum
1662 4391 2095 4467 apostolicorum
2126 4389 2317 4460 primis
2344 4392 2689 4462 temporibus

167 4470 252 4528 iam
275 4467 575 4534 adornatae
601 4486 760 4544 sunt;
792 4477 888 4534 sed
929 4479 1050 4534 iure
1092 4479 1258 4534 etiam
1290 4478 1587 4534 asserimus
1630 4479 1867 4544 nullum·
1896 4479 1951 4533 in
1996 4486 2193 4534 nostro
2232 4494 2445 4534 canone
2492 4478 2684 4535 adesse

167 4556 372 4629 lssirum,
405 4563 498 4634 qui
543 4565 602 4618 in
629 4565 860 4620 alicuius
899 4565 1094 4620 saltem
1143 4557 1406 4620 ecelesiae
1451 4581 1663 4620 canone
1709 4581 1825 4620 non
1868 4564 2050 4621 fuerit.
2084 4566 2301 4620 Etenim
2346 4566 2389 4622 si
2418 4565 2685 4623 Corinthii

170 4645 345 4704 laem.
373 4654 532 4706 Rom.
556 4651 630 4706 ad
652 4653 781 4707 Cor.
806 4658 916 4718 49),
945 4653 1166 4724 Ephesii
1195 4653 1268 4718 (S.
1299 4657 1418 4721 19η.
1447 4652 1519 4708 ad
1550 4652 1691 4724 Eph.
1731 4655 1836 4722 12),
1868 4652 2246 4724 Philippenses
2278 4655 2351 4724 (S.
2382 4653 2580 4722 polyc.
2612 4651 2683 4707 ad
