3050 5184
655 265 730 308 1)ss
773 264 1072 309 LIBRORUM
1115 264 1348 309 SAMUEL
1389 262 1691 307 mvlsmtu:
1729 262 1802 306 ET
1846 261 2011 305 F1N13.
2491 246 2601 303 241

165 399 207 446 1.
237 394 438 449 Domus
459 396 638 451 Saulis
660 396 886 466 punitur
909 394 979 451 ob
1009 395 1178 466 patris
1205 394 1417 450 crimen
1445 398 1739 461 (21‚1-14).

159 487 205 533 2.
238 483 300 535 ln
323 489 557 552 quatuor
575 482 736 539 bellis
761 482 1101 553 philisthaeis
1125 481 1304 538 David
1329 481 1551 553 speciali
1584 482 1689 537 Dei
1712 480 1920 536 auxilio
1950 480 2149 535 fruitus
2177 488 2261 535 est
2286 483 2604 545 (masi-22).

160 573 206 621 3.
235 569 450 625 Cantico
481 579 670 640 petrae
696 572 806 637 (Ps.
841 574 950 637 17.)
981 571 1184 642 gratias
1206 571 1321 642 agit
1349 573 1468 624 Deo
1498 568 1569 625 de
1596 569 1919 625 liberatione
1948 566 2016 623 ab
2043 566 2293 623 hostibus
2321 574 2378 621 et
2404 568 2606 621 aeterni

317 656 500 712 throni
529 658 890 728 promissione
920 662 1204 726 (wa-51).

157 749 202 795 4.
232 744 547 799 Novissimis
570 746 682 799 suis
721 745 900 800 verbis
929 744 1196 816 praedicit
1221 744 1498 813 Messiam‚
1532 760 1632 816 per
1658 758 1828 815 quem
1852 742 2053 799 domus
2080 757 2179 797 sua
2211 749 2497 797 aeternum
2537 741 2607 797 sit

317 840 612 902 regnatura
641 836 897 901 (23,1-7).

157 924 204 971 5.
234 918 524 989 catalogus
549 918 784 976 heroum
810 920 1012 977 iterum
1038 920 1218 977 innuit
1243 920 1482 992 speciale
1519 919 1787 974 auxilium
1819 917 2067 974 divinum
2094 920 2392 986 (23‚8-39).

158 1010 204 1057 6.
232 1006 456 1077 Propter
481 1008 670 1077 populi
695 1022 925 1063 censum
947 1008 1174 1079 punitur
1193 1022 1312 1075 rex,
1343 1006 1442 1063 sed
1473 1006 1779 1075 pestilentia
1803 1006 2049 1061 immissa
2078 1012 2257 1060 cessat
2280 1011 2405 1075 post
2422 1004 2605 1073 poeni-

316 1094 542 1149 tentiam
573 1104 776 1159 actam,
807 1104 863 1151 et
888 1110 986 1151 rex
1016 1093 1186 1151 altare
1225 1095 1458 1151 exstruit
1492 1096 1553 1150 in
1590 1109 1719 1150 area
1755 1098 1979 1149 Areuna
2008 1092 2279 1149 lebusitae
2318 1094 2603 1157 (ΜΛ-25),

317 1181 352 1235 i.
384 1197 435 1236 e.
466 1182 521 1236 in
551 1181 724 1237 suturi
741 1184 932 1255 templi
961 1183 1104 1239 loc0.

169 1332 216 1387 4.
247 1364 320 1374 —
347 1332 553 1391 Simili
601 1333 822 1405 mod0‚
861 1351 1002 1411 quo·
1034 1333 1186 1394 olim
1225 1336 1408 1395 Iosue
1451 1336 1652 1394 Deum
1699 1333 1950 1393 fidelem
1992 1332 2182 1391 fuisse
2222 1330 2499 1390 ostendit
2540 1330 2603 1389 in

105 1430 240 1484 terra
261 1427 630 1505 patriarchis
658 1430 971 1507 promissa
999 1430 1148 1489 filiis
1175 1430 1368 1489 Israel
1395 1430 1627 1503 danda,
1659 1434 1877 1489 auctor
1902 1429 2209 1488 librorum
2240 1426 2495 1487 Samuel
2532 1427 2601 1485 fi-

105 1520 390 1583 delitatem
429 1524 709 1586 divinam
752 1525 1140 1587 demonstrat
1183 1527 1498 1604 descripta
1534 1526 1773 1587 aeterni
1813 1524 2021 1585 throni
2055 1522 2354 1601 promissi
2382 1522 2600 1583 runda-

105 1618 240 1677 lione
265 1624 327 1680 et
364 1622 868 1683 confirmatione.
901 1625 1100 1700 Reges
1133 1624 1302 1683 enim
1333 1640 1411 1683 ex
1440 1623 1682 1683 semine
1726 1621 2037 1683 Abraham
2076 1624 2141 1679 et
2176 1620 2360 1679 Iacob
2396 1619 2599 1679 exori-

105 1718 242 1774 turos
265 1718 568 1779 Dominus
588 1720 965 1796 promiserat
993 1719 1166 1799 (Gen.
1202 1720 1375 1791 17‚6;
1405 1718 1637 1797 35‚11)‚
1672 1723 1857 1796 atque
1885 1718 2077 1778 tribui
2103 1716 2257 1778 Iuda
2277 1719 2595 1794 sceptrum

107 1810 386 1881 pollicitus
411 1818 548 1874 erat
571 1815 956 1892 sempiterno
985 1816 1350 1876 duraturum
1373 1814 1549 1894 (Gen.
1584 1818 1729 1887 49,8
1756 1818 1945 1893 sqq.).

149 1924 326 1996 Neque
350 1926 499 1982 enim
522 1926 581 1982 id
609 1927 712 1983 sibi
731 1930 1080 1999 proposuisse
1105 1938 1388 1984 auctorem
1405 1970 1419 1996 ,
1442 1937 1505 1984 ut
1527 1928 1851 1984 ultimorum
1871 1926 2125 1985 Indicum
2150 1925 2277 1983 Heli
2298 1933 2356 1981 et
2372 1925 2591 1982 Samuel

105 2016 476 2084 primorumque
503 2030 696 2087 regum
722 2015 901 2072 Saulis
929 2024 985 2071 et
1012 2014 1238 2071 Davidis
1263 2032 1353 2072 res
1395 2024 1574 2089 gestas
1596 2022 1811 2071 tantum
1846 2015 2004 2071 nobis
2030 2012 2294 2081 traderet,
2328 2014 2449 2067 luce
2476 2013 2590 2087 cla-

105 2096 184 2153 rius
203 2108 298 2156 est.
330 2100 386 2157 Si
409 2102 567 2157 istius
594 2104 786 2159 aetatis
816 2103 1104 2159 historiam
1136 2102 1378 2160 scribere
1405 2104 1697 2171 voluisset,
1728 2111 1812 2159 tot
1838 2118 1929 2158 res
1956 2103 2171 2158 silentio
2200 2118 2315 2157 non
2340 2108 2587 2171 praeter-

104 2186 316 2258 misisset,
358 2204 503 2260 quae
545 2190 616 2245 ad
661 2190 970 2246 distinctam
1005 2192 1272 2263 temporis
1314 2192 1456 2247 illius
1500 2191 1589 2246 vel
1635 2206 1995 2261 personarum
2040 2190 2259 2245 illarum
2295 2187 2585 2260 imaginem

103 2272 464 2331 effonnandam
491 2278 630 2333 scitu
657 2294 882 2351 prorsus
909 2287 1040 2334 sunt
1064 2280 1433 2346 necessariam
1455 2286 1512 2333 at
1536 2294 1605 2334 ne
1634 2277 1689 2332 id
1720 2277 1941 2349 quidem
1969 2294 2035 2333 ex
2062 2293 2227 2349 opere
2253 2272 2445 2332 nostro
2469 2276 2583 2331 col-

103 2356 305 2431 ligimus,
332 2373 469 2435 quot
507 2363 620 2420 fere
647 2368 806 2421 annis
832 2367 1053 2423 Samuel
1091 2367 1434 2434 iudicaverit,
1459 2364 1589 2422 Saul
1613 2366 1941 2437 regnaverit,
1967 2375 2064 2421 aut
2094 2366 2215 2436 quis
2240 2363 2377 2421 ordo
2406 2366 2477 2419 sit
2502 2381 2583 2419 re-

103 2460 188 2502 rum
211 2450 324 2507 sive
351 2437 422 2507 ab
445 2452 554 2507 illis
591 2453 702 2509 sive
730 2470 760 2509 a
791 2452 1005 2509 Davide
1041 2462 1340 2528 gestarum.
1387 2454 1579 2527 Neque
1623 2462 1809 2509 tamen
1853 2452 2031 2509 fontes
2064 2453 2259 2523 optimi
2287 2461 2342 2507 et
2378 2452 2584 2522 copiosi

101 2538 267 2593 auctori
293 2538 610 2609 defuerunt,
641 2542 735 2612 qui
761 2549 845 2596 tot
871 2543 1112 2597 minutas
1137 2558 1226 2598 res
1254 2541 1669 2614 diligentissime
1706 2541 1969 2596 narravit.
2008 2542 2219 2611 Utpote
2244 2556 2415 2620 safcer
2450 2556 2581 2596 auc-

101 2626 157 2675 tor
176 2625 384 2697 aliquas
410 2626 700 2683 dumtaxat
725 2644 814 2684 res
833 2629 1102 2685 humanas
1129 2629 1335 2699 retulit,
1367 2645 1509 2702 quae
1534 2627 1603 2685 ad
1626 2628 1819 2685 salutis
1840 2628 2221 2683 oeconomiam
2249 2628 2583 2699 pertinentes

102 2707 237 2767 altiori
265 2713 364 2769 lini
400 2714 785 2772 inserviebant.
817 2718 951 2786 Quis
993 2734 1122 2773 vero
1151 2718 1332 2786 altior,
1379 2732 1547 2789 quem
1588 2716 1691 2771 sibi
1728 2716 2030 2786 proposuit,
2062 2714 2183 2771 finis
2228 2714 2409 2783 fuerit,
2438 2715 2581 2769 inte-

101 2808 217 2863 grum
241 2816 383 2872 opus
418 2802 551 2858 satis
590 2804 737 2859 clare
777 2803 1118 2871 manifestat,
1152 2806 1352 2877 quippe
1391 2803 1541 2876 quod
1588 2804 1862 2874 integrum
1899 2802 2015 2859 fere
2060 2811 2188 2874 agat
2229 2803 2299 2858 de
2340 2803 2579 2865 Davide‚

103 2886 230 2947 Primo
259 2906 392 2963 rege
419 2906 484 2945 ex
515 2890 664 2947 tribu
697 2890 852 2955 luda,
875 2891 1133 2947 divinitus
1152 2900 1376 2956 vocato,
1409 2899 1757 2963 praeparato,
1786 2891 1846 2945 in
1873 2888 2139 2945 thronum
2168 2890 2378 2945 elevato
2406 2890 2465 2945 in
2492 2906 2580 2945 eo-

101 2968 288 3048 demque
317 2976 676 3046 confirmato;
705 2978 774 3035 de
801 2977 1012 3035 Davide
1041 2980 1188 3035 enim
1225 2992 1338 3035 non
1375 2987 1595 3034 tantum
1624 2978 1803 3033 maior
1832 2976 2031 3047 prioris
2060 2976 2183 3031 libri
2207 2992 2335 3048 pars
2364 2977 2429 3049 (1.
2470 2983 2581 3033 16.-

102 3060 170 3125 ³¹·)
189 3074 243 3120 et
269 3066 482 3138 integer
504 3065 778 3121 secundus
796 3068 892 3133 (11.
927 3072 1078 3133 1-24)
1101 3066 1304 3121 diserte
1333 3074 1523 3139 agunt,
1551 3065 1650 3121 sed
1678 3063 1749 3121 ad
1776 3080 1907 3121 eum
1925 3065 2019 3119 illa
2041 3079 2262 3136 quoque
2284 3066 2575 3137 pertinent,

102 3160 192 3213 qnae
217 3153 286 3208 de
313 3154 574 3209 Samuele
601 3162 655 3209 et
676 3154 838 3210 Saule
867 3152 1187 3223 traduntur3
1219 3170 1350 3209 nam
1377 3152 1647 3209 Samuelis
1670 3153 1970 3209 ministerio
2002 3153 2265 3224 populuS‚
2291 3160 2355 3208 ut
2382 3152 2582 3225 dignus

102 3233 224 3309 lieret,
256 3242 349 3313 qui
376 3249 606 3297 aeterno
633 3251 848 3312 sceptro
871 3250 1175 3314 regeretur,
1207 3250 1290 3297 est
1315 3250 1677 3313 praeparatus
1704 3250 1759 3296 et
1779 3241 2015 3297 thronus
2044 3239 2270 3296 Davidis
2295 3240 2576 3306 fundatuS,

99 3318 224 3382 Saulis
249 3338 437 3383 autem
461 3328 686 3384 historia
716 3328 898 3396 docet,
923 3346 1033 3385 non
1064 3345 1094 3385 a
1123 3346 1252 3402 rege
1283 3330 1695 3401 qualicumque,
1724 3327 1824 3384 sed
1852 3345 1885 3384 a
1909 3344 2059 3401 rege,
2088 3328 2182 3400 qui
2210 3329 2282 3384 sit
2325 3349 2350 3379 α
2378 3344 2579 3385 secun-

101 3404 184 3465 dum
206 3430 303 3470 cor
339 3417 442 3471 Dei
473 3438 524 3485 n,
559 3417 884 3487 promissum
913 3425 1194 3485 sceptrum
1233 3432 1391 3487 posse
1432 3416 1651 3471 initium
1678 3416 1904 3473 habere.
1945 3414 2125 3472 Cardo
2155 3416 2383 3472 demum
2410 3417 2581 3474 totius

99 3500 224 3561 ⁰{leris
260 3502 426 3558 estin
455 3505 666 3558 aeterni
701 3502 890 3559 throni
929 3504 1287 3575 promissione
1332 3503 1538 3559 Davidi
1578 3503 1723 3560 facta
1769 3506 1862 3571 (11.
1906 3505 2178 3575 7,11-16)‚
2219 3520 2387 3576 quam
2416 3520 2580 3561 exor-

100 3577 197 3641 dium
225 3589 402 3645 innuit
425 3590 493 3657 (Ι.
527 3593 676 3659 2,10)
709 3598 766 3646 et
788 3590 1036 3663 epilogus
1063 3591 1356 3647 confirmat
1385 3592 1482 3658 (ΙΙ.
1510 3597 1702 3661 22,51;
1734 3597 1971 3658 23,3-5).
2004 3595 2201 3663 Itaque
2226 3592 2346 3649 iure
2378 3593 2577 3649 merito

100 3768 354 3824 coniirnicnt.
407 3776 599 3824 Revera
651 3779 950 3839 argumento
1001 3788 1093 3825 suo
1145 3775 1320 3825 intime
1369 3775 1642 3826 cohaerent
1685 3775 1989 3839 philisthaea
2034 3776 2166 3828 bella
2216 3776 2481 3841 (2l,15-22)
2526 3782 2577 3827 et

100 3846 296 3916 catalogus
335 3852 550 3904 heroum
579 3854 826 3917 (23,8-39)‚
862 3852 1114 3918 siquidem
1141 3852 1448 3912 ostendunt,
1478 3854 1734 3918 quomodo
1762 3858 1897 3905 Deus
1929 3856 2120 3918 magnis
2157 3856 2285 3905 viris
2320 3857 2577 3906 suscitatis

101 3918 282 3981 Davidem
309 3931 518 3995 speciali
542 3932 693 3983 modo
715 3931 967 3982 adiuverit
989 3935 1040 3982 et
1070 3932 1132 3983 ab
1161 3932 1394 3983 hostibus
1417 3931 1729 3984 liberaverit.
1756 3938 1919 3997 Atque
1943 3934 2107 3997 prima
2130 3948 2335 3999 quoque
2357 3940 2410 3983 et
2432 3938 2573 3984 sexta

101 4008 330 4062 ”iumento
358 4012 483 4061 sunt
503 4010 726 4073 vicinae3
755 4011 821 4062 de
847 4025 1010 4075 poena
1033 4011 1168 4061 euim
1199 4013 1404 4075 propter
1431 4016 1693 4076 peccatum
1728 4012 1918 4061 inllicta
1954 4018 2136 4075 agunt3
2166 4012 2289 4075 quia
2316 4013 2437 4062 Saul
2464 4014 2571 4076 ipse

103 4086 228 4138 leot-iti
255 4090 623 4155 poenitentiam
651 4104 756 4142 nou
785 4091 912 4155 egit,
938 4090 1122 4141 domus
1151 4090 1260 4141 eius
1287 4090 1440 4155 periit
1467 4092 1725 4155 (21,1·15);
1752 4091 1916 4140 David
1944 4096 2116 4141 autem
2142 4090 2455 4155 poenitentia
2482 4106 2571 4141 sua

102 4162 234 4219 *eniam
255 4169 452 4235 peccati
477 4170 678 4222 invenit
699 4170 898 4236 sibique
923 4172 977 4222 et
999 4170 1176 4221 domui
1203 4184 1324 4221 suae
1345 4173 1508 4219 Deum
1535 4169 1883 4220 reconciliavit
1908 4170 2167 4234 (MA-25).
2200 4168 2389 4219 Eadem
2415 4168 2571 4233 igitur

100 4244 314 4309 ⁰Ppositi0,
343 4250 556 4315 quaein
577 4252 686 4300 toto
717 4263 866 4314 opere
895 4250 1029 4300 inter
1061 4248 1266 4301 Saulem
1296 4246 1361 4297 ob
1383 4247 1783 4299 inobedientiam
1812 4248 2139 4312 reprobatum
2174 4252 2221 4298 et
2252 4247 2387 4298 inter
2414 4250 2566 4298 Davi-

102 4310 176 4368 dem
192 4332 379 4393 propter
399 4328 740 4379 obedientiam
766 4331 1054 4378 assumtum
1080 4326 1405 4393 conspicitur,
1433 4327 1587 4377 etiam
1622 4328 1882 4391 pericopas
1910 4327 2091 4389 epilogi
2120 4326 2183 4377 ad
2212 4328 2459 4378 unitatem
2485 4341 2565 4378 re-

103 4388 196 4455 digit,
223 4408 272 4457 ln
309 4408 474 4471 prima
508 4410 562 4457 et
589 4408 771 4457 ultima
795 4406 1089 4457 indicantur
1113 4406 1353 4466 virtutes,
1385 4419 1518 4470 quae
1552 4406 1799 4457 Davidem
1838 4406 2096 4455 beneficiis
2132 4404 2324 4455 divinis
2356 4406 2563 4470 dignum

107 4472 386 4559 '‘ididemnn
414 4486 472 4536 in
510 4486 735 4536 semnda
769 4490 821 4536 et
841 4474 1162 4549 paenultima
1196 4484 1555 4535 describuntur
1594 4485 1787 4533 minora
1818 4484 2063 4535 beneficia
2100 4498 2233 4548 quae
2272 4485 2483 4551 accepit,
2514 4490 2566 4537 et

103 4552 227 4609 ‘imbus
246 4562 368 4616 bene
391 4578 524 4617 nsua
551 4564 614 4617 ad
643 4564 844 4627 altiora,
873 4563 939 4614 ad
961 4565 1154 4616 aeterni
1183 4563 1358 4615 throni
1386 4563 1796 4629 promissionem,
1823 4563 2007 4614 adduci
2032 4563 2233 4614 meruit.

791 4654 1045 4703 Gonnum
1079 4654 1352 4704 Coxmn.
1383 4654 1606 4701 Ina-uon.
1636 4678 1699 4689 -
1732 4656 1805 4700 16.
