3050 5184
417 311 492 372 46
532 327 811 373 HISTORIA
852 329 1100 376 GANONIS
1138 329 1472 382 U'rmusouss
1513 329 1911 376 TESTAMENTI.
1955 347 2035 358 -
2076 327 2209 372 CAP-
2259 327 2358 371 111.
2404 323 2535 369 CAN.
2580 321 2731 366 uovl
2772 317 2935 363 TEST.
3019 343 3020 348 =

320 491 328 513 ι
416 458 564 515 aliud
592 475 729 530 esse,
767 464 824 518 S.
855 463 1088 519 Paulum
1123 462 1198 519 ad
1224 461 1451 520 Laodic.
1480 464 1790 534 scripsisse,
1816 461 1987 532 aliud,
2020 460 2312 532 epistolam
2338 458 2440 515 sub
2482 457 2644 512 titulo
2666 452 2787 510 hoc
2815 447 2943 506 olim

417 547 524 604 iam
547 547 827 620 vulgatam
853 549 950 607 sed
977 551 1046 608 ab
1075 550 1332 606 omnibus
1360 551 1644 623 explosam
1670 550 1970 623 genuinum
1996 549 2249 623 Apostoli
2271 563 2409 618 opus
2437 561 2574 602 esse.
2602 543 2805 614 Neque
2824 552 2945 594 con·
3019 611 3020 618 ἵ

414 650 636 692 sensum
663 652 1014 696 commun-em
1039 639 1406 696 turbaverunt
1431 638 1829 707 dubitationes,
1862 653 2001 710 quas
2025 637 2195 710 aliqui
2222 652 2291 692 ex
2313 636 2369 692 S.
2408 629 2737 714 Hieronymi
2764 625 2944 699 operi-

417 722 518 778 bus
542 726 1022 798 transcripserunt,
1065 726 1328 799 quoniam
1355 729 1410 784 S.
1453 729 1754 784 Ductorem
1781 726 1963 798 ipsum
1999 741 2094 782 eas
2120 724 2389 797 sprevisse
2418 719 2778 794 perspicuum
2811 721 2945 770 erat·

495 903 553 962 3.
577 933 656 944 —-
675 904 754 963 At
768 907 1103 982 postquam
1121 904 1178 964 E
1179 908 1432 984 ingenius
1449 905 1484 964 1
1497 903 1585 982 V.‚
1612 905 2001 982 approbante
2028 905 2206 964 Cone.
2229 901 2595 970 Florentiae,
2613 895 2946 970 antiquum

417 1013 716 1058 canonem
745 999 974 1060 iterum
1008 1005 1298 1063 sanxerat
1325 1001 1527 1081 (Decr.
1560 1001 1777 1062 union.
1808 1017 1955 1062 cum
1992 997 2306 1079 Iacobit.),
2341 1010 2683 1058 consensus
2712 988 2945 1052 turbari

415 1099 675 1171 coeptus
701 1101 815 1156 est.
841 1097 1164 1158 Caietanus
1195 1099 1366 1158 enim
1393 1097 1671 1177 quinque
1698 1097 1997 1176 epistolas
2026 1095 2129 1177 (ad
2164 1095 2350 1157 Hebr.
2374 1139 2389 1166 ,
2412 1094 2532 1154 Iac.
2553 1137 2569 1167 ‚
2592 1092 2653 1150 2.
2679 1091 2721 1150 3
2752 1089 2945 1150 loan..

417 1189 626 1270 Iudae)
657 1209 783 1252 non
809 1196 1018 1255 tantae
1054 1211 1192 1256 esse
1237 1195 1626 1257 auctoritatis
1660 1211 1798 1256 esse
1830 1194 2129 1267 asseruit,
2160 1198 2233 1254 ut
2266 1193 2517 1252 firmum
2552 1187 2744 1263 exiis
2778 1200 2951 1260 argu-

417 1291 700 1348 mentum
731 1288 959 1350 deduci
991 1290 1210 1368 possit,
1243 1296 1430 1369 atque
1462 1292 1629 1351 circa
1653 1290 1826 1351 idem
1851 1283 2099 1368 tempus
2120 1287 2825 1350 Pseudoreformatores
2844 1279 2949 1340 du-

418 1382 753 1446 bitationes
776 1385 853 1445 de
872 1385 1049 1447 libris
1075 1387 1230 1448 olim
1245 1405 1372 1448 non
1399 1388 1633 1466 ubique
1651 1386 1924 1465 receptis
1942 1391 2344 1446 renovarunt.
2370 1385 2570 1454 Quare
2608 1379 2953 1442 Tridentini

419 1479 634 1542 Patres
652 1473 774 1543 'sub
805 1484 1217 1544 anathematis
1248 1501 1452 1562 poena
1480 1489 1738 1545 cunctos
1767 1484 1965 1544 libros
1994 1483 2141 1542 inde
2166 1501 2203 1542 a
2230 1498 2393 1542 saec.
2424 1484 2485 1540 4.
2520 1480 2647 1540 iam
2679 1472 2949 1537 decretis

415 1577 841 1640 conciliorum
868 1584 928 1641 et
953 1581 1360 1642 Summorum
1391 1583 1768 1642 Pontificum
1798 1581 2041 1659 agnitos
2066 1597 2179 1657 pro
2206 1578 2398 1640 sacris
2429 1581 2493 1639 et
2516 1573 2848 1636 canonicis
2864 1587 2949 1631 re-
3019 1639 3020 1652 χ

413 1673 742 1752 cipiendos
773 1675 1185 1738 decreverunt
1209 1676 1400 1757 (SesS.
1425 1680 1521 1739 lv.
1555 1678 1632 1739 de
1665 1677 1987 1739 Canonicis
2013 1675 2238 1755 libris).

491 1801 812 1854 caietanus
840 1798 974 1854 alias
1001 1800 1270 1869 rationes,
1304 1817 1404 1857 cur
1426 1801 1669 1873 quinque
1696 1800 1805 1856 illis
1832 1799 1985 1856 libris
2017 1799 2199 1854 minor
2226 1795 2575 1854 attribuenda
2604 1796 2679 1849 sit
2709 1791 2947 1849 auctori·
3019 1851 3020 1858 ἵ

415 1894 526 1954 ωε,
555 1901 671 1940 non
698 1887 882 1942 attulit
906 1887 1012 1942 nisi
1049 1889 1350 1944 sententias
1375 1889 1526 1956 illae,
1562 1903 1699 1960 quas
1722 1888 1790 1943 de
1818 1888 2053 1944 istorum
2084 1885 2352 1942 librorum
2382 1882 2704 1940 auctoribus
2734 1882 2793 1937 S.
2824 1880 2949 1936 Hie-

417 1988 681 2044 ronymus
716 1975 988 2031 historice
1027 1977 1308 2032 retulerat.
1347 1997 1372 2028 α
1413 1979 1482 2032 Et
1522 1977 1787 2050 quoniam
1826 1975 2253 2048 Hieronymum,
2284 1973 2493 2045 inquit,
2538 1971 2723 2027 sortiti
2767 1981 2949 2024 sumus

415 2061 692 2134 regulam,
740 2079 812 2118 ne
856 2078 1106 2120 erremus
1150 2064 1222 2120 in‘
1256 2063 1584 2120 discretione
1632 2063 1903 2120 librorum
1947 2063 2337 2118 canonicorum
2354 2103 2367 2129 ,
2414 2061 2539 2116 ideo
2585 2057 2763 2116 dubio
2811 2053 2949 2127 apud

414 2150 818 2223 Hieronymum
839 2159 1068 2207 auctore
1097 2150 1257 2207 huius
1282 2153 1543 2224 epistolae
1572 2152 1667 2220 (ad
1693 2151 1885 2221 Hebr.)
1913 2151 2227 2218 exsistente,
2258 2147 2425 2206 dubia
2453 2163 2677 2221 quoque
2704 2144 2949 2202 redditur

412 2237 674 2310 epistola3
708 2239 970 2310 quoniam
995 2239 1102 2296 nisi
1125 2240 1197 2295 sit
1224 2240 1405 2308 Pauli,
1439 2255 1553 2296 non
1582 2240 1934 2311 perspicuum
1970 2247 2054 2295 est
2084 2239 2404 2294 canonicam
2441 2251 2578 2293 esse.
2614 2235 2747 2304 Quo
2780 2234 2869 2298 fit,
2894 2239 2948 2284 ut

415 2341 485 2380 ex
517 2327 634 2383 sola
668 2326 834 2382 huius
865 2328 1130 2398 epistolae
1159 2329 1489 2384 auctoritate
1524 2344 1638 2384 non
1674 2329 1872 2399 possit,
1904 2327 1949 2384 si
1977 2325 2128 2399 quod
2161 2325 2391 2382 dubium
2422 2326 2479 2381 in
2506 2323 2617 2380 fide
2646 2322 2941 2382 accideret,
3019 2369 3020 2376 ,

417 2414 770 2471 determinari
805 2436 855 2470 2».
893 2415 1103 2472 Similia
1137 2416 1304 2472 tradit
1341 2415 1412 2472 de
1439 2415 1559 2472 aliis
1598 2425 1835 2488 quatuor
1868 2416 2140 2487 epistolis;
2172 2413 2268 2470 sed
2308 2413 2657 2485 perspicuum
2686 2420 2804 2478 est,
2832 2421 2947 2465 eum
3019 2437 3020 2440 =

419 2517 518 2558 nec
553 2504 609 2559 S.
641 2503 963 2577 Hieronymi
1001 2505 1331 2560 sententiam
1368 2520 1471 2560 nec
1499 2507 1557 2561 S.
1592 2505 1868 2560 Ecclesiae
1904 2505 1961 2558 in
1989 2501 2301 2558 deliniendo
2329 2517 2539 2558 canone
2568 2500 2945 2558 auctoritatem

413 2589 548 2647 satis
569 2591 917 2647 intellexisse.
945 2591 1129 2660 Quare
1151 2591 1316 2648 etiam
1339 2592 1398 2647 in
1422 2591 1666 2650 Concilio
1690 2591 2032 2658 Tridentino,
2057 2589 2278 2661 quando
2297 2588 2367 2646 de
2390 2587 2726 2646 stabiliendo
2749 2599 2945 2644 canone
3019 2641 3020 2648 χ

416 2680 473 2733 in
501 2679 1018 2752 congregationibus
1044 2679 1466 2752 particularibus
1494 2689 1551 2736 et
1579 2680 1924 2752 generalibus
1952 2678 2237 2753 agebatur,
2263 2694 2335 2734 ne
2362 2693 2506 2733 unus
2531 2675 2764 2749 quidem
2790 2687 2947 2730 novas

413 2767 546 2823 istas
569 2769 868 2824 sententias
895 2766 1169 2836 defendit;
1203 2768 1272 2825 ab
1299 2783 1366 2824 eo
1395 2777 1582 2824 autem
1604 2775 1875 2840 tempore,
1905 2767 2010 2822 etsi
2038 2767 2107 2822 cle
2132 2766 2400 2836 epistolae
2429 2764 2501 2822 ad
2526 2764 2707 2821 Hebr.
2736 2772 2945 2821 auctore

415 2857 504 2912 vel
540 2856 722 2928 potius
751 2858 1038 2930 scriptore
1080 2857 1247 2913 etiam
1285 2855 1450 2912 hodie
1487 2858 1673 2912 variae
1716 2856 2018 2912 sententiae
2057 2862 2367 2920 teneantur,
2412 2853 2480 2910 de
2527 2854 2783 2909 omnium
2818 2849 2948 2909 Novi

415 2948 568 3000 Test.
601 2944 902 3014 librorum,
933 2961 1072 3016 quos
1099 2943 1433 3000 tridentinus
1455 2945 1739 3016 catalogus
1768 2951 2081 3012 enumerat,
2112 2941 2293 2998 divina
2322 2942 2677 3012 inspiratione
2705 2951 2765 2999 et
2790 2955 2943 2996 cano·
3019 2977 3020 2980 η

417 3033 639 3088 nicitate
674 3050 707 3087 a
747 3032 901 3088 nullo
939 3031 1212 3088 catholico
1253 3032 1553 3103 interprete
1592 3029 1909 3088 dubitatum
1948 3039 2067 3099 est;,
2106 3029 2177 3087 de
2217 3030 2625 3102 protestanticis
2670 3025 2945 3087 sententiis

413 3120 602 3176 statim
626 3118 891 3176 dicemus.
2194 3139 2205 3150 ·

499 3291 558 3346 4.
591 3319 669 3329 —-
692 3289 760 3347 ln
790 3288 1066 3348 Oarnurr:
1095 3303 1222 3346 non
1251 3291 1382 3346 tam
1411 3287 1536 3347 cito
1562 3287 1915 3365 composita
1943 3291 2041 3348 est
2066 3287 2521 3359 controversia,
2554 3288 2666 3349 sed
2700 3304 2857 3350 saec.
2887 3288 2937 3344 4.

421 3385 487 3443 in
514 3384 704 3443 variis
732 3381 1016 3444 ecclesiis
1046 3383 1251 3442 variae
1279 3382 1679 3444 collectiones
1710 3383 2189 3445 adhibebantur.
2222 3383 2635 3460 Alexandria,
2684 3387 2941 3465 Cyprus,

421 3482 601 3559 Syria
638 3479 953 3542 orientalis
994 3480 1378 3557 completum
1413 3480 1835 3558 possederunt
1867 3497 2197 3554 canonem;
2232 3481 2583 3542 Palaestina
2612 3487 2677 3543 et
2712 3485 2939 3560 Cappa-

421 3581 595 3638 docia
619 3577 1044 3655 Apocalypsin
1077 3577 1141 3636 in
1171 3575 1300 3636 suis
1331 3577 1635 3654 catalogis
1660 3594 1785 3637 non
1824 3578 2095 3655 amplius
2126 3582 2605 3651 enumerarunt3
2642 3576 2943 3640 Antiochia

423 3670 670 3752 praeter
697 3673 871 3734 illam
911 3673 1100 3734 etiam
1131 3673 1345 3732 omisit
1373 3678 1641 3749 quatuor
1676 3672 1954 3732 minores
1984 3673 2280 3750 epistolas
2308 3675 2645 3738 catholicas
2677 3676 2740 3756 (2
2762 3676 2937 3740 Petr„

424 3775 481 3831 2.
516 3773 552 3830 3
593 3771 796 3839 Ioan.,
838 3768 1088 3847 Iudae),
1125 3785 1362 3846 suoque
1413 3768 1701 3845 exemplo
1746 3767 1931 3846 Syros
1970 3768 2305 3830 orientales
2349 3771 2429 3834 ad
2467 3772 2731 3834 eosdem
2766 3771 2941 3831 libros

423 3866 807 3928 omittendos
844 3866 1123 3926 adduxit.
1153 3865 1430 3926 Saeculis
1473 3869 1687 3925 tamen
1736 3865 2212 3942 insequentibus
2241 3867 2442 3928 maior
2463 3869 2632 3929 inter
2660 3887 2765 3931 eas
2806 3881 2939 3927 con-

425 3964 640 4026 cordia
665 3963 942 4024 stabilita
981 3968 1104 4037 est;
1141 3963 1268 4022 iam
1299 3967 1640 4038 antequam
1675 3959 1857 4022 Cone.
1899 3961 2249 4022 Trullanum
2290 3965 2647 4043 catalogum
2682 3961 2940 4044 synodo-

425 4079 564 4123 rum
592 4061 1006 4122 africanarum
1035 4058 1436 4137 approbavit,
1469 4059 1535 4118 in
1564 4062 1699 4118 toto
1740 4057 1865 4118 fere
1908 4058 2161 4118 Oriente
2199 4075 2419 4120 omnes
2462 4063 2761 4123 ecclesiae
2792 4073 2940 4119 com-

425 4161 664 4238 pletum
685 4173 991 4218 canonem
1012 4156 1422 4228 admiserant;
1449 4152 1513 4215 id
1537 4155 1706 4214 enim
1726 4158 1984 4232 apparet
2009 4173 2084 4215 cx
2109 4155 2654 4220 schismaticorum
2676 4155 2939 4220 omnium

424 4256 753 4334 catalogiS,
789 4271 932 4314 nam
965 4253 1082 4315 soli
1113 4251 1463 4314 Nestoriani
1495 4253 1853 4312 mutilatum
1880 4267 2187 4312 canonem
2218 4252 2521 4315 ecclesiae
2550 4253 2936 4317 antiochenae

425 4353 716 4412 retinent.

493 4473 768 4529 Ecclesiae
803 4471 1192 4530 alexandrinae
1228 4483 1498 4526 canonem
1536 4468 1593 4524 S.
1634 4467 2013 4524 Athanasius
2054 4471 2170 4541 (Ep.
2204 4471 2327 4528 lest.
2360 4479 2447 4540 39)
2476 4489 2581 4530 nos
2618 4472 2777 4530 docet
2811 4469 2937 4524 inter

430 4583 454 4613 α
479 4561 672 4617 salutis
696 4561 875 4616 sontes
895 4581 922 4612 n
943 4559 1231 4616 recensitis
1249 4557 1507 4614 omnibus
1534 4565 1591 4612 et
1616 4557 1749 4614 solis
1772 4556 2025 4614 hodierni
2052 4559 2225 4616 nostri
2246 4562 2477 4618 canonis
2502 4561 2690 4632 libris,
2716 4570 2847 4633 quos
2870 4552 2937 4607 iu·

423 4650 606 4707 niores
635 4663 856 4720 quoque
884 4649 1075 4704 Patres
1101 4645 1444 4704 alexandrini
1467 4645 1747 4702 constanti
1772 4659 1875 4702 suo
1898 4659 2002 4702 usu
2030 4645 2427 4717 approbarunt.
2460 4649 2754 4724 cyprensis
2778 4641 2933 4702 eccle·
