3050 5184
433 265 551 324 624
1515 277 1897 322 arel-:umens

433 411 760 467 auctoritate
788 409 975 466 omnia
1006 409 1111 466 alia
1158 411 1361 480 scripta
1400 409 1567 482 longe
1613 418 1957 481 superarent.
2005 410 2229 467 Latiore
2265 409 2492 482 quidem
2533 427 2688 467 sensu
2723 415 2924 468 ratione

433 499 773 572 arqumentz‘
801 499 886 554 sui
912 497 1055 554 liber
1082 497 1282 569 aliquis
1309 497 1424 552 sola
1454 497 1698 554 humana
1725 496 1994 554 industria
2025 507 2282 554 exaratus
2309 499 2572 571 appellari
2601 509 2776 571 posset
2797 517 2925 556 sacer

432 594 489 653 et
514 588 839 656 canonicus,
863 586 1063 642 sicum
1082 585 1325 641 divinam
1342 584 1743 642 revelationem
1764 587 1883 641 sine
1909 586 2076 642 ullius
2099 586 2303 642 erroris
2325 587 2658 644 admixtione
2679 589 2923 644 continere

434 673 720 730 infallibile
761 675 1043 730 Ecclesiae
1086 672 1467 745 magisterium
1507 681 1605 728 aut
1631 675 1785 728 Dcus
1813 689 1914 744 per
1953 689 2012 729 se
2052 673 2171 744 ipse
2217 682 2545 744 testaretur3
2575 684 2736 748 atque
2775 675 2922 731 eidem

432 761 573 818 libro
602 762 771 818 etiam
800 763 1037 819 ratione
1080 761 1320 834 oriqt'm's
1364 769 1516 817 certo
1565 777 1728 816 sensu
1775 777 1981 817 nomen
2009 763 2152 818 sacri
2189 772 2245 818 et
2284 764 2537 820 canonici
2571 763 2865 829 deberetur,
2889 765 2922 816 si

433 850 678 907 humana
702 851 973 907 industria
1002 851 1079 906 ita
1109 857 1253 906 esset
1292 858 1580 918 exaratuS,
1614 857 1676 904 ut
1708 849 1872 905 simul
1900 849 2136 922 Spiritus
2165 851 2221 906 S.
2252 852 2656 924 supranaturali
2693 867 2786 907 sua
2817 853 2922 906 assi·

430 939 630 994 stentia
658 953 881 994 omnem
910 939 1193 1010 scriptoris
1217 953 1466 993 errorem
1497 938 1891 1008 praecavisset;
1927 947 1988 994 at
2009 939 2286 995 strictiore
2313 947 2370 994 ct
2399 955 2528 995 vere
2549 941 2770 1012 proprio
2795 955 2922 996 seusu

430 1025 579 1082 idem
607 1027 745 1082 liber
771 1042 927 1082 sacer
966 1034 1024 1082 et
1054 1027 1351 1082 canonicus
1380 1041 1560 1096 quum
1597 1025 1934 1099 arqumentt'
1962 1031 2088 1082 tum
2123 1029 2376 1100 oriqinis
2405 1029 2632 1084 ratione
2659 1028 2926 1100 appelletur

430 1119 675 1184 oportet,
708 1115 755 1170 si
794 1116 909 1186 ipse
940 1116 1089 1170 Deus
1126 1122 1211 1170 est
1243 1114 1362 1170 eius
1394 1122 1593 1171 auctor
1627 1115 1911 1185 princepS,
1945 1113 2114 1170 homo
2145 1122 2335 1171 autem
2375 1117 2434 1170 in
2463 1131 2530 1171 eo
2568 1115 2925 1171 conscribendo

429 1217 542 1257 non
574 1202 674 1258 suit
700 1203 808 1259 nisi
836 1203 942 1258 Dei
978 1202 1250 1270 minister,
1284 1202 1381 1274 qui
1408 1217 1439 1256 a
1468 1201 1674 1274 Spiritu
1709 1204 1765 1258 S.
1795 1204 2202 1272 supranaturali
2241 1202 2411 1259 modo
2451 1203 2527 1259 ita
2557 1203 2862 1260 mivebatur
2883 1213 2924 1258 et

429 1289 787 1362 dirigebatur,
828 1299 893 1346 ut
916 1307 979 1347 ea
1008 1291 1124 1346 sola
1168 1298 1223 1346 et
1252 1291 1436 1346 omnia
1480 1290 1651 1346 literis
1692 1289 2011 1361 mandaret,
2041 1307 2185 1362 quae
2222 1293 2375 1348 Deus
2403 1293 2461 1348 in
2488 1291 2595 1348 isto
2636 1292 2772 1347 libro
2797 1291 2922 1348 scribi

434 1379 621 1434 voluit.
648 1381 900 1435 Iamvero
920 1378 1191 1434 strictiore
1220 1386 1278 1434 et
1301 1379 1664 1434 eminentiore
1687 1379 1795 1434 hoc
1817 1394 1981 1434 sensu
2004 1380 2317 1451 Scripturas
2345 1380 2560 1436 Veteris
2579 1388 2636 1436 et
2659 1381 2793 1437 Novi
2806 1383 2920 1436 Test.

428 1469 620 1522 Patres
651 1467 903 1523 Vaticani
930 1466 1286 1530 declararunt
1314 1481 1499 1522 sacras
1529 1474 1586 1522 et
1617 1467 1934 1534 canonicas,
1977 1475 2144 1538 atque
2184 1468 2340 1524 iuxta
2367 1483 2561 1524 eorum
2593 1467 2922 1524 definitionem

430 1571 489 1611 re
516 1555 665 1612 idem
696 1565 806 1623 est,
834 1556 881 1610 si
910 1554 980 1611 de
1009 1555 1305 1626 Scripturis
1343 1555 1544 1627 agitur,
1589 1554 1795 1610 librum
1823 1571 1942 1611 esse
1978 1571 2202 1612 sacrum
2229 1564 2286 1611 et
2317 1556 2678 1624 canonicum,
2709 1566 2800 1612 aut
2827 1571 2924 1612 eum

429 1642 634 1700 habere
662 1645 845 1698 Deum
868 1651 1155 1698 auctorem
1173 1685 1188 1711 ‚
1216 1651 1313 1697 aut
1336 1657 1465 1698 eum
1492 1641 1702 1713 Spiritu
1730 1644 1786 1698 S.
1813 1643 2117 1714 inspirante
2145 1659 2265 1700 esse
2285 1644 2691 1715 conscriptum,
2722 1653 2809 1700 aut
2827 1659 2924 1699 eum

429 1731 689 1787 divinitus
714 1732 1047 1801 inspiratum
1070 1746 1209 1786 esse.

507 1885 565 1942 2.
599 1915 677 1926 —
711 1881 1101 1958 Priusquam,
1120 1884 1329 1942 autem
1368 1879 1648 1942 divinam
1690 1881 1864 1941 illam
1893 1883 2238 1957 actionem,
2268 1901 2389 1961 qua
2409 1885 2678 1946 efficitur
2711 1889 2776 1946 ut
2797 1884 2926 1943 liber

426 1979 657 2056 aliquis
684 1995 854 2038 sacer
879 1983 943 2038 et
970 1978 1307 2038 canonicus
1334 1979 1667 2050 exoriatur,
1704 1979 1746 2037 i.
1783 1995 1838 2039 e.
1874 1977 2148 2039 divinam
2181 1980 2687 2058 inspirationem,
2715 1997 2924 2042 accura-

426 2077 556 2138 tius
586 2077 1002 2153 explicemuS,
1034 2079 1401 2153 argumenta
1436 2075 1718 2135 indicare
1761 2074 2018 2149 iuverit,
2053 2078 2288 2153 quibus
2327 2079 2526 2138 Deum
2567 2095 2704 2140 esse
2741 2083 2922 2139 aucto-

426 2192 563 2234 rem
601 2173 909 2234 librorum
942 2173 1013 2233 V.
1059 2175 1122 2232 et
1156 2174 1231 2232 N.
1272 2171 1437 2232 Test.
1483 2171 1987 2247 demonstratum
2041 2173 2269 2234 inillis
2311 2175 2485 2236 enim
2530 2175 2784 2247 moduS,
2830 2191 2926 2252 quo

427 2272 591 2330 Deus
617 2272 711 2330 est
741 2286 961 2329 eorum
994 2273 1231 2342 auctor,
1261 2269 1388 2328 iam
1421 2267 1728 2328 innuitur.

498 2449 573 2511 1.)
610 2445 707 2500 Ad
748 2443 933 2498 libros
982 2448 1111 2499 Vct.
1158 2447 1306 2500 Test.
1349 2439 1499 2515 quod
1543 2443 1769 2511 attinet,
1803 2445 1946 2500 inter
1972 2460 2165 2500 omnes
2211 2455 2455 2516 constat,
2505 2449 2712 2506 Christi
2738 2447 2924 2506 Domini

424 2542 603 2590 aetate
632 2532 1012 2588 collectionem
1049 2533 1331 2603 quandam
1374 2531 1644 2587 librorum
1682 2533 2041 2604 antiquorum
2087 2533 2234 2605 apud
2273 2551 2618 2609 synagogam
2661 2539 2920 2600 exstitisse,

423 2621 654 2694 quibus,
686 2621 938 2693 quamvis
966 2620 1035 2677 ab
1076 2620 1390 2676 hominibus
1432 2629 1615 2675 essent
1641 2622 1966 2693 conscripti,
2003 2638 2130 2678 vere
2167 2621 2352 2679 divina
2382 2631 2570 2680 tamen
2603 2627 2758 2698 origo
2795 2624 2920 2681 attri-

422 2709 693 2766 buebatur
740 2707 977 2780 ideoque
1021 2724 1250 2779 prorsus
1296 2708 1591 2779 singularis
1635 2707 1876 2780 dignitas
1922 2725 1988 2764 ac
2039 2708 2176 2766 fides
2217 2713 2371 2767 omni
2411 2715 2737 2784 exceptione
2777 2712 2921 2768 maior

420 2805 735 2869 competere
760 2795 829 2851 ab
848 2795 1108 2852 omnibus
1140 2793 1354 2852 Iudaeis
1377 2795 1710 2852 credebatur
1741 2795 1842 2867 (cl'r
1866 2811 2050 2869 supra
2076 2814 2130 2869 p.
2168 2803 2266 2867 153
2303 2815 2382 2855 m.
2413 2801 2645 2857 latr-od.
2683 2817 2855 2874 ρεπεν.
2877 2817 2917 2870 p.

418 2891 487 2941 40
510 2889 678 2957 sqq).
711 2883 879 2956 Atqui
908 2893 1126 2940 tantum
1158 2883 1346 2953 abest,
1376 2892 1438 2938 ut
1466 2883 1612 2939 hanc
1637 2899 1990 2940 communem
2029 2885 2368 2943 Iudaeorum
2398 2891 2808 2959 persuasionem
2831 2891 2920 2944 Do-

420 2975 601 3030 minus
623 2971 1049 3043 improbaverit,
1078 2979 1141 3026 ut
1158 2986 1281 3026 eam
1302 2980 1420 3027 tota
1446 2970 1684 3027 docendi
1715 2971 2141 3045 disputandique
2163 2989 2266 3030 sua
2295 2976 2510 3032 ratione
2537 2978 2918 3050 approbaverit:

418 3078 605 3118 coram
635 3059 853 3116 Iudaeis
895 3060 1042 3116 enim
1070 3060 1143 3115 ad
1171 3059 1395 3115 eosdem
1424 3059 1597 3116 libros
1625 3060 1776 3115 velut
1803 3059 1874 3116 ad
1902 3062 2290 3118 auctoritatem
2317 3064 2472 3120 omni
2507 3064 2750 3122 humana
2777 3065 2920 3121 maio·

416 3165 535 3204 rem
556 3149 794 3220 appellat
820 3153 1006 3216 (toan.
1030 3153 1160 3215 5,34
1179 3162 1326 3220 sqq.;
1359 3153 1520 3217 10,34
1543 3163 1649 3219 sq.;
1688 3149 1899 3204 Mattle.
1929 3154 2095 3213 22⁴3
2123 3163 2248 3222 sqq.
2277 3152 2429 3222 etc.),
2455 3167 2650 3210 coram
2678 3152 2924 3226 discipulis

416 3237 680 3293 continuo
708 3237 785 3293 eis
812 3236 986 3292 utitur
1012 3237 1164 3292 velut
1190 3234 1541 3291 documentis
1569 3235 1916 3304 certissimis,
1951 3251 2192 3308 quorum
2229 3239 2396 3296 verba
2425 3257 2539 3296 non
2583 3251 2810 3312 possunt
2833 3255 2922 3296 non

413 3324 630 3396 impleri
660 3325 889 3392 (Matth.
913 3331 1097 3392 2634.
1127 3329 1213 3380 31.
1240 3329 1339 3392 54;
1370 3328 1501 3381 Luc.
1537 3329 1797 3393 18,31;24
1819 3329 1908 3392 ,26
1927 3340 2012 3396 sq.
2037 3329 2188 3394 etc.);
2211 3325 2516 3384 innumeris
2534 3329 2742 3387 vicibus
2764 3332 2864 3403 ipse
2879 3335 2916 3382 et

413 3413 665 3484 discipuli
697 3415 811 3469 eius
838 3412 1075 3485 simplici
1093 3413 1394 3485 γέγραπται,
1420 3414 1766 3484 γεγραμμένον
1787 3411 1918 3467 ἐστίν
1949 3413 2235 3486 (scriptum
2263 3420 2366 3483 est)
2395 3432 2590 3473 eorum
2615 3419 2776 3474 verba
2800 3417 2918 3472 velut

412 3501 751 3570 testimonia,
776 3501 978 3572 quibus
1019 3501 1400 3558 contradicere
1440 3517 1558 3556 non
1595 3501 2024 3580 liccttallegant
2064 3503 2296 3570 (Mami.
2319 3509 2434 3572 2‚5;
2456 3511 2572 3574 ⁴,4.
2611 3513 2668 3564 7.
2709 3512 2772 3563 10
2795 3515 2916 3561 etc..

413 3599 509 3646 aut
530 3593 653 3646 Deo
682 3590 766 3644 vel
798 3589 1022 3661 Spiritui
1050 3589 1299 3662 loquenti
1338 3589 1544 3646 directe
1569 3588 1879 3644 attribuunt
1921 3590 2072 3662 (Act.
2121 3597 2425 3660 1‚16;4‚2⁴
2459 3598 2612 3664 etc.),
2657 3604 2754 3652 aut
2789 3609 2845 3649 ea
2865 3593 2924 3646 ab

412 3679 631 3734 homine
671 3695 737 3732 ex
766 3678 1000 3747 Spiritus
1027 3677 1291 3734 instInetu
1336 3679 1550 3748 prolata
1580 3693 1697 3734 esse
1745 3687 2000 3734 asserunt
2029 3679 2265 3746 (Mami.
2307 3685 2472 3748 2:2‚48
2517 3685 2682 3752 etc.),
2723 3691 2814 3738 aut
2837 3696 2914 3736 ea.

411 3782 553 3838 quae
580 3769 731 3823 Deus
767 3765 932 3834 dixit,
978 3765 1292 3836 Scripturae
1328 3765 1582 3838 loquenti
1611 3765 1959 3834 adscribunt,
1987 3767 2118 3838 quia
2145 3766 2412 3824 nimirum
2440 3771 2594 3826 Deus
2622 3785 2810 3827 revera
2840 3783 2919 3840 per

410 3855 753 3926 Scripturam
782 3854 943 3910 nobis
971 3853 1220 3926 loquitur
1250 3855 1408 3920 (Gal.
1438 3854 1570 3925 3,8).

480 3941 691 4011 Quibus
712 3942 1041 3998 testimoniis
1055 3984 1069 4011 ,
1100 3957 1241 4014 quae
1271 3944 1534 4014 pleraque
1555 3942 1864 4014 singulares
1889 3950 2108 3999 tantum
2131 3951 2319 4000 textus
2343 3944 2642 4018 attingunt,
2659 3961 2822 4002 unum
2841 3959 2918 4000 ac·

408 4031 580 4100 cedit,
608 4046 718 4103 quo
746 4031 919 4086 totius
946 4029 1287 4086 collectionis
1316 4031 1430 4098 vel,
1460 4029 1508 4084 si
1535 4029 1738 4096 mavis,
1761 4030 2010 4086 omnium
2040 4030 2342 4100 librorum,
2367 4033 2459 4104 qui
2485 4042 2608 4090 tum
2637 4035 2916 4106 temporisa

410 4119 628 4176 ludaeis
665 4128 820 4175 extra
862 4119 1203 4175 Palaestinae
1238 4119 1378 4174 fines
1422 4117 1749 4190 degentibus
1798 4134 1897 4188 pro
1941 4120 2112 4175 sacris
2158 4118 2524 4191 habebantur,
2573 4122 2759 4178 divina
2785 4121 2920 4190 origo

406 4207 839 4264 demonstratur.
890 4207 1049 4262 quta
1096 4205 1335 4262 Paulum
1377 4205 1526 4262 enim
1572 4225 1596 4256 ι
1638 4205 1819 4261 omnis
1861 4207 2142 4278 Scriptura
2181 4206 2444 4264 divinitus
2490 4210 2748 4281 inspirata
2789 4211 2912 4274 (πᾶσι

404 4299 563 4366 γραφὴ
594 4297 932 4361 θεόπνευστος)
960 4294 1108 4350 utilis
1144 4305 1231 4350 est
1257 4293 1331 4350 ad
1360 4293 1674 4350 docendum
1705 4315 1728 4346 ι
1762 4302 1870 4350 etc.
1901 4299 1953 4362 (2
2003 4297 2150 4350 Tim.
2186 4301 2355 4366 3,16>,
2397 4297 2478 4353 vel
2511 4299 2588 4353 uti
2615 4297 2923 4368 antiquiores

406 4383 579 4454 Vulq.
610 4381 771 4440 codd.
808 4382 993 4453 (Fuld.
1038 4385 1269 4440 Amiat.
1302 4387 1433 4448 etc.)
1480 4389 1693 4438 textum
1737 4397 2000 4453 graecum
2025 4385 2338 4441 accuratius
2375 4384 2614 4442 reddunt
2653 4407 2668 4440 ι
2709 4405 2734 4436 n
2763 4383 2912 4440 omnis

404 4471 687 4540 Scriptura
718 4469 981 4540 inspirata
1013 4468 1275 4524 divinitus
1312 4475 1369 4525 et
1396 4467 1543 4524 utilis
1574 4468 1644 4524 ad
1669 4467 1986 4525 docendum
2023 4474 2148 4537 (est)
2179 4491 2205 4521 υ
2240 4480 2348 4527 etc.
2375 4471 2461 4528 Ad
2491 4481 2736 4529 nostram
2762 4483 2910 4544 quae·

402 4557 639 4612 ationem
663 4556 802 4612 nibil
840 4557 1100 4622 interest,
1132 4565 1321 4612 utrum
1348 4559 1483 4611 πᾶσα
1518 4555 1682 4628 γραφή
1711 4565 1960 4612 vertatur
1989 4563 2113 4614 tota
2143 4560 2450 4630 Scriptura
2477 4560 2551 4627 (id
2581 4561 2726 4631 quod
2755 4559 2906 4614 facere

405 4642 561 4712 licet,
596 4645 720 4716 quia
746 4645 910 4714 γραφή
940 4645 1219 4702 interdum
1252 4646 1403 4700 velut
1432 4661 1638 4701 nomen
1661 4644 1945 4717 proprium
1973 4644 2288 4718 adhibetur,
2313 4647 2464 4721 quod
2489 4649 2718 4705 articulo
2743 4657 2912 4702 carere
