3050 5184
1077 299 1152 343 ne
1196 298 1376 343 sensu
1417 298 1715 343 urnam.
2554 280 2668 339 129

195 415 254 469 ὃ.
289 415 722 487 Ametinum,
753 414 850 486 qui
877 414 1126 469 omnium
1157 412 1370 483 primus
1398 412 1671 469 literalem
1703 414 2018 485 Scripturae
2055 426 2277 468 sensum
2306 409 2667 479 multiplicem

139 518 244 557 eme
263 517 424 571 posse
445 502 662 573 putavit
683 500 866 566 (Conf.
888 502 1023 557 XII.
1061 506 1158 567 313
1185 502 1378 555 Doctr.
1409 499 1601 556 christ.
1630 502 1734 556 111.
1758 507 1869 567 27),
1896 510 1952 556 et
1976 504 2036 556 S.
2069 498 2372 565 Tliomam,
2402 497 2498 567 qui
2526 496 2667 551 hanc

145 590 462 645 sententiam
490 588 786 659 adoptasse
811 588 1089 645 ferebatur
1118 586 1220 657 (cfr
1244 587 1313 642 de
1331 589 1547 643 Potent.
1572 602 1663 659 qu.
1696 595 1749 644 4.
1780 604 1830 644 3.
1867 597 1925 657 1;
1951 588 2177 643 Summa
2198 590 2243 641 I.
2268 600 2363 657 qu.
2390 592 2442 641 1.
2470 599 2524 639 a.
2556 588 2663 649 10),

134 678 295 731 secuti
337 676 596 749 theologi
637 676 798 731 multi
837 675 969 731 olim
1014 690 1137 732 eam
1175 673 1516 731 admiserunt
1560 676 1723 731 simul
1768 675 2007 733 fatentes
2042 674 2405 745 multiplicem
2444 686 2667 727 sensum

141 785 158 809 ο
181 766 416 835 passim
445 765 504 819 in
540 764 844 835 Scripturis
869 762 1056 819 locum
1081 778 1200 817 non
1228 760 1434 819 habere
1467 782 1520 817 n.
1553 763 1735 819 Hodie
1770 770 1961 819 tamen
1996 762 2161 834 longe
2199 758 2547 817 communior
2584 767 2667 814 est

131 852 416 920 sententia,
438 850 702 906 omnibus
719 852 1034 921 scripturae
1063 849 1198 905 locis
1225 851 1452 905 unicum
1474 850 1703 907 subesse
1732 866 1955 907 sensum
1981 849 2255 905 literalem
2280 862 2461 919 neque
2485 845 2667 902 bacin

131 954 184 992 re
213 938 388 993 libros
425 954 616 994 sacros
643 954 678 995 a
709 938 955 1010 profanis
983 936 1224 993 differre.
1260 938 1473 993 Revera
1499 938 1735 1008 Spiritus
1763 941 1819 995 S.
1860 954 1959 1010 per
1985 937 2239 993 homines
2271 935 2518 992 humano
2547 949 2667 989 ser-

131 1042 280 1081 mone
307 1041 420 1097 pro
447 1024 767 1081 bominibus
786 1025 957 1081 libros
979 1040 1168 1081 sacros
1195 1024 1365 1081 scribi
1389 1024 1591 1094 voluit3
1623 1026 1745 1082 iure
1767 1026 1937 1099 igitur
1958 1022 2289 1091 admittitur,
2320 1038 2447 1079 eum
2470 1022 2665 1077 eadem

133 1113 330 1169 ratione
369 1128 542 1186 agere
579 1113 845 1182 voluisse,
882 1128 990 1184 qua
1028 1112 1119 1167 alii
1154 1113 1450 1183 scriptores
1479 1122 1681 1185 agunt,
1726 1113 1849 1184 qui,
1893 1112 1941 1168 si
1976 1120 2126 1167 recte
2157 1110 2431 1179 scribunt,
2472 1106 2665 1187 iisdem

135 1200 298 1255 verbis
323 1200 554 1255 diversa
579 1198 824 1255 indicare
850 1216 964 1256 non
989 1200 1308 1257 intendunt.
1337 1200 1537 1255 Procul
1566 1198 1736 1257 dubio
1766 1200 1934 1257 verba
1959 1199 2254 1269 nonnulla,
2286 1199 2334 1255 si
2360 1214 2459 1270 per
2485 1213 2545 1253 se
2570 1212 2666 1253 su-

131 1296 370 1356 muntur,
411 1288 605 1360 plures
639 1302 730 1343 res
761 1286 1072 1360 significare
1109 1296 1368 1357 possunt,
1401 1295 1460 1343 at
1497 1304 1665 1343 unam
1704 1288 1883 1344 solam
1916 1286 2203 1344 intendere
2236 1286 2378 1343 solet
2409 1286 2663 1356 scriptor,

131 1384 278 1446 atque
301 1375 454 1431 haec
479 1389 546 1430 ex
573 1382 833 1431 contextu
861 1375 1088 1447 aliisque
1111 1373 1388 1431 adiunctis
1409 1375 1653 1432 eruenda
1677 1384 1780 1445 est,
1802 1374 1953 1449 quod
1975 1374 2023 1431 si
2046 1389 2175 1432 cum
2199 1372 2527 1430 certitudine
2552 1388 2667 1428 non

133 1462 428 1531 colligitur,
461 1464 651 1533 plures
677 1462 904 1535 quidem
935 1462 1200 1518 habemus
1229 1463 1521 1518 verborum
1550 1464 1920 1535 expositiones
1936 1463 2113 1537 magis
2132 1463 2383 1517 minusve
2402 1460 2663 1533 probabi·-

140 1552 220 1617 Β,
263 1550 376 1607 sed
403 1566 522 1605 non
559 1551 918 1622 multiplicem
946 1564 1188 1607 sensum.
1218 1551 1363 1606 Fieri
1392 1550 1559 1606 etiam
1588 1560 1797 1623 potest,
1828 1560 1891 1607 ut
1918 1566 1984 1607 ex
2010 1551 2191 1607 verbis
2223 1549 2465 1621 legitima
2495 1562 2663 1621 argu-

137 1638 469 1694 mentatione
506 1638 646 1693 aliae
677 1638 938 1695 veritates
972 1637 1319 1708 deriventur,
1349 1644 1446 1694 aut
1481 1648 1547 1694 ut
1580 1654 1774 1695 sensus
1811 1636 1991 1695 verbis
2022 1638 2339 1709 scripturae
2374 1652 2664 1708 expressus

137 1734 228 1780 tam
253 1727 329 1781 sit
356 1724 678 1794 abundans,
711 1734 802 1796 ut,
836 1726 885 1781 si
923 1726 1028 1781 rite
1056 1726 1347 1795 evolvitur,
1377 1726 1436 1781 in
1466 1727 1651 1798 plures
1691 1727 1851 1799 quasi
1876 1736 2063 1799 partes
2090 1724 2326 1797 dispesci
2357 1724 2525 1796 possit
2550 1728 2657 1791 (ex.

135 1828 202 1883 gr.
233 1812 456 1885 Diliges
479 1814 786 1869 Dominum
813 1814 992 1871 Deum
1018 1822 1180 1869 tuum
1201 1818 1350 1882 etc.),
1384 1822 1441 1869 at
1465 1823 1656 1870 manet
1680 1830 1899 1886 semper
1924 1829 2117 1871 sensus
2142 1828 2303 1869 unuS.
2334 1814 2487 1869 Haec
2512 1810 2657 1867 enim

131 1916 216 1954 sno
239 1899 420 1957 modo
449 1901 622 1957 etiam
648 1900 706 1957 in
729 1900 885 1957 libris
909 1899 1150 1973 profanis
1179 1900 1364 1957 locum
1391 1901 1617 1958 habent.

187 1988 522 2045 Adversarii
547 1996 734 2045 autem
770 1988 876 2044 hac
907 1989 966 2044 in
993 2004 1054 2045 re
1089 1988 1256 2045 libros
1285 2004 1474 2047 sacros
1499 2004 1534 2045 a
1559 1989 1804 2062 profanis
1840 1992 2003 2062 plane
2035 1988 2257 2045 differre
2286 1988 2654 2058 contendunt,

131 2092 314 2132 eorum
345 2077 524 2149 igitur
545 2084 658 2145 est,
687 2076 1046 2133 assertionem
1067 2076 1215 2133 hanc
1237 2077 1579 2149 argumentis
1606 2077 1986 2134 demonstrare
2002 2118 2017 2145 ,
2046 2086 2103 2133 et
2124 2078 2389 2149 quoniam
2413 2076 2546 2148 ipsis
2572 2076 2655 2132 fa-

129 2164 366 2220 tentibus
403 2163 698 2235 multiplex
727 2179 921 2220 sensus
947 2164 1352 2235 scripturarum
1395 2174 1480 2221 est
1505 2180 1594 2221 res
1630 2164 2065 2221 extraordinaria
2100 2174 2157 2221 et
2196 2164 2654 2237 supranaturaIiS,

129 2267 254 2321 quae
278 2268 310 2307 a
339 2253 466 2307 sola
489 2251 664 2307 libera
688 2252 792 2307 Dei
810 2252 1090 2309 voluntate
1109 2252 1328 2323 pendet,
1351 2270 1417 2309 ex
1448 2252 1689 2309 fontibus
1716 2253 2087 2319 revelationis,
2116 2254 2153 2309 i.
2184 2269 2233 2309 e.
2267 2269 2333 2308 ex
2359 2251 2655 2309 traditione

129 2347 176 2393 et
205 2341 527 2410 Scriptura,
569 2339 719 2395 illam
761 2338 1048 2396 adstruant
1085 2356 1308 2397 necesse
1346 2348 1447 2397 est.
1479 2338 2099 2410 Adnotandum1autem
2126 2348 2239 2408 est,
2282 2356 2397 2397 non
2442 2341 2651 2413 quaeri,

127 2442 246 2483 num
273 2427 522 2497 Spiritus
547 2428 605 2485 S.
635 2424 834 2483 iisdem
860 2426 1042 2485 verbis
1067 2426 1310 2485 diversas
1339 2427 1597 2484 veritates
1628 2427 1827 2485 docere
1846 2432 2143 2501 potuerit,
2173 2428 2272 2485 sed
2308 2444 2443 2484 num
2474 2428 2530 2483 id
2562 2444 2653 2484 re-

131 2530 240 2571 vera
285 2516 352 2571 in
389 2514 692 2586 scripturis
731 2514 958 2587 fecerit.
1001 2516 1121 2571 Iam
1149 2532 1279 2572 vero
1320 2516 1406 2588 a.)
1454 2516 1561 2571 hoc
1599 2532 1717 2571 uon
1744 2516 1983 2573 docetur
2023 2533 2064 2572 a
2108 2516 2461 2573 traditione.
2506 2523 2653 2573 Ante

125 2604 173 2656 S.
199 2603 582 2677 Augustinum
609 2618 774 2659 nemo
802 2602 872 2659 de
899 2603 1192 2675 multiplici
1213 2620 1377 2659 sensu
1403 2603 1607 2660 literali
1633 2603 1853 2659 locutus
1884 2612 1993 2673 est,
2024 2606 2080 2661 S.
2110 2608 2320 2661 Doctor
2349 2605 2467 2676 ipse
2495 2620 2653 2661 suam

127 2690 456 2749 sententiam
483 2706 598 2747 non
625 2690 773 2746 velut
797 2699 1008 2747 certam
1035 2698 1094 2747 et
1119 2707 1187 2747 ex
1212 2690 1508 2747 traditione
1547 2690 1805 2747 haustam
1832 2690 1931 2747 sed
1961 2691 2113 2747 velut
2136 2694 2315 2765 piam
2348 2698 2405 2747 et
2428 2694 2653 2765 proba-

131 2778 298 2834 bilem
333 2780 678 2851 opinionem
715 2780 998 2849 proponit;
1031 2788 1256 2851 propter
1287 2780 1404 2834 eius
1437 2788 1629 2835 tamen
1664 2779 2051 2835 auctoritatem
2083 2779 2415 2835 sententiam
2451 2800 2477 2829 ι
2506 2779 2655 2849 apud

125 2866 480 2923 scholasticos
504 2866 859 2921 recentiores
884 2874 940 2921 ct
967 2867 1297 2938 interpretes
1324 2888 1349 2917 υ
1379 2867 1676 2923 invaluisse
1702 2867 1898 2923 asserit
1928 2871 1983 2921 V
1983 2882 2225 2939 asquez,
2262 2868 2357 2938 qui
2383 2867 2500 2938 ipse
2529 2882 2652 2922 cam

128 2962 262 3010 tenet
289 2954 384 3021 (In
423 2953 640 3009 Summ.
668 2954 712 3009 Ι.
761 2960 887 3022 1,10
911 2954 1064 3024 Disp.
1111 2956 1296 3009 XVII.
1327 2958 1406 3020 3);
1439 2970 1631 3010 revera
1664 2952 1736 3009 ad
1763 2956 1820 3011 S.
1866 2953 2112 3009 Thomae
2138 2954 2526 3009 auctoritatem
2549 2953 2653 3010 im-

127 3042 312 3097 merito
341 3049 698 3112 provocatur,
731 3041 934 3112 quippe
976 3041 1074 3113 qui
1115 3057 1225 3096 uno
1253 3041 1310 3096 in
1344 3040 1470 3097 loco
1499 3040 1589 3107 (de
1620 3044 1835 3099 Potent.
1883 3058 1977 3114 qu.
2008 3048 2064 3096 4.
2094 3058 2147 3097 a.
2185 3042 2277 3112 1.),
2310 3041 2407 3097 ubi
2435 3043 2494 3098 S.
2532 3047 2655 3098 Au-

131 3128 400 3185 :ustinum
430 3144 674 3200 sequens
701 3130 878 3200 prima
911 3128 1075 3185 verba
1102 3130 1384 3185 Geneseos
1417 3130 1673 3202 exponit,
1702 3130 2065 3201 multiplicem
2088 3145 2313 3185 sensum
2340 3127 2537 3185 eadem
2562 3146 2656 3187 ra-

131 3218 293 3287 tione,
324 3232 440 3289 qua
483 3216 610 3287 ille,
653 3215 897 3272 admittit
939 3219 989 3287 (α
1035 3218 1162 3273 Non
1207 3225 1292 3272 est
1337 3217 1719 3287 incredibile,
1750 3217 1931 3290 Moysi
1974 3226 2033 3273 et
2070 3217 2193 3273 aliis
2237 3218 2293 3273 S.
2341 3218 2655 3289 Scripturae

141 3302 430 3360 metoribus
469 3303 580 3359 boc
604 3301 868 3360 divinitus
909 3318 1028 3361 esse
1055 3318 1408 3375 concessum,
1435 3313 1498 3361 ut
1535 3303 1751 3361 diversa
1788 3320 1982 3361 vera...
2020 3305 2123 3361 sub
2156 3320 2267 3361 una
2295 3306 2437 3362 serie
2464 3306 2657 3363 literae

131 3390 472 3465 designarent
499 3396 582 3463 n),
613 3391 736 3447 aliis
761 3400 948 3447 tamen
975 3391 1036 3447 in
1072 3392 1238 3460 lociS,
1264 3391 1360 3447 ubi
1400 3389 1472 3449 de
1499 3391 1753 3449 sensibus
1793 3391 2112 3464 Scripturae
2138 3392 2358 3449 diserte
2385 3395 2525 3466 agit,
2562 3404 2659 3451 aut

131 3494 334 3535 ⁴sensum
367 3478 644 3535 literalem
671 3479 936 3536 latissime
962 3479 1130 3535 sumit
1158 3480 1406 3549 (Summa
1425 3482 1470 3535 1.
1495 3495 1592 3551 qu.
1618 3487 1669 3535 1.
1692 3496 1742 3535 a.
1780 3486 1845 3535 10
1869 3496 1884 3532 ε
1905 3494 2100 3536 sensus
2126 3480 2356 3537 literalis
2383 3490 2469 3539 est
2493 3498 2658 3539 omne

133 3564 192 3630 id,
225 3586 250 3617 ι
279 3566 434 3640 quod
459 3576 658 3623 auctor
683 3566 922 3625 intendit
949 3586 1000 3635 a,
1033 3584 1165 3641 ergo
1193 3568 1362 3623 etiam
1384 3583 1578 3623 sensus
1604 3568 1859 3641 typicus),
1890 3575 1987 3623 aut
2012 3568 2181 3625 etiam
2208 3566 2413 3625 directe
2436 3584 2657 3627 sensum

129 3656 352 3723 typicum
378 3652 616 3711 includit
638 3654 860 3725 (Quodl.
888 3656 986 3713 VI.
1018 3671 1110 3726 qu.
1149 3662 1233 3711 1⁴.
1265 3654 1336 3711 ad
1363 3661 1418 3711 5.
1463 3675 1488 3706 α
1514 3654 1661 3711 unde
1689 3670 1803 3711 non
1831 3664 1913 3711 est
1942 3655 2280 3727 impossibile
2308 3657 2472 3715 simul
2500 3659 2657 3729 plura

135 3740 450 3816 intelligere,
481 3744 552 3798 in
587 3750 880 3816 quantum
914 3758 1098 3799 unum
1135 3750 1224 3799 est
1251 3743 1453 3815 fiqura
1490 3743 1749 3801 alterius
1790 3742 1862 3813 ι).
1902 3743 2123 3815 Reliqui
2158 3743 2471 3801 scholastici
2510 3746 2656 3801 anti-

139 3829 336 3895 quiores
381 3831 554 3886 etiam
599 3830 803 3886 clarius
845 3829 1118 3887 unitatem
1161 3846 1356 3887 sensus
1403 3831 1637 3887 literalis
1680 3839 1962 3901 asserunt,
2014 3830 2095 3887 uti
2140 3831 2314 3886 Alex.
2376 3833 2655 3888 Halensis

157 3916 359 3973 Summa
387 3920 438 3989 ,L
485 3934 580 3991 qu.
615 3924 667 3975 1.
697 3934 772 3973 m.
807 3923 860 3973 Δ.
894 3933 946 3975 3.
984 3925 1040 3975 2.
1075 3938 1102 3970 α
1146 3918 1344 3975 unicus
1371 3934 1566 3975 sensus
1599 3919 1824 3984 literae,
1854 3918 2142 3990 multiplex
2170 3919 2227 3973 in
2268 3920 2534 3992 mysterio
2581 3921 2651 3989 n),

141 4004 188 4055 S.
217 4008 632 4063 Bonaceatura
657 4007 776 4073 (Ν.
807 4008 956 4063 Sent.
991 4006 1134 4063 Dist.
1161 4012 1252 4063 21.
1289 4022 1344 4078 p.
1379 4012 1430 4063 1.
1465 4006 1599 4063 dub.
1635 4013 1659 4062 1
1693 4028 1706 4063 ε
1744 4026 1767 4057 ι
1800 4007 1929 4062 Una
1952 4006 2232 4078 Scriptura
2258 4015 2441 4078 potest
2460 4006 2649 4063 multis

145 4090 301 4148 modis
324 4095 572 4167 exponi3
605 4110 752 4149 unus
777 4102 964 4150 tamen
999 4104 1082 4151 est
1110 4094 1336 4151 literalis
1362 4102 1418 4150 et
1443 4094 1762 4167 principalis
1796 4093 2111 4151 intellectus
2140 4093 2191 4166 n)
2220 4101 2327 4149 etc.
2359 4124 2431 4134 -
2458 4095 2649 4165 Neque

147 4176 212 4240 ὁ.)
238 4196 308 4235 ex
329 4184 648 4256 Scriptura
671 4184 806 4254 ipsa
835 4182 1116 4255 colligitur
1142 4182 1430 4253 multiplex
1458 4198 1669 4239 sensus,
1698 4181 1913 4239 Veteris
1938 4184 2090 4239 Test.
2122 4180 2271 4238 enim
2294 4189 2479 4237 textus
2504 4197 2647 4237 non-

147 4266 264 4321 nulli
289 4266 498 4329 diverso
525 4268 752 4344 quidem
785 4267 954 4326 modo
982 4270 1037 4325 in
1065 4270 1223 4327 Novo
1261 4267 1617 4341 adhibentur,
1645 4267 1746 4327 sed
1774 4284 1919 4325 unus
1946 4284 2140 4326 sensus
2175 4268 2409 4325 literalis
2444 4268 2523 4325 eis
2560 4277 2647 4325 at-

149 4352 402 4415 tribuitur.
437 4358 516 4414 Ex
549 4360 648 4414 Ρε.
689 4362 780 4424 2,7
815 4356 1016 4415 literali
1042 4372 1206 4413 sensu
1233 4357 1580 4415 demonstrat
1608 4358 1665 4415 S.
1697 4356 1959 4423 Paulus,
1994 4356 2275 4415 Christum
2298 4357 2525 4429 angelos
2551 4372 2645 4413 su-

151 4452 350 4511 perare,
377 4445 500 4517 quia
541 4452 628 4502 est
653 4443 762 4501 Dei
799 4444 948 4501 iilius
987 4444 1058 4502 ab
1099 4452 1330 4502 aeterno
1377 4445 1595 4519 genitus
1624 4444 1821 4518 (Hebr.
1868 4449 2011 4515 1,5);
2041 4442 2141 4501 sed
2185 4459 2253 4501 ex
2298 4444 2419 4501 eius
2461 4443 2647 4501 divina

151 4534 354 4601 natura,
383 4548 519 4605 quae
547 4535 636 4589 Ps.
667 4538 762 4601 2,7
791 4531 1068 4605 praedicta
1095 4541 1206 4605 est,
1238 4532 1438 4591 deinde
1464 4531 1689 4590 deducit
1720 4548 1847 4591 eum
1874 4540 2102 4589 aeterno
2128 4531 2444 4589 sacerdotio
2482 4530 2647 4590 fuisse

149 4612 532 4678 etarifioendmn
559 4624 664 4690 (He
678 4620 756 4677 'm
787 4618 902 4692 5‚5)
932 4629 986 4677 et
1013 4636 1142 4677 eum
1174 4636 1459 4694 resurgere
1489 4620 1745 4677 debuisse
1772 4624 1922 4689 (Act.
1961 4621 2161 4693 13,33).
2196 4619 2403 4677 Eadem
2432 4621 2649 4677 ratione

886 4710 1138 4758 conseer
1174 4710 1445 4759 Coxrsnn.
1483 4710 1707 4757 INTnon.
1740 4736 1801 4745 --
1842 4714 1887 4758 9.
