3050 5184
425 296 543 355 226
642 312 716 366 DE
759 312 895 355 VET.
945 310 1193 356 TESTAM.
1240 274 1442 353 Limus
1481 310 1830 353 HISTORICIS.
1875 326 1955 335 —·
1997 310 2125 354 CAP.
2176 311 2238 352 11.
2286 310 2361 353 DE
2403 309 2578 353 Lumo
2622 306 2805 351 IoscE.

425 458 550 497 rum
577 440 925 498 'numerosior
954 458 1158 498 nomen
1206 462 1231 492 α
1271 440 1516 497 filiorum
1550 442 1723 497 Israel
1768 462 1793 492 ι)
1844 440 2095 509 retinuit3
2128 449 2463 513 quapropter
2502 440 2616 495 iam
2644 439 2735 495 illa
2772 444 2967 493 aetate

425 530 646 585 nomina
682 546 844 585 mons
886 529 1073 586 Israel
1107 538 1164 585 et
1200 546 1365 584 mons
1400 530 1553 584 Iuda
1587 527 1789 584 exoriri
1826 536 2123 599 potuerunt
2159 535 2215 583 et
2251 536 2441 583 exorta
2478 535 2630 583 sunt.
2664 555 2737 568 —
2758 527 2964 580 Restat

427 617 611 689 igitur,
637 625 698 672 ut
727 616 855 688 quid
885 617 956 672 de
983 615 1200 672 duobus
1227 616 1335 672 illis
1364 615 1520 671 factis
1559 614 1893 687 probabilius
1920 613 2267 671 sentiendum
2296 616 2367 670 sit
2392 614 2761 687 inquiramus.

495 704 804 775 Quominu's
828 706 1190 760 Danitarum
1217 704 1537 775 expeditio,
1570 704 1697 759 licet
1738 704 1795 757 in
1838 702 1983 759 libro
2030 702 2282 758 iudicum
2325 701 2499 758 fusius
2539 708 2819 769 narretur,
2852 700 2968 753 iam

427 800 556 847 ante
580 793 776 847 Iosuae
801 799 1038 846 mortem
1066 788 1214 847 facta
1237 806 1356 846 esse
1384 790 1616 858 dicatur,
1646 788 1783 845 nihil
1811 788 2064 861 impedit.
2091 792 2280 861 Neque
2310 790 2457 845 enim
2486 789 2709 845 obstare
2740 786 2971 842 unicam

426 879 693 951 temporis
717 878 1128 943 indicationem,
1165 896 1190 928 a
1221 878 1280 933 in
1305 878 1418 933 illis
1445 876 1640 933 diebus
1664 894 1779 933 non
1802 872 1969 933 fuisse
1996 893 2184 949 regem
2212 878 2271 934 in
2290 878 2460 933 Israel
2484 898 2510 928 n
2544 876 2758 944 (ludio.
2796 880 2967 941 18,1).

427 966 640 1021 clarum
669 974 778 1035 est3
811 982 990 1037 neque
1017 965 1180 1021 obiici
1207 973 1411 1036 potest,
1443 966 1638 1020 Iosuae
1660 973 1840 1021 aetate
1862 982 1975 1021 non
2004 964 2171 1021 fuisse
2208 965 2370 1022 illum
2400 965 2565 1036 Legis
2592 970 2969 1025 contemtum,
3037 1014 3038 1017 ,

429 1068 596 1125 quem
633 1054 878 1109 narratio
905 1052 1193 1124 supponit,
1223 1051 1494 1124 siquidem
1523 1056 1687 1107 Iosue
1718 1068 1886 1108 senex
1916 1052 2019 1108 suit
2042 1052 2410 1125 grandaevus,
2446 1051 2671 1125 quando
2696 1047 2971 1105 distribu-

428 1140 594 1195 tionis
621 1140 905 1212 negotium
941 1140 1142 1211 incepit
1186 1141 1383 1212 (13,1),
1423 1138 1659 1211 ideoque
1698 1157 1812 1196 non
1854 1149 1938 1196 est
1964 1141 2197 1211 mirum,
2230 1140 2380 1212 quod
2406 1140 2601 1214 viginti
2633 1138 2745 1194 illis
2772 1137 2967 1192 annis,
3037 1144 3038 1147 ’

430 1226 630 1299 quibus
691 1236 816 1300 post
867 1229 1143 1299 inceptam
1189 1226 1635 1284 distributionem
1692 1228 1855 1295 vixit,
1909 1243 1998 1284 res
2054 1244 2119 1284 eo
2185 1229 2471 1299 pervenire
2530 1226 2853 1299 potuerint,
2916 1231 2973 1277 ut
3037 1246 3038 1301 3

435 1334 459 1363 α
487 1316 861 1388 unusquisque
889 1314 1124 1385 faceret,
1157 1314 1307 1387 quod
1329 1324 1543 1370 rectum
1571 1314 1674 1371 sibi
1698 1314 1988 1371 videbatur
2022 1336 2049 1367 α
2075 1315 2285 1387 (ludio.
2322 1318 2495 1385 17,6);
2524 1331 2589 1370 ex
2620 1314 2827 1369 ultima
2856 1312 2975 1367 eius

430 1403 692 1461 concione
725 1404 858 1458 satis
885 1411 1127 1471 constat,
1156 1420 1221 1459 eo
1247 1403 1357 1458 iam
1386 1411 1637 1474 tempore
1666 1401 1987 1459 idololatras
2017 1404 2076 1458 in
2105 1405 2276 1460 Israel
2304 1402 2471 1459 fuisse
2500 1406 2727 1472 (24,23).
2770 1402 2975 1471 ltaque

431 1488 589 1546 facile
617 1489 734 1545 fleri
763 1490 971 1562 potuit,
1006 1499 1065 1546 ut
1091 1490 1422 1546 Danitarum
1455 1506 1609 1563 pam,
1642 1506 1813 1561 quum
1849 1491 2192 1547 territorium
2223 1490 2281 1546 in
2318 1490 2548 1547 australi
2575 1498 2733 1560 parte
2768 1489 2858 1543 eis
2886 1500 2977 1541 as·
3037 1546 3038 1557 χ

429 1578 708 1650 signatum
747 1594 1014 1649 occupare
1049 1594 1162 1633 non
1200 1578 1474 1646 valerent,
1505 1592 1617 1633 tam
1655 1579 1851 1635 Iosuae
1886 1587 2066 1633 aetate
2098 1579 2236 1635 alias
2276 1578 2433 1635 sedes
2472 1579 2531 1633 in
2571 1576 2977 1648 septemtrione

429 1666 534 1721 sibi
561 1674 888 1738 quaererent
917 1664 1104 1737 ibique
1134 1680 1167 1721 a
1193 1665 1533 1736 reliquarum
1568 1664 1815 1721 tribuum
1855 1667 2115 1723 societate
2156 1668 2312 1739 quasi
2354 1667 2551 1722 remoti
2592 1663 2974 1721 idololatriam
3037 1678 3038 1683 ¹

432 1753 648 1825 publice
673 1769 928 1809 exercere
958 1753 1286 1823 coepissent.

502 1845 566 1898 In
595 1840 868 1896 narranda
900 1840 1106 1897 Calebi
1129 1840 1509 1912 expeditione
1538 1839 1660 1897 libri
1697 1842 1802 1897 los,
1831 1850 1887 1897 et
1914 1842 2090 1898 ludic.
2120 1842 2191 1897 ad
2214 1841 2443 1897 verbum
2478 1840 2591 1897 fere
2628 1844 2973 1895 consonant.

431 1940 493 1985 ut
523 1927 582 1984 id
615 1928 854 1983 maxime
892 1927 962 1983 sit
1006 1927 1424 1999 inquirendum,
1465 1937 1591 1983 uter
1632 1937 1825 1984 auctor
1860 1930 2088 1985 alterius
2124 1930 2501 1985 narrationem
2537 1926 2973 1996 transcripserit.

430 2017 634 2073 Procul
660 2015 831 2071 dubio
859 2031 948 2071 res
975 2024 1128 2088 gesta
1160 2025 1244 2072 est
1278 2024 1408 2071 ante
1439 2020 1633 2071 iosuae
1660 2025 1928 2085 mortem;
1958 2016 2125 2075 Caleb
2150 2017 2329 2085 enim,
2360 2017 2457 2090 qui
2484 2032 2652 2071 senex
2688 2013 2973 2086 octoginta
3037 2074 3038 2077 Ἴ

430 2120 702 2161 annorum
737 2104 1079 2159 territorium
1116 2103 1222 2158 sibi
1260 2104 1595 2174 promissum
1631 2120 1830 2177 magno
1868 2120 1999 2161 cum
2035 2104 2233 2161 ardore
2266 2105 2492 2176 expetiit
2524 2106 2661 2170 (Ios.
2695 2104 2971 2169 bns-13).

431 2193 549 2248 eius
571 2192 1032 2263 expugnationem
1060 2191 1252 2263 viginti
1293 2190 1452 2247 annis
1491 2207 1667 2263 usque
1708 2200 1832 2263 post
1860 2194 2057 2249 Iosuae
2094 2202 2331 2248 mortem
2372 2192 2598 2248 differre
2625 2206 2740 2246 non
2768 2189 2971 2261 potuit.

431 2279 658 2336 Hebron
687 2294 908 2351 quoque
947 2294 978 2333 a
1020 2281 1181 2334 Iosua
1209 2280 1322 2334 iam
1359 2278 1501 2335 facta
1538 2288 1623 2335 est
1658 2280 1848 2336 civitas
1877 2279 2073 2353 refugii
2102 2280 2303 2351 (2o‚7)‚
2339 2280 2437 2336 sed
2465 2278 2691 2335 difficile
2728 2286 2819 2335 est
2858 2292 2975 2332 cre-
3037 2328 3038 2349 χ

431 2366 571 2435 ditu,
600 2382 728 2422 eum
751 2366 1031 2421 civitatem
1054 2365 1305 2421 hostibus
1332 2365 1585 2422 nondum
1608 2375 1853 2439 ereptam
1878 2366 2121 2439 fugitivis
2146 2369 2472 2439 assignasse,
2499 2366 2595 2440 qui
2614 2368 2759 2422 iram
2776 2364 2978 2421 ultoris

431 2454 710 2527 sanguinis
733 2454 966 2510 evadere
989 2455 1302 2511 voluerunt.
1341 2457 1452 2510 Res
1487 2454 1657 2526 igitur
1683 2472 1716 2509 a
1754 2457 1918 2512 Iosua
1954 2456 2170 2511 narrari
2202 2457 2409 2528 potuit;
2440 2456 2681 2510 iamvero
2721 2452 2976 2509 animad·
3037 2470 3038 2473 ¹

431 2541 754 2600 vertendum
795 2551 907 2609 est,
945 2543 1006 2597 in
1042 2540 1184 2597 libro
1223 2541 1399 2597 Iudic.
1439 2543 1544 2598 alia
1582 2558 1804 2613 quoque
1843 2544 1981 2615 legi,
2014 2558 2157 2614 quae
2196 2542 2309 2599 sere
2346 2543 2417 2599 ad
2455 2542 2687 2601 verbum
2726 2558 2793 2597 ex
2836 2542 2977 2597 libro

432 2634 540 2688 Ios.
580 2628 855 2700 descripta
900 2638 1030 2685 sunt
1065 2630 1278 2697 (ludio.
1317 2636 1511 2698 2,6-10
1553 2630 1636 2685 cst·
1681 2635 1796 2687 los.
1832 2632 2141 2703 24,28-31),
2172 2629 2641 2700 praesumtionem
2676 2646 2813 2702 ergo
2863 2645 2975 2685 ess<-
3037 2658 3038 2705 3

431 2728 626 2776 eontra
667 2726 954 2774 auctorem
985 2718 1026 2773 l.
1067 2717 1267 2785 Iudic.,
1309 2719 1494 2790 quiex
1519 2719 1683 2774 variis
1712 2717 1973 2792 operibus
2000 2717 2207 2774 librum
2244 2734 2407 2773 suum
2428 2718 2762 2789 composuit.
2792 2722 2975 2789 Atque

433 2807 678 2878 proiecto
704 2806 890 2861 ludio.
925 2811 1106 2875 1,8-20
1131 2814 1214 2861 est
1243 2804 1512 2878 digressio
1542 2804 1844 2877 quaedam,
1873 2822 1981 2877 qua
2011 2814 2205 2861 auctor
2242 2805 2439 2862 docere
2468 2804 2665 2873 voluit,
2692 2804 2977 2877 quomodo

431 2895 557 2951 iiliis
608 2892 746 2950 Iuda
782 2910 970 2966 regem
1021 2892 1366 2950 Adonibesec
1409 2894 1750 2965 lerosolyma
1792 2892 2065 2950 adducere
2098 2892 2311 2950 licuerit
2347 2893 2557 2963 (ludio.
2607 2898 2749 2963 1,7);
2790 2894 2979 2965 itaque

430 2984 562 3039 Iud.
612 2988 702 3051 1,8
737 2981 808 3037 de
842 2982 1120 3036 anteriore
1159 2980 1314 3037 urbis
1360 2982 1661 3037 Ierusalem
1703 2982 2112 3053 expugnatione
2157 2982 2498 3055 intelligatur
2542 2989 2793 3053 oportet,
2840 2997 2978 3053 quae

433 3071 596 3126 etiam
639 3075 752 3125 Ios.
797 3074 959 3137 15,63
997 3068 1344 3140 supponitur.
1396 3070 1581 3139 Quare
1608 3068 1775 3125 verba
1818 3076 1908 3136 1,8
1940 3085 2059 3141 sqq.
2098 3077 2389 3126 vertantur
2425 3077 2645 3141 oportet
2680 3090 2694 3124 :
2738 3090 2765 3120 α
2800 3086 2978 3141 oppu-

433 3160 756 3231 gnaverant
791 3156 942 3212 enim
973 3155 1074 3211 filii
1108 3156 1248 3211 luda
1285 3157 1587 3213 Ierusalem
1612 3162 1669 3213 et
1697 3162 1974 3230 ceperant
2002 3172 2127 3213 eam
2157 3178 2182 3208 n
2216 3166 2347 3224 etc.;
2374 3174 2550 3229 neque
2584 3156 2801 3227 obstat,
2832 3158 2977 3229 quod

434 3253 626 3301 auctor
655 3244 830 3299 multo
861 3245 1016 3314 plura
1042 3242 1239 3313 addat,
1268 3261 1410 3316 quae
1439 3244 1691 3315 proximo
1720 3247 1838 3301 eius
1878 3246 1988 3301 fine
2031 3261 2145 3302 non
2174 3244 2625 3317 requirebantur3
2658 3244 2719 3301 id
2746 3247 2899 3302 enim
2927 3248 2977 3301 in
3037 3298 3038 3303 ,

434 3332 680 3389 semitica
719 3331 1040 3387 narratione
1075 3332 1216 3387 nihil
1253 3332 1633 3388 admirationis
1662 3332 1848 3388 habet.
3037 3326 3038 3333 '

514 3496 574 3551 4.
603 3526 678 3535 —-
700 3492 1013 3551 Senouou.
1040 3492 1516 3552 —Samaritam‘
1556 3510 1812 3571 quoque
1836 3494 2111 3571 aliquem
2140 3494 2375 3554 librum
2412 3494 2593 3555 Iosue
2630 3495 2977 3572 possident,

437 3588 580 3667 qui,
605 3588 758 3648 licet
783 3606 819 3647 a
847 3592 1062 3647 nostro
1105 3588 1257 3648 satis
1287 3588 1567 3659 differat,
1609 3593 1823 3649 tamen
1861 3590 2171 3663 ostendit,
2215 3590 2683 3668 antiquissimis
2718 3594 2980 3652 ,canonis

437 3685 722 3763 partibus
750 3689 1038 3743 nostrum
1069 3700 1204 3744 esse
1233 3683 1798 3745 adnumerandum.

504 3801 761 3869 integrae
789 3804 974 3851 terrae
1009 3794 1302 3851 duodecim
1337 3796 1585 3853 tribuum
1621 3800 2091 3870 expugnationem
2131 3809 2186 3856 et
2222 3798 2675 3865 distributionem
2706 3801 2975 3858 continet:

432 3885 502 3941 ab
530 3886 644 3941 illis
673 3884 822 3939 enim
851 3882 1143 3953 incipiens,
1184 3899 1324 3954 quae
1358 3887 1533 3939 Num.
1566 3888 1783 3940 22-32.
1822 3884 1891 3940 de
1925 3888 2333 3958 expugnatione
2365 3887 2606 3959 regionis
2640 3888 2977 3945 transiorda-

437 3976 594 4030 nicae
623 3979 944 4035 narrantur,
971 3971 1172 4027 transit
1207 3970 1280 4027 ad
1317 3969 1712 4027 cisiordanicae
1746 3973 2171 4045 occupationem
2209 3983 2266 4031 et
2297 3974 2763 4047 distributionem,
2790 3993 2977 4033 narra-

437 4062 646 4118 tionem
675 4059 800 4116 libri
827 4057 1002 4113 nostri
1041 4058 1156 4115 i'ere
1185 4074 1446 4130 sequens,
1479 4058 1577 4115 sed
1608 4060 1835 4117 fabellas
1857 4064 2155 4118 nonnullas
2190 4061 2418 4119 addenS.
2450 4066 2500 4117 A
2542 4064 2762 4121 iuniore
2790 4063 2981 4121 deinde
3037 4074 3038 4077 ’

435 4150 704 4221 scriptore
737 4146 952 4203 adiecta
979 4155 1110 4202 sunt
1145 4147 1404 4203 chronica
1440 4146 1744 4220 quaedam,
1774 4166 1915 4219 quae
1952 4150 2426 4208 Samaritanorum
2465 4152 2754 4221 historiam
2800 4155 2980 4209 multis

439 4236 643 4294 fabulis
672 4244 924 4291 ornatam
950 4250 1126 4308 usque
1149 4234 1220 4291 ad
1246 4234 1560 4291 Alexandri
1582 4235 1769 4292 Severi
1787 4246 2028 4293 aetatem
2051 4236 2379 4309 perducunt.
2401 4240 2585 4308 Quare
2605 4240 2827 4315 integro
2850 4240 2979 4297 libro

439 4324 646 4381 inditus
677 4333 760 4381 est
795 4325 988 4381 titulus
1025 4323 1301 4379 chronici
1331 4324 1713 4379 Samaritani
1744 4324 2022 4392 (Chronic.
2054 4326 2303 4383 samarit.
2337 4326 2557 4384 arabice
2592 4330 2977 4404 conscriptum,

441 4413 532 4469 cui
557 4413 754 4469 titulus
777 4420 860 4469 est
887 4411 1060 4471 Liber
1087 4413 1270 4467 Iosue.
1303 4410 1461 4467 Edid.
1489 4413 1585 4468 W.
1617 4413 1659 4468 Ι.
1688 4412 1961 4485 Iuyuboll.
1998 4413 2176 4488 Lugd.
2204 4414 2391 4471 Batav.
2429 4422 2634 4485 1848.).
