3050 5184
722 319 796 363 ns
840 318 1159 362 sussum
1207 317 1517 362 secuuntur
1557 318 1808 362 macen
1850 317 2093 363 numus.
2565 301 2681 361 475

136 466 247 506 non
274 451 463 506 omnia
494 449 739 522 quidem,
771 448 867 508 sed
896 449 1186 506 nonnulla
1215 449 1359 516 (ivm)
1390 465 1505 505 non
1551 457 1702 506 recte
1750 448 2102 522 disposuerit,
2135 450 2182 505 si
2225 449 2349 521 quis
2398 449 2680 520 temporis,

132 555 245 610 quo
276 537 496 610 singula
524 547 677 609 gesta
706 546 865 606 sunt,
897 537 1171 594 rationem
1195 545 1428 609 spectat.

204 625 307 682 Cui
346 624 702 697 descriptioni
740 624 1039 696 respondet
1068 623 1449 697 Evangelium.
1494 624 1708 680 Eodem
1752 626 1900 680 enirn
1947 623 2140 682 ordine
2187 625 2452 698 pleraque
2481 623 2678 690 refert,

136 729 248 784 quo
290 713 545 778 tertium,
580 713 637 768 in
680 728 791 784 quo
834 712 1138 768 secundum
1185 713 1452 783 temporis
1495 713 1770 768 rationem
1813 711 1996 768 omnia
2041 712 2306 783 disposita
2352 727 2499 778 esse,
2539 711 2680 767 infra

138 799 497 856 ostendemus
538 799 588 872 (ᾗ
622 806 679 854 4.
716 800 822 869 Qu.
864 801 1013 868 IV.);
1045 797 1141 856 sed
1170 800 1227 854 in
1266 800 1451 870 paucis
1491 798 1562 854 ab
1597 792 1956 856 eo'dessectit.
1989 801 2149 855 quta
2177 801 2444 872 temporis
2481 800 2682 855 seriem

138 897 262 958 post
291 887 559 943 ieiunium
588 888 1035 960 tentationesque
1065 887 1291 942 Domini
1318 890 1487 953 (ma)
1520 887 1736 942 narrari
1763 885 2075 943 debuerunt
2111 889 2228 942 eius
2260 889 2365 943 iter
2404 887 2461 942 in
2501 890 2680 943 Naza-

136 975 262 1029 reth
304 975 537 1046 (6,1-6),
568 975 835 1031 miracula
862 975 922 1030 in
953 974 1345 1045 capharnaum
1383 973 1527 1030 sacta
1557 974 1818 1044 (1‚21-45)
1852 990 1916 1030 ac
1943 973 2170 1031 demum
2197 975 2414 1031 vocatio
2443 983 2683 1046 quatuor

138 1063 452 1134 primorum
474 1051 872 1133 discipulorum
897 1065 1189 1132 (1,16·20);
1216 1062 1376 1118 illum
1402 1061 1552 1116 enim
1581 1060 1834 1116 ordinem
1862 1070 2017 1118 tenet
2037 1064 2094 1118 S.
2125 1064 2306 1118 Lucas
2335 1065 2678 1131 (4‚14·5,12).

138 1151 249 1206 Cur
276 1158 465 1206 autem
499 1149 735 1206 eundem
762 1151 823 1204 in
854 1149 939 1205 his
967 1147 1269 1206 referendis
1306 1151 1530 1205 Marcus
1573 1164 1686 1204 non
1728 1157 1948 1205 secutus
1977 1150 2078 1220 sit,
2111 1149 2236 1206 finis
2268 1149 2388 1206 eius
2419 1149 2556 1206 satis
2583 1165 2680 1205 ex-

140 1238 331 1308 plicat.
363 1238 581 1293 Etenim
620 1247 844 1310 propter
889 1237 1333 1294 incredulitatem
1380 1235 1892 1293 Nazarethanorum
1921 1237 2076 1292 Iesus
2121 1237 2182 1292 in
2231 1237 2408 1306 patria
2449 1253 2548 1293 sua
2576 1237 2681 1292 vir-

140 1334 321 1381 tutem
368 1341 526 1382 suam
566 1326 813 1382 divinam
853 1333 1165 1381 monstrare
1207 1339 1322 1379 non
1365 1333 1620 1395 potuerat
1661 1323 1828 1395 (6,5);
1867 1323 2105 1395 ideoque
2133 1325 2354 1380 Marcus
2391 1325 2530 1380 illud
2553 1324 2679 1392 iter,

138 1421 335 1485 utpote
364 1411 438 1468 ad
455 1413 638 1468 thesin
656 1413 727 1468 de
746 1412 933 1469 divina
957 1414 1083 1469 lesu
1102 1413 1347 1483 potentia
1370 1409 1798 1469 demonstranda
1822 1427 2018 1483 parum
2039 1420 2254 1483 aptum,
2275 1413 2452 1484 primo
2477 1412 2534 1467 in
2557 1414 2681 1469 loco

138 1517 349 1572 ponere
378 1501 571 1570 noluit,
600 1499 697 1558 sed
723 1500 843 1556 aliis
869 1500 1149 1556 miraculis
1180 1508 1341 1556 antea
1368 1499 1604 1556 narratis
1632 1498 1846 1556 animos
1873 1501 2222 1571 praeparavit
2247 1499 2319 1556 ad
2345 1499 2486 1555 illud
2516 1501 2679 1555 intel-

140 1587 447 1660 ligendum.
495 1589 855 1644 vocationem
902 1597 1089 1644 autem
1129 1588 1437 1659 primorum
1472 1587 1874 1658 discipulorum
1909 1587 2103 1659 primis
2147 1587 2424 1643 miraculis
2467 1587 2682 1644 videtur

140 1676 529 1746 praemisisse,
572 1684 633 1731 ut
668 1677 967 1746 Apostolos
1004 1691 1107 1730 ceu
1148 1691 1341 1731 eorum
1378 1683 1548 1731 testes
1589 1676 1840 1732 oculares
1884 1673 2244 1746 produceret3
2289 1691 2484 1731 revera
2535 1676 2678 1730 enim

134 1779 335 1819 coram
378 1765 544 1818 Petro
573 1764 798 1835 eiusque
846 1763 1009 1819 sociis
1054 1762 1318 1818 miracula
1361 1762 1453 1818 illa
1494 1763 1552 1817 in
1589 1762 1979 1833 capharnaum
2017 1771 2179 1818 erant
2209 1760 2382 1831 sacta,
2415 1763 2519 1818 etsi
2549 1771 2682 1818 tunc

138 1850 411 1921 temporis
430 1850 681 1907 nondum
706 1860 888 1906 essent
910 1849 984 1906 ad
1006 1849 1323 1906 continuam
1346 1851 1626 1921 sequelam
1646 1850 1846 1906 Christi
1871 1850 2068 1906 vocati.
2096 1850 2184 1906 Ob
2211 1849 2420 1905 similes
2442 1850 2682 1906 rationes

138 1937 521 2006 narrationes,
554 1954 695 2010 quae
724 1940 983 2009 leguntur
1010 1941 1232 2006 8,22·80
1260 1936 1366 2004 (cfr
1402 1943 1536 1993 Luc.
1573 1943 1735 2006 11,14
1773 1943 1920 2009 sqq.)
1951 1945 2008 1992 et
2043 1943 2264 2006 a,3t·35
2303 1936 2409 2006 (cfr
2447 1943 2584 1994 Luc.
2625 1945 2680 2007 8,

144 2031 367 2094 19-21),
400 2041 431 2080 a
470 2028 632 2081 Petro
666 2045 689 2074 α
720 2042 822 2096 pro
852 2024 1195 2082 audientium
1230 2025 1553 2081 necessitate
1581 2045 1630 2094 ι,
1661 2023 1760 2080 sed
1786 2041 1900 2080 non
1928 2026 2078 2081 iuxta
2107 2027 2373 2098 temporis
2410 2027 2683 2081 rationem

138 2121 273 2168 sunt
306 2112 625 2184 dispositae.
656 2114 991 2185 Praecipuae
1030 2112 1137 2168 hae
1172 2121 1305 2168 sunt
1330 2111 1538 2168 ordinis
1569 2113 1936 2181 inversiones,
1969 2128 2100 2169 nam
2128 2112 2274 2185 qnod
2304 2120 2526 2182 6,14-16
2555 2123 2684 2170 ante

136 2207 371 2264 (mr-29
399 2209 455 2256 et
490 2207 681 2270 1⁴,1-2
708 2211 837 2256 ante
868 2205 1053 2270 14,3·9
1078 2201 1191 2256 sint
1218 2200 1391 2272 posita
1410 2243 1424 2264 ‚
1452 2216 1568 2256 nnn
1598 2209 1683 2256 est
1709 2208 1902 2256 eontra
1930 2199 2382 2275 chronologicum
2405 2200 2681 2270 ordinem,

138 2291 271 2360 quia
304 2287 449 2345 duae
473 2288 601 2345 illae
622 2290 967 2346 narrationes
987 2287 1364 2360 explicationis
1391 2287 1570 2360 gratia
1592 2287 1972 2358 parenthetico
2004 2287 2174 2345 modo
2201 2289 2540 2345 inseruntur.

211 2379 343 2432 Non
370 2377 627 2433 obstante
654 2385 839 2432 autem
862 2375 1257 2450 chronologico
1280 2373 1495 2444 ordine,
1521 2389 1692 2444 quem
1717 2376 1983 2447 sequitur,
2011 2377 2232 2432 Marcus
2263 2379 2347 2432 vel
2377 2379 2555 2446 potius
2584 2381 2686 2434 Pe-

140 2475 261 2520 trus
286 2479 491 2536 magna
516 2479 643 2520 cum
666 2473 786 2520 arte
808 2479 919 2534 res,
948 2463 1147 2536 quibus
1175 2465 1301 2520 Iesu
1324 2462 1580 2521 divinitas
1603 2461 2035 2532 demonstratur,
2064 2463 2259 2536 selegit
2281 2464 2681 2538 disposuitque.

140 2554 274 2608 Sine
304 2551 479 2608 dubio
507 2552 679 2607 Filius
709 2551 815 2607 Dei
843 2550 913 2607 ad
940 2551 1368 2626 ignominiosam
1394 2559 1634 2606 mortem
1671 2549 2072 2606 condemnatus
2100 2559 2156 2606 et
2183 2551 2476 2609 crucifixus
2503 2553 2686 2609 ethni-

142 2641 221 2694 cis
257 2661 287 2691 α
314 2638 550 2695 stultitia
582 2660 607 2690 n
638 2648 785 2706 erat3
818 2655 850 2694 a
878 2639 1146 2711 principio
1194 2646 1380 2695 autem
1422 2637 1703 2710 Evangelii
1749 2637 1919 2693 animi
1964 2647 2382 2710 praeparantur,
2429 2649 2492 2696 ut
2541 2641 2688 2696 hanc

142 2735 393 2782 mortem
420 2725 693 2782 divinitati
738 2726 940 2782 Christi
981 2741 1095 2782 non
1138 2725 1447 2799 repugnare
1493 2725 1825 2798 intelligant.
1878 2723 2011 2781 Ideo
2049 2734 2173 2795 post
2215 2727 2390 2796 prima
2419 2728 2686 2784 miracula

142 2823 373 2870 narrata
416 2815 603 2870 statim
639 2813 939 2882 indicatur,
978 2813 1050 2870 ol)
1094 2829 1231 2886 quas
1276 2813 1584 2869 levissimas
1624 2828 1819 2868 causas
1856 2821 2112 2869 exortum
2153 2812 2225 2868 sit
2262 2813 2688 2871 Pharisaeorum

142 2903 359 2972 odium,
388 2902 541 2974 quod
566 2902 871 2958 Dominum
898 2901 966 2958 ad
998 2917 1219 2957 crucem
1246 2899 1477 2957 adduxit
1504 2901 1790 2973 (2,15-28);
1818 2900 2100 2973 quomodo
2123 2901 2409 2972 paullatim
2432 2905 2685 2974 creverit,

141 2989 463 3047 ostenditur
492 2995 640 3058 (330
676 3005 831 3062 sqq.;
863 2996 951 3057 ⁷‚1
998 3004 1116 3062 sqq.
1159 2993 1321 3058 etc.);
1351 2988 1682 3060 ubicumque
1709 2997 1898 3044 autem
1924 2988 1995 3044 de
2023 2988 2120 3044 illo
2149 3003 2334 3045 sermo
2363 2999 2471 3059 est,
2504 2990 2687 3046 admi-

144 3079 291 3134 ratio
312 3079 645 3150 populorum
676 3080 729 3134 ei
752 3077 1068 3149 opponitur,
1101 3085 1268 3148 atque
1291 3075 1612 3146 difficultas,
1640 3092 1810 3148 quam
1837 3076 2027 3133 odium
2052 3075 2190 3133 illud
2217 3077 2277 3132 in
2304 3076 2502 3133 animis
2524 3079 2690 3135 relin-

144 3183 321 3239 quere
348 3167 554 3239 potuit,
580 3165 736 3222 novis
762 3165 1043 3221 miraculis
1070 3165 1307 3220 narratis
1336 3173 1667 3219 removetur.
1703 3166 1786 3220 Ita
1812 3164 2040 3219 tandem
2067 3165 2264 3236 passio,
2297 3178 2464 3235 quam
2490 3167 2683 3222 Domi-

142 3271 251 3310 nus
280 3255 399 3326 ipse
426 3253 804 3326 praedixerat,
834 3252 982 3308 nude
1010 3268 1139 3308 eum
1176 3253 1429 3308 omnibus
1456 3252 1571 3306 suis
1599 3251 2021 3307 circumstantiis
2056 3252 2273 3308 narrari
2303 3261 2484 3323 potest
2522 3262 2690 3326 atque

144 3341 579 3398 admirationem
605 3341 827 3398 Domini
854 3348 1019 3412 auget
1042 3339 1177 3396 etin
1200 3355 1449 3396 amorem
1474 3339 1767 3395 convertit.

226 3469 286 3526 9.
320 3499 401 3510 -——
425 3466 575 3526 Tres
601 3466 667 3525 in
695 3468 903 3542 partes
942 3464 1342 3542 Evangelium
1384 3465 1505 3522 fine
1545 3466 1608 3523 et
1645 3466 2018 3540 argumento
2059 3465 2356 3540 spectatis
2393 3471 2563 3527 recte
2596 3467 2690 3526 (li-

148 3563 505 3624 stribuitur.
2457 3563 2462 3568 “

219 3669 595 3724 Pnoomnuu
623 3667 733 3737 (1‚1
750 3665 879 3732 -20)
907 3662 1089 3721 thesin
1118 3662 1608 3719 demonstrandam
1641 3663 1850 3731 innuit,
1877 3665 2244 3720 attentionem
2281 3667 2557 3722 lectorum
2587 3683 2686 3722 ex·-

148 3753 278 3810 eitat
310 3754 499 3810 relatis
536 3753 759 3808 loannis
794 3755 857 3808 B.
888 3752 1103 3823 Deique
1134 3750 1313 3806 Patris
1348 3749 1517 3821 ipsius
1556 3748 1626 3805 de
1655 3752 1782 3806 Iesu
1808 3751 2158 3821 testimoniis,
2185 3750 2354 3808 iidem
2382 3755 2688 3811 narrationi

150 3841 407 3898 conciliat
432 3839 691 3896 exhibitis
716 3839 949 3896 testibus
976 3853 1163 3894 rerum
1192 3836 1620 3894 narrandarum.

222 3932 379 3986 Pans
406 3943 603 3984 rmus
636 3931 981 3996 (1,21-9,28)
1012 3931 1270 3994 narrat,
1298 3927 1590 3998 quomodo
1627 3925 1694 3980 in
1719 3927 2006 3998 qalilaico
2039 3927 2377 3983 ministerio
2407 3931 2689 3984 Dominus

151 4034 213 4071 se
234 4021 343 4072 Dei
370 4017 597 4072 filium
624 4031 746 4071 esse
768 4015 1277 4071 demonstraverit.

226 4113 279 4160 1.
308 4106 485 4174 Quem
512 4104 569 4158 in
592 4103 759 4159 finem
786 4103 1051 4158 miracula
1076 4103 1135 4158 in
1162 4101 1549 4174 capharnaum
1576 4103 1802 4172 eiusque
1826 4101 2024 4156 vicinia
2055 4118 2086 4156 a
2117 4103 2244 4157 lesu
2274 4111 2489 4173 patrata
2520 4120 2686 4175 prae-

402 4193 590 4262 primis
618 4198 1003 4262 proponuntur
1030 4189 1357 4259 (1,21-2,12)
1374 4231 1390 4256 ,

226 4285 279 4334 2.
310 4279 553 4351 variique
580 4278 837 4348 effeetus,
864 4293 1003 4350 quos
1032 4293 1132 4350 pro
1170 4277 1316 4332 varia
1344 4276 1662 4332 animorum
1687 4275 2054 4346 dispositione
2083 4275 2466 4346 produxerunt
2492 4279 2686 4348 (2,13-

401 4372 575 4437 3,12);
619 4382 721 4437 pro
764 4366 961 4437 quibus
1010 4365 1237 4421 diversis
1276 4362 1725 4435 dispositionibus
1777 4360 1994 4418 diverso
2039 4362 2208 4419 modo
2254 4365 2367 4436 agit
2419 4366 2688 4421 Dominus

398 4455 605 4529 eligens
652 4453 951 4526 Apostolos
960 4493 979 4522 ‚
1026 4454 1295 4509 damnans
1342 4451 1698 4520 Pharisaeos,
1744 4450 1974 4522 quinam
2031 4450 2103 4506 ad
2149 4451 2330 4522 ipsum
2370 4453 2682 4524 pertineant

398 4541 683 4600 declarans
712 4546 1009 4611 (aaa-35).

224 4633 285 4684 8.
316 4631 521 4688 Eiectos
550 4630 847 4698 Apostolos
874 4627 1097 4697 edocet,
1126 4626 1283 4682 novis
1308 4625 1590 4681 miraculis
1617 4626 1677 4680 in
1705 4623 1814 4681 lide
1841 4625 2164 4695 confirmat,
2191 4629 2446 4699 exemplo
2479 4645 2581 4684 suo
2607 4628 2677 4685 ad
