3050 5184
1027 313 1101 360 ns
1144 315 1470 361 paoem-,rm
1511 317 1869 362 nonanus.
2382 317 2389 324 ·
2596 306 2717 363 443

179 458 337 498 suam
365 441 694 516 dignitatem
731 453 934 514 taceat,
961 463 992 502 e
1018 447 1350 504 sacerdotali
1377 463 1584 520 genere
1614 464 1733 504 esse
1760 448 2089 517 oriundum3
2114 465 2295 522 neque
2324 449 2473 506 enim
2501 447 2711 516 obstat,

178 527 332 600 quod
361 532 533 599 patris
570 532 690 588 eius
723 533 1025 590 Barachiae
1061 550 1268 592 nomen
1307 535 1597 592 omittatur
1621 535 1669 608 (1
1702 535 1884 593 Esdr.
1914 543 2037 606 5‚1;
2069 542 2241 606 6‚14)‚
2277 552 2451 609 quum
2487 551 2551 592 ex
2598 539 2714 592 He-

178 618 481 673 braeorum
503 635 660 676 more
683 621 742 674 in
767 621 1103 694 genealogiis
1131 622 1453 694 parentibus
1479 625 1747 696 proximis
1775 623 1995 680 omissis
2013 622 2163 680 haud
2192 640 2320 681 raro
2348 624 2453 680 soli
2480 623 2719 679 maiores

179 705 518 762 celebriores
544 708 920 764 nominentur.
940 739 1013 750 -
1035 711 1162 766 Non
1187 709 1388 766 desunt
1415 711 1564 768 inter
1591 710 1935 783 antiquiores
1962 720 2018 768 et
2042 709 2341 768 modernos
2364 711 2716 782 inter-pretim,

182 793 276 864 qui
301 803 564 850 nostrum
590 794 948 866 prophetam,
981 797 1124 853 sicut
1147 797 1520 869 antiquiorem
1547 798 1881 871 prophetam
1917 799 2244 856 Zachariam
2280 799 2459 856 filium
2497 797 2721 855 loiadae

181 885 234 946 (2
261 884 414 936 Par.
443 887 610 950 2430
637 883 808 955 sqq),
834 884 890 939 in
917 885 1128 957 templo
1151 900 1184 940 a
1203 885 1426 942 ludaeis
1443 885 1797 963 interfectum
1826 901 1947 942 esse
1976 894 2033 941 et
2056 886 2174 942 eius
2192 885 2527 942 occisionem
2550 901 2581 940 a
2610 887 2723 941 Do-

181 969 338 1024 mino
368 967 590 1026 Iudaeis
613 969 778 1026 obiici
807 973 1040 1038 (Halm.
1065 977 1261 1041 2:3‚353
1286 977 1422 1030 Luc.
1453 977 1637 1042 11‚51)
1666 974 1992 1044 opinentur;
2026 971 2126 1029 sed
2147 971 2335 1028 Iudaei
2364 973 2451 1028 vix
2482 989 2549 1028 ex
2578 973 2721 1026 exsi-

183 1057 256 1111 lio
281 1057 524 1126 reversi,
557 1073 696 1129 quos
725 1059 1008 1130 prophetis
1036 1059 1341 1116 obedivisse
1364 1069 1583 1116 constat
1617 1061 1783 1132 (Aqq.
1816 1069 1845 1118 1
1864 1103 1879 1130 ‚
1908 1065 1973 1117 12
2013 1075 2161 1132 sqq.;
2194 1059 2386 1115 Zach.
2417 1065 2553 1128 6,7)‚
2582 1059 2721 1114 tanti

181 1143 462 1212 criminis,
487 1145 644 1200 euius
663 1146 724 1201 in
749 1146 905 1203 nullo
929 1147 1148 1203 iuniore
1169 1147 1310 1204 libro
1332 1147 1397 1204 fit
1423 1149 1636 1205 mentio
1651 1191 1665 1216 ‚
1688 1163 1803 1204 non
1823 1157 1955 1204 sunt
1988 1145 2304 1204 accusandi.

259 1298 322 1354 2.
355 1329 438 1338 -—
467 1295 708 1356 Eodem
746 1300 1052 1377 tempore,
1087 1315 1212 1376 quo
1247 1301 1563 1376 Aggaeus,
1596 1296 1858 1358 eosdem
1888 1296 2208 1358 auditores
2246 1297 2579 1373 alloquens
2608 1297 2722 1354 Za-

183 1391 427 1450 charias
459 1409 584 1452 non
615 1392 924 1454 dissimile
963 1401 1379 1474 argumentum
1413 1395 1480 1454 in
1509 1393 1919 1456 concionibus
1956 1393 2089 1454 suis
2132 1393 2449 1465 tractavit;
2484 1391 2726 1469 integer

185 1488 360 1548 enim
387 1487 552 1548 liber
579 1489 716 1548 eius
747 1489 824 1549 de
853 1490 1234 1550 theocratiae
1265 1490 1668 1552 restitutione
1698 1490 1867 1552 etde
1893 1489 2105 1552 futuro
2124 1505 2318 1566 regno
2347 1488 2726 1548 messianico

184 1583 344 1662 agit,
382 1583 494 1644 sed
523 1585 723 1645 multo
753 1585 1089 1646 sublimius
1124 1586 1243 1646 hoc
1269 1586 1483 1648 thema
1499 1589 1759 1661 tractat;
1805 1601 2009 1666 neque
2040 1585 2211 1646 enim
2240 1584 2529 1662 proxime
2557 1582 2723 1642 iero-

185 1679 643 1757 solymitanum
685 1682 993 1759 templum
1036 1683 1521 1754 restituendum,
1570 1683 1681 1744 sed
1721 1699 1986 1762 regnum
2026 1679 2502 1749 messianicum,
2546 1677 2726 1739 cuius

187 1776 552 1852 symbolum
589 1781 724 1838 erat
767 1778 1110 1856 templum,
1159 1795 1308 1857 prae
1353 1779 1555 1840 oculis
1592 1777 1785 1840 habet
1824 1784 2015 1858 atque
2056 1777 2222 1838 viam
2261 1776 2571 1847 ostendit,
2602 1775 2727 1851 'qua

187 1872 632 1934 sublimiorum
663 1873 928 1934 istarum
957 1874 1456 1952 promissionum
1493 1875 1766 1954 populus
1808 1891 1947 1935 sese
1985 1889 2276 1952 capacem
2317 1869 2583 1932 reddere
2613 1869 2725 1930 de-

189 1969 358 2028 beat.
393 1969 547 2030 Tres
577 1969 776 2030 libelli
812 1974 1020 2048 partes
1050 1969 1547 2049 distinguuntur.

255 2084 646 2138 Pnoommm
671 2087 872 2150 (1‚1-6)
903 2083 1288 2138 exhortatione
1317 2098 1510 2139 mense
1533 2091 1584 2140 8.
1618 2099 1671 2140 a.
1696 2089 1752 2140 2.
1780 2083 1935 2138 Darii
1969 2080 2159 2140 habita
2189 2096 2393 2138 munus
2423 2078 2729 2150 prophetae

191 2169 434 2239 librique
462 2183 694 2240 scopum
719 2169 920 2226 innuit.

256 2259 422 2312 Pus
451 2271 648 2313 mun
672 2261 968 2326 (1‚7-6‚15)
996 2267 1214 2330 septem
1252 2259 1581 2315 visionibus
1618 2263 1679 2314 et
1712 2273 1841 2314 una
1874 2260 2099 2314 actione
2134 2255 2463 2326 symbolica
2498 2251 2727 2327 funda·

195 2347 412 2398 cionem
435 2347 602 2412 requi
625 2347 974 2400 messianici
1013 2349 1254 2419 eiusque
1279 2347 1543 2414 aleriam
1576 2345 1905 2419 praedicit.
1935 2347 2144 2401 Omnes
2172 2344 2279 2400 hae
2306 2343 2543 2398 visiones
2570 2339 2729 2396 exhi-

195 2431 338 2488 bitae
365 2441 500 2487 sunt
521 2432 826 2502 prophetae
853 2432 945 2488 die
971 2439 1061 2490 24.
1090 2449 1168 2490 m.
1203 2441 1289 2490 11.
1320 2451 1374 2489 a.
1400 2441 1453 2489 2.
1487 2435 1644 2489 Darii
1666 2437 1822 2503 (1‚7).

267 2527 315 2574 1.
347 2521 486 2574 Tres
507 2521 718 2590 primae
745 2529 876 2576 sunt
906 2519 978 2576 de
1022 2521 1179 2594 regni
1207 2521 1522 2578 messianici
1572 2520 1901 2577 fundatione
1941 2525 1989 2588 (1
2002 2523 2258 2588 ‚8-2‚13).
2290 2547 2363 2558 —
2386 2519 2602 2574 Prima
2632 2515 2731 2582 (de

443 2606 720 2678 equitibus
742 2607 891 2664 inter
916 2614 1174 2681 myrteta)
1201 2608 1547 2680 punitionem
1573 2609 1821 2682 gentium
1846 2608 2154 2679 templique
2181 2605 2591 2662 restitutionem
2628 2618 2728 2657 an-

441 2695 661 2750 nuntiat
679 2700 727 2761 (1
740 2701 944 2765 ,8-17);
967 2695 1164 2752 altera
1184 2697 1274 2764 (de
1295 2705 1537 2768 quatuor
1555 2695 1818 2752 cornibus
1834 2704 1893 2752 et
1908 2703 2145 2768 quatuor
2167 2691 2353 2757 fabris)
2378 2706 2582 2760 poenas
2594 2705 2730 2762 gen-

443 2783 583 2837 tium
603 2783 840 2854 explicat
859 2788 904 2850 (l
918 2789 1150 2850 ‚18-21);
1175 2786 1364 2840 tercia
1384 2782 1475 2851 (de
1492 2783 1740 2840 funiculo
1761 2781 2065 2847 mensorio)
2089 2779 2472 2835 fundationem
2494 2777 2732 2832 civitatis

446 2870 842 2940 (messianicae)
867 2871 1104 2926 illustrat
1131 2871 1390 2942 (tul-13).

271 2963 323 3012 2.
348 2959 508 3012 Duae
535 2965 828 3030 sequentes
850 2957 1096 3014 indolem
1126 2957 1484 3014 sacerdotalis
1513 2965 1571 3014 et
1601 2959 1785 3031 regiae
1812 2958 2099 3030 potestatis
2140 2953 2497 3010 messianicae
2530 2951 2730 3007 adum·

443 3045 613 3100 brant
639 3050 954 3112 (aa-414).
983 3075 1056 3086 —
1081 3050 1326 3117 Quarta
1358 3045 1450 3114 (de
1487 3048 1651 3102 losue
1676 3043 1963 3101 sacerdote
1990 3043 2213 3099 mundis
2242 3039 2487 3097 vestibus
2516 3040 2731 3104 induto)

445 3133 798 3188 sanctitatem
831 3133 962 3188 novi
989 3133 1286 3190 sacerdotii
1329 3135 1621 3190 annuntiat
1668 3138 1819 3202 (3,1-
1836 3139 1951 3200 10);
2001 3132 2215 3205 quinta
2262 3129 2355 3196 (de
2394 3125 2732 3184 candelabro

445 3226 636 3287 aureo)
665 3219 908 3276 indolem
935 3220 1120 3292 regiae
1144 3221 1436 3292 potestatis
1459 3221 1737 3294 significat
1762 3221 2013 3292 (4‚1-14).

270 3316 320 3366 3.
353 3312 514 3364 Duae
535 3307 766 3364 ultimae
793 3307 1065 3364 rationem
1092 3307 1434 3364 fundationis
1455 3308 1696 3364 innuunt
1724 3309 2003 3380 (5‚1-6‚8).
2024 3336 2097 3347 —
2122 3305 2311 3362 Sexta
2338 3302 2429 3370 (de
2459 3301 2736 3359 volumine

447 3395 686 3464 volante)
715 3396 928 3452 malum
953 3405 1116 3452 antea
1148 3410 1266 3452 esse
1299 3394 1665 3452 auferendum
1692 3391 2443 3466 monet(5‚1·11);septima
2482 3389 2572 3458 (de
2596 3404 2733 3462 qua-

445 3492 578 3540 tuor
605 3482 906 3556 quadrigis)
929 3481 1196 3540 iudicium
1221 3484 1282 3540 in
1309 3492 1428 3540 toto
1453 3483 1667 3540 mundo
1692 3491 1859 3539 antea
1886 3482 2193 3539 exercitum
2224 3481 2292 3538 iri
2320 3479 2483 3536 docet
2516 3477 2733 3549 (6,1-8).

271 3578 324 3627 4.
377 3572 612 3628 Actione
657 3570 960 3645 symbolica
1013 3569 1280 3644 propheta
1333 3587 1555 3628 summo
1600 3569 1875 3626 sacerdoti
1914 3585 2150 3626 coronas
2198 3583 2395 3624 aureas
2448 3567 2737 3636 imponens

449 3659 714 3716 unionem
731 3658 1088 3716 sacerdotalis
1106 3667 1160 3715 et
1179 3658 1366 3731 regiae
1389 3658 1679 3729 potestatis
1696 3657 1757 3714 in
1774 3673 2013 3729 persona
2030 3657 2263 3714 Messiae
2282 3653 2463 3712 innuit
2488 3657 2735 3720 (6‚9-15).

273 3751 430 3804 Pnns
455 3763 697 3806 unna
723 3748 1014 3816 (ml-838)
1045 3749 1322 3804 concione
1347 3747 1446 3802 die
1463 3752 1524 3802 4.
1554 3762 1632 3800 m.
1661 3752 1717 3802 9.
1745 3762 1807 3802 a.
1834 3750 1895 3802 4.
1924 3745 2107 3804 Darii
2134 3743 2355 3800 habita
2378 3742 2450 3797 de
2469 3755 2738 3812 praepa-

215 3837 438 3892 ratione
459 3837 669 3908 populi
693 3835 778 3891 ad
803 3835 1150 3907 recipienda
1177 3835 1478 3907 promissa
1507 3835 1663 3906 aqit.

279 3929 324 3980 1.
361 3925 734 3994 interroganti
765 3923 968 3994 populo
1009 3920 1080 3977 de
1117 3922 1256 3978 certi
1302 3920 1591 3978 cuiusdam
1620 3920 1809 3976 ieiunii
1850 3920 2188 3992 obligatione
2216 3921 2371 3974 Deus
2411 3913 2709 3988 respondet
2724 3956 2738 3982 ‚

449 4012 714 4068 mandata
741 4026 840 4066 sua
871 4010 1194 4082 praeprimis
1215 4025 1334 4066 esse
1359 4008 1706 4066 observanda
1730 4013 1783 4076 (7
1792 4015 1998 4078 ,1-14);

280 4107 329 4154 2.
361 4108 422 4156 ut
459 4115 555 4156 eos
581 4097 656 4156 ad
683 4099 826 4154 hanc
859 4097 1304 4154 observationem
1333 4095 1603 4164 adducat,
1630 4105 1860 4152 renovat
1890 4094 2313 4165 promissionem
2337 4091 2409 4148 de
2444 4106 2591 4146 novo
2620 4086 2739 4144 foe-

451 4187 584 4244 dere
607 4201 841 4258 eamque
869 4194 1035 4258 auget
1063 4190 1320 4253 (8.1-23).

283 4277 432 4333 Pus
459 4291 682 4332 ’rnatu
707 4279 1036 4340 (9,1-14,21)
1065 4273 1294 4329 duabus
1323 4271 1702 4329 orationibus
1740 4271 1973 4327 iudicia
2010 4275 2065 4336 et
2098 4269 2242 4325 bona
2278 4265 2557 4339 temporis
2590 4280 2742 4319 mes—

224 4363 431 4418 siavia·
455 4362 742 4436 eoeplicat.

292 4456 338 4505 1.
369 4455 526 4508 Onus
551 4450 714 4506 verbi
751 4451 857 4506 Dei
893 4450 959 4504 in
984 4447 1282 4504 Hadraclt
1307 4450 1637 4518 (9‚1-11‚17)
1666 4445 1931 4502 iudicium
1958 4444 2251 4502 annuntiat
2269 4443 2480 4515 Syriae,
2504 4439 2741 4496 Phoeni·

455 4539 590 4606 ciae,
606 4537 976 4594 Philisthaeae
990 4539 1210 4604 (9,1-7),
1223 4534 1324 4592 sed
1339 4534 1607 4591 Israelitis
1625 4533 1871 4589 divinam
1887 4533 2287 4605 protectionem
2307 4544 2611 4602 regemque
2634 4525 2748 4582 sal-

459 4635 705 4683 vatorem
727 4633 782 4680 et
795 4623 1086 4696 pacificum
1101 4623 1375 4696 promittit
1385 4627 1611 4690 (9‚8-17)
1634 4622 2027 4694 praecipitque,
2052 4629 2115 4676 ut
2130 4618 2383 4692 precibus
2404 4618 2539 4674 haec
2560 4613 2741 4672 felicia
