3050 5184
373 303 492 363 538
535 319 610 362 nn
639 319 782 364 Now
816 319 982 364 ‘res-r.
1009 320 1201 364 unius
1225 319 1581 365 mmcnms.
1612 339 1689 348 -
1714 321 1842 364 cnr.
1879 323 1924 364 1.
1957 321 2031 364 nn
2060 320 2255 364 Epis-r.
2288 319 2567 364 mumius
2594 316 2905 362 unmnss.

377 450 490 524 dit,
525 452 615 511 ita
643 452 834 512 etiam
865 452 1012 530 styli
1042 453 1418 531 elegantiam
1447 469 1576 513 non
1606 454 1863 514 curabat
1894 454 2231 531 Apostolus
2269 452 2347 512 ad
2376 451 2443 512 id
2471 466 2667 511 unum
2698 450 2913 508 inten-

375 551 500 618 tus,
524 551 594 606 ut
622 549 1065 625 cogitationem
1089 565 1270 609 suam
1299 550 1484 626 plene
1515 551 1927 628 exprimeret;
1964 554 2027 610 at
2052 567 2251 628 quum
2276 551 2443 610 esset
2462 551 2675 608 orator
2696 550 2911 608 natus,

377 660 598 704 omnes
637 645 775 704 eius
825 645 1124 724 epistolae
1171 646 1450 706 nativam
1495 647 1739 724 spirant
1788 649 1851 706 et
1883 662 2248 724 germanam
2294 643 2753 724 eloquentiam,
2796 659 2915 718 qua

376 739 661 800 omnium
691 741 935 802 animos
961 759 1176 802 secum
1212 742 1467 820 abripit.

451 873 477 902 α
513 853 840 924 Hyperbatis
881 852 1197 926 frequenter
1223 854 1307 910 uti
1334 855 1665 924 Apostolum
1700 863 1925 926 propter
1952 854 2305 911 velocitatem
2333 868 2651 910 sermonum
2682 867 2914 906 suorum

378 946 434 993 et
461 940 745 1011 impetum,
779 941 870 1013 qui
899 942 956 996 in
988 958 1054 997 eo
1086 941 1209 1008 fuit,
1238 941 1473 1014 Spiritus
1505 964 1532 993 ι)
1561 942 1698 999 dixit
1724 943 1839 998 iam
1866 943 1924 998 S.
1958 946 2237 998 Irenaeus
2262 942 2328 1013 (c.
2364 943 2532 998 Haer.
2563 942 2669 996 111.
2698 943 2795 1008 7),
2824 955 2913 992 ne-

379 1042 486 1097 que
513 1028 791 1084 immerito
822 1030 1058 1099 primam
1098 1045 1320 1086 causam
1357 1029 1700 1086 difficultatis
1728 1030 1994 1102 epistolae
2023 1029 2093 1086 ad
2136 1033 2303 1086 Rom.
2338 1031 2611 1101 Origenes
2635 1029 2693 1082 in
2732 1043 2811 1082 eo
2840 1029 2915 1080 in-

381 1116 546 1181 venit,
576 1136 602 1166 «
631 1114 780 1187 quod
803 1117 1202 1173 elocutionibus
1224 1117 1506 1174 interdum
1530 1118 1772 1174 confusis
1797 1127 1853 1173 et
1876 1118 2057 1173 minus
2081 1117 2354 1189 explicitis
2378 1117 2581 1173 Paulus
2607 1123 2872 1171 uteretur
2892 1137 2908 1161 ε

379 1203 456 1266 (in
486 1205 653 1258 Rom.
686 1203 914 1271 Praef.).
955 1205 1296 1276 Frequentes
1320 1205 1469 1277 apud
1497 1221 1627 1261 eum
1662 1215 1790 1260 sunt
1824 1206 2041 1277 ellipses
2068 1213 2125 1261 et
2152 1204 2500 1272 anacoluthi,
2545 1219 2715 1276 quum
2760 1203 2912 1258 notis

379 1288 733 1346 affluentibus
787 1291 1214 1364 cogitationibus
1258 1293 1577 1350 inchoatam
1630 1292 1921 1364 periodum
1974 1308 2091 1349 non
2145 1292 2441 1350 concludat
2484 1300 2581 1348 aut
2624 1289 2693 1346 ad
2746 1290 2911 1346 aliam

377 1379 844 1435 constructionem
871 1381 1144 1436 transiliat
1172 1385 1356 1447 (Rom.
1377 1387 1506 1449 2‚17
1525 1397 1682 1452 sqq.;
1704 1386 1833 1447 5,12
1853 1397 2009 1453 sqq.;
2032 1385 2160 1446 932
2181 1397 2303 1453 sqq.
2338 1388 2477 1448 etc.;
2500 1386 2525 1435 1
2554 1382 2685 1436 Cor.
2717 1383 2907 1444 11,16;

381 1469 414 1518 2
445 1465 571 1520 Cor.
613 1473 742 1532 6,13
782 1471 944 1538 etc.),
986 1484 1166 1540 neque
1192 1469 1430 1524 rariores
1467 1477 1599 1523 sunt
1626 1467 1923 1524 verborum
1961 1470 2375 1540 complexiones
2408 1469 2574 1524 nimis
2600 1474 2910 1538 protractae

379 1559 546 1623 atque
573 1554 846 1609 continuis
876 1554 1057 1609 incisis
1082 1555 1454 1626 interruptae,
1482 1571 1654 1627 quum
1694 1571 1887 1610 omnes
1914 1553 2090 1623 ideaS‚
2138 1571 2283 1627 quae
2309 1554 2624 1610 uberrimae
2650 1553 2907 1608 scribenti

381 1638 710 1708 affluebant,
741 1657 848 1697 una
890 1641 1077 1712 phrasi
1105 1642 1401 1714 complecti
1439 1651 1672 1698 conetur
1710 1647 1892 1711 (Rom.
1942 1648 2095 1710 1‚1-⁷
2114 1666 2129 1712 3
2158 1647 2389 1711 3‚24-27
2432 1640 2755 1712 etc.;13ph.
2804 1646 2909 1710 1,3-

384 1733 450 1781 14
491 1729 639 1798 etc.).
680 1728 889 1799 Quibus
926 1729 1184 1784 omnibus
1231 1746 1342 1786 non
1384 1729 1731 1786 obstantibus
1774 1745 1936 1786 nemo
1979 1730 2231 1802 paulinas
2278 1729 2536 1801 epistolas
2576 1729 2763 1799 legere
2809 1744 2908 1800 po-

381 1815 535 1885 terit,
569 1817 702 1888 quin
743 1817 998 1887 Apostoli
1025 1827 1203 1873 artem
1230 1816 1447 1874 dicendi
1474 1817 1800 1886 admiretur,
1830 1833 1934 1889 qua
1970 1817 2221 1872 omnium
2246 1817 2603 1874 attentionem
2632 1816 2903 1887 captivam

381 1901 530 1960 hune
586 1903 645 1958 in
699 1904 868 1960 finem
925 1905 1200 1961 continuis
1259 1905 1365 1960 illis
1431 1906 1606 1961 utitur
1659 1905 2201 1978 interrogatiunculis
2257 1914 2315 1960 et
2368 1903 2907 1976 interpellationibus

385 1991 567 2056 (Rom.
611 1997 726 2061 2,4.
757 1997 852 2060 353
898 1998 1010 2062 3‚5.
1039 1999 1113 2061 93
1145 1999 1230 2061 4‚1
1277 1993 1436 2064 etc.)‚
1479 1993 1661 2048 acutis·
1691 1991 2059 2048 antithesibus
2105 1997 2287 2059 (Rom.
2327 1998 2449 2060 2,21
2498 1997 2672 2064 sqq.),
2710 1990 2905 2064 grada-

378 2078 620 2135 tionibus
660 2083 846 2146 (Rom.
889 2087 981 2148 5,3
1023 2096 1176 2152 sqq.;
1209 2086 1338 2143 839
1365 2085 1541 2152 sqq),
1580 2079 2084 2137 enumerationibus
2130 2081 2312 2152 (Rom.
2368 2087 2495 2148 138
2550 2085 2695 2152 sqq.)
2742 2081 2903 2134 innu-

379 2167 654 2238 merisque
695 2167 814 2224 aliis
853 2167 1073 2224 dicendi
1102 2169 1314 2240 figuris,
1345 2169 1597 2224 Maxime
1634 2176 1817 2223 autem
1858 2167 2033 2240 stylus
2082 2168 2341 2240 paulinus
2388 2167 2653 2238 singulari
2698 2166 2903 2223 eminet

377 2254 626 2327 energia,
660 2276 685 2306 α
712 2255 1194 2328 quotiescumque,
1229 2256 1408 2327 inquit
1433 2259 1490 2312 S.
1520 2257 1917 2326 Hieronymus
1938 2255 2029 2324 (ad
2048 2256 2371 2312 Pammach.
2405 2271 2492 2326 ep.
2523 2261 2728 2324 48,13),
2758 2257 2903 2311 Pau-

381 2343 494 2398 lum
545 2344 866 2414 Apostolum
909 2343 1060 2416 lego,
1105 2343 1296 2399 videor
1338 2344 1477 2399 mihi
1515 2359 1630 2399 non
1682 2343 1847 2399 verba
1892 2343 2112 2411 audire,
2154 2343 2251 2399 sed
2281 2343 2591 2400 tonitrua...
2632 2343 2903 2398 Videntur

381 2430 603 2503 quidem
641 2432 806 2486 verba
834 2430 1100 2502 simplicia
1130 2440 1186 2486 et
1209 2430 1362 2503 quasi
1400 2431 1710 2486 innocentis
1734 2430 1972 2486 hominis
2008 2439 2067 2485 et
2102 2431 2365 2487 rusticani
2392 2439 2449 2486 et
2470 2431 2565 2502 qui
2590 2445 2695 2486 nec
2722 2430 2901 2486 facere

381 2535 481 2574 nec
518 2517 796 2574 declinare
819 2519 1035 2575 noverit
1058 2517 1314 2584 insidias;
1342 2517 1440 2574 sed
1471 2533 1820 2590 quocumque
1847 2519 2179 2590 respexeris,
2202 2517 2433 2572 fulmina
2458 2525 2587 2573 sunt
2618 2539 2668 2573 n.
2696 2521 2773 2573 At
2794 2533 2897 2572 non

376 2614 595 2663 tantum
620 2606 806 2662 hostes
824 2615 996 2663 terret
1020 2616 1074 2662 et
1099 2607 1374 2679 profligat,
1403 2606 1499 2661 sed
1529 2622 1721 2661 omnes
1745 2606 1977 2662 affectus
2001 2607 2305 2677 exprimere
2333 2615 2500 2678 atque
2522 2605 2582 2660 in
2604 2604 2900 2661 lectoribus

378 2695 616 2751 excitare
643 2694 827 2761 novit,
860 2703 922 2750 ut
952 2710 1144 2750 omnes
1173 2695 1388 2750 animos
1414 2693 1635 2750 Christo
1665 2693 1987 2749 lucrifaciat.

454 2848 514 2905 3.
545 2879 625 2888 --
652 2846 940 2905 Ceterum
969 2845 1270 2921 epistolae
1306 2843 1510 2918 Pauli,
1544 2843 1830 2919 quamvis
1860 2860 1964 2902 eas
1985 2859 2159 2903 more
2184 2842 2441 2920 antiquo
2467 2859 2504 2902 a
2532 2843 2891 2904 salutatione

376 2942 631 3002 inchoet
659 2945 723 3001 et
749 2941 942 3000 variis
969 2940 1304 3017 adscriptis
1333 2940 1813 3000 salutationibus
1836 2938 2307 3017 apostolicaque
2327 2940 2765 3000 benedictione
2784 2944 2893 2999 ter·

376 3039 601 3110 minet,
631 3038 962 3115 pleraeque
1007 3037 1376 3097 tractatibus
1417 3035 1822 3114 theologiciS,
1857 3051 2047 3112 quam
2090 3034 2375 3112 epistolis
2422 3036 2679 3114 proprie
2720 3035 2890 3098 dictis

377 3135 710 3196 similiores
741 3137 904 3194 sunt.

449 3246 533 3303 Ad
569 3246 917 3317 epistolicam
950 3261 1125 3317 genus
1160 3245 1410 3317 proxime
1443 3243 1713 3301 accedunt
1743 3260 1832 3314 ep.
1884 3243 1955 3299 ad
1990 3243 2229 3300 Philam.
2261 3252 2316 3299 et
2342 3242 2415 3300 ad
2437 3244 2709 3318 Philipp.,
2739 3244 2808 3301 ab
2833 3261 2889 3299 eo

375 3334 692 3407 longissime
721 3333 930 3389 recedit
948 3349 1036 3404 ep.
1063 3331 1134 3390 ad
1160 3331 1473 3401 Hebraeos,
1503 3348 1644 3404 quae
1673 3331 1897 3386 homilia
1930 3331 2161 3399 rectius,
2194 3346 2361 3403 quam
2388 3332 2648 3403 epistola,
2679 3341 2891 3389 vocatur

373 3432 542 3493 atque
571 3421 740 3475 etiam
763 3419 1114 3490 inscriptione
1143 3419 1423 3492 epistolari
1460 3429 1630 3475 caret.
1671 3420 1778 3474 Pro
1818 3418 2041 3490 antiqua
2082 3419 2427 3474 salutationis
2464 3417 2737 3488 formula,
2764 3435 2889 3492 quae

372 3513 428 3566 in
458 3507 643 3565 lacobi
675 3508 901 3578 epistola
932 3507 1064 3563 etin
1093 3506 1314 3564 decreto
1343 3507 1642 3579 apostolico
1671 3515 1887 3562 retenta
1912 3515 1994 3561 est
2022 3507 2227 3577 (χαίρειν
2248 3510 2370 3562 Iac.
2401 3513 2518 3576 1,1;
2542 3513 2675 3564 Act.
2703 3513 2885 3572 15335.

373 3598 541 3654 aliam
565 3595 732 3667 elegit
757 3593 1013 3650 fidelibus
1042 3603 1137 3650 aut
1172 3610 1300 3650 cum
1337 3595 1392 3651 S.
1424 3597 1590 3650 Petro
1635 3614 1657 3646 ι
1692 3594 1925 3667 gratiam
1965 3602 2019 3648 et
2057 3609 2249 3664 pacem
2275 3613 2301 3645 n
2336 3601 2434 3648 aut
2456 3610 2587 3649 cum
2615 3597 2670 3652 S.
2700 3596 2886 3651 Ioanne

379 3707 404 3737 α
435 3685 688 3758 gratiam,
709 3680 1142 3738 misericordiam
1169 3691 1226 3738 et
1252 3698 1445 3755 pacem
1469 3703 1495 3733 »
1530 3698 1793 3752 precans;
1828 3698 1925 3736 suo
1956 3688 2141 3735 autem
2170 3680 2378 3735 nomini
2402 3681 2462 3736 in
2485 3681 2763 3754 plerisque
2782 3681 2882 3751 epi-

371 3774 526 3830 stolis
555 3787 760 3827 nomen
783 3769 945 3825 unius
975 3770 1266 3826 alteriusve
1289 3786 1355 3826 ex
1373 3769 1655 3841 discipulis
1685 3767 2011 3839 (Timothei,
2034 3767 2264 3836 Silvani,
2298 3769 2603 3836 Sosthenis)
2633 3769 2879 3842 adiungit.

374 3861 771 3918 Salutationem
807 3858 1060 3928 excipere
1098 3858 1240 3914 solet
1271 3858 1574 3930 gratiarum
1605 3858 1745 3911 actio
1784 3855 1852 3912 de
1887 3855 2045 3911 bonis
2074 3856 2339 3912 ecclesiae
2363 3855 2463 3926 illi,
2496 3857 2585 3911 cui
2624 3857 2827 3922 scribit,
2854 3872 2879 3907 a

370 3952 488 4005 Deo
519 3947 823 4019 praestitis;
849 3961 956 4018 qua
983 3962 1100 4000 non
1123 3954 1338 4001 tantum
1365 3945 1559 4000 fideles
1586 3944 1657 3999 ad
1682 3943 1903 3999 easdem
1924 3943 2127 4014 gratias
2151 3940 2395 4015 agendas
2414 3942 2683 3999 indirecte
2700 3943 2877 3999 exhor·

371 4046 538 4104 tatur,
569 4036 668 4091 sed
690 4033 858 4090 simul
885 4049 1078 4089 eorum
1106 4033 1316 4088 animos
1341 4032 1442 4088 sibi
1461 4032 1735 4087 conciliat.
1763 4029 1973 4100 Quibus
1992 4031 2307 4100 praemissis
2326 4040 2711 4104 argumentum
2733 4045 2871 4085 suum

367 4127 442 4180 ita
479 4132 718 4180 tractare
756 4121 973 4192 incipit,
1007 4129 1070 4174 ut
1107 4121 1432 4192 plerumque
1467 4119 1523 4174 in
1562 4119 1747 4191 priore
1787 4125 1941 4189 parte
1982 4117 2353 4189 dogmaticam
2392 4120 2761 4190 quaestionem
2786 4116 2868 4172 ali-

369 4229 537 4285 quam
559 4211 793 4282 explicet
821 4219 876 4265 et
904 4208 1276 4276 demonstret,
1301 4209 1357 4262 in
1377 4208 1551 4263 altera
1582 4206 1928 4278 paraenetica
1956 4205 2183 4260 virtutes
2209 4206 2333 4261 illas
2360 4205 2735 4274 commendet,
2755 4218 2873 4276 quas

367 4300 629 4356 ecclesiae
656 4299 737 4354 illi
763 4299 938 4370 magis
958 4297 1294 4353 necessarias
1314 4310 1433 4351 esse
1461 4292 1737 4350 censebat.
1760 4293 2025 4364 Epilogus
2048 4292 2274 4348 demum
2298 4300 2519 4364 praeter
2542 4293 2873 4349 salutationes

367 4387 808 4444 benedictionem
855 4385 1217 4456 apostolicam
1260 4383 1535 4451 continet,
1569 4397 1736 4453 quam
1776 4396 1875 4436 sua
1913 4395 2082 4435 manu
2122 4395 2285 4450 saepe
2326 4379 2569 4450 addidit,
2612 4391 2671 4436 ut
2704 4379 2872 4435 fideles

370 4476 630 4546 epistolae
660 4472 1002 4529 authentiam
1030 4479 1453 4543 cognoscerent3
1487 4469 1699 4526 scribae
1728 4469 1874 4523 enim
1901 4467 2109 4539 reliqua
2138 4467 2365 4524 dictavit
2394 4468 2493 4538 (cfr
2515 4475 2550 4524 2
2590 4469 2766 4524 Thess,
2792 4469 2871 4522 22

374 4570 428 4615 ct
457 4567 612 4628 3,17;
647 4567 668 4614 1
708 4563 838 4615 Cor.
875 4565 1062 4628 16,21;
1097 4561 1230 4615 Gal.
1263 4565 1418 4626 6,11;
1451 4559 1553 4614 Col
1584 4563 1761 4624 .4,18;
1786 4555 2022 4612 Philem.
2058 4560 2124 4611 19
2146 4559 2296 4623 etc.).
