3050 5184
469 324 548 385 48
587 338 870 384 HISTORIA
899 338 1138 383 CANONts
1167 340 1492 392 U'rmusouss
1522 339 1921 385 TESTAMENTI.
1948 358 2026 367 ·--
2046 340 2173 384 GAP.
2204 338 2285 383 lv.
2310 336 2473 384 LIBRI
2498 336 2843 382 APOGRYPRI
2874 336 3020 395 Ere„

1498 684 1795 753 CAPUT
1842 684 1965 750 IV.

483 905 576 955 DE
615 906 860 955 LIBRIS
899 906 1370 959 APOCRYPHIS
1408 906 1501 959 ET
1538 906 1976 959 DEPERDITIS
2017 904 2246 957 UTRIU
2262 904 2452 965 SQUE
2490 903 3020 959 TESTAMENTI„

459 1122 492 1205 ἓ
520 1124 585 1187 8.
618 1158 706 1169 -
732 1124 829 1187 De
853 1122 1147 1211 qenuz'na
1175 1124 1551 1213 apocryphi
1571 1116 1837 1191 notione
1866 1134 1933 1190 et
1966 1122 2047 1190 de
2088 1119 2413 1188 librorum
2446 1120 3013 1209 apocryphorum

1482 1228 1963 1297 deistm'butz‘one.
3019 1241 3020 1257 ¹

541 1442 594 1499 1.
631 1474 712 1483 ——
748 1440 1167 1519 Apocryphum
1198 1439 1548 1521 (ἀπόκρυφον)
1584 1442 1645 1500 vi
1689 1439 2105 1519 etymologiae
2147 1457 2299 1500 suae
2341 1438 2513 1499 idem
2552 1441 2649 1499 est
2690 1438 2867 1515 quod
2900 1456 3020 1497 oc-¹

456 1536 682 1596 cultum
725 1538 824 1597 vel
851 1536 1303 1611 absconditum5
1332 1537 1478 1597 inde
1504 1543 1713 1598 autem
1743 1556 1779 1598 a
1808 1538 2059 1597 Petrum
2089 1542 2372 1613 tempore
2410 1552 2559 1596 usus
2590 1534 2885 1605 invaluit,
2930 1542 3020 1593 ut

457 1632 576 1693 hoc
611 1635 866 1694 nomine
894 1634 1327 1712 designaretur
1354 1635 1536 1707 liber,
1569 1639 1678 1714 qui
1694 1633 1789 1695 vel
1812 1632 1885 1694 ob
1906 1652 2079 1693 suum
2110 1636 2352 1693 titulum
2380 1632 2474 1693 vel
2502 1633 2571 1692 ob
2596 1650 2769 1691 suum
2801 1620 3020 1709 arpa-3

455 1736 710 1791 mentum
740 1729 972 1791 (livinus
1000 1728 1182 1809 facile
1208 1732 1376 1791 credi
1395 1738 1676 1809 patescet
1703 1749 1807 1791 ceu
1830 1730 2066 1791 divinus
2094 1748 2131 1790 α
2152 1730 2456 1790 nonnullis
2478 1728 2744 1801 liabetur,
2773 1738 3020 1804 quam-3

454 1845 632 1907 quam
660 1828 951 1889 divinitus
978 1832 1305 1905 inspiratus
1333 1846 1452 1888 non
1479 1836 1580 1889 est.

414 2000 417 2007 ⁴
523 1940 718 1996 Libros
745 1956 937 1997 omnes
968 1941 1273 2013 Utriusque
1299 1943 1473 2011 Test.,
1507 1957 1647 2013 quos
1678 1941 1961 2013 catalogus
1994 1941 2325 1997 tridentinus
2352 1948 2666 2008 enumerat,
2696 1947 2999 2009 tamquam

453 2026 664 2084 divinos
691 2028 762 2085 ab
796 2029 1074 2101 Apostolis
1109 2044 1209 2100 per
1235 2029 1557 2085 continuam
1591 2030 1815 2085 testium
1851 2044 2049 2085 senem
2088 2028 2159 2084 ad
2194 2044 2297 2085 nos
2334 2028 2672 2101 pervenisse,
2704 2027 2781 2082 ita
2815 2035 2879 2081 ut
2918 2026 2997 2081 de

451 2131 647 2171 eorum
673 2114 856 2171 divina
887 2116 1124 2189 origine,
1155 2117 1260 2173 nisi
1287 2117 1566 2185 Apostolis
1597 2116 1763 2172 fidem
1797 2115 2070 2189 denegare
2095 2117 2346 2183 velimu8‚
2380 2115 2632 2173 dubitare
2661 2130 2773 2171 non
2804 2117 2995 2184 possi-

451 2218 604 2273 mus,
635 2202 796 2260 docet
823 2204 1047 2259 canonis
1073 2203 1299 2259 historia
1315 2246 1328 2267 ,
1359 2220 1522 2275 quam
1552 2202 1898 2259 tradidimus,
1930 2204 2265 2276 Interrogari
2292 2212 2479 2259 autem
2504 2211 2701 2275 potest,
2728 2218 2865 2257 num
2888 2202 2995 2257 alii

453 2299 734 2363 praeterea
777 2292 1086 2347 exstiterint
1124 2301 1219 2347 aut
1259 2290 1442 2347 adhuc
1469 2300 1683 2347 exstent
1722 2290 1871 2355 libri,
1914 2292 2034 2364 qui,
2068 2292 2194 2347 licet
2233 2291 2451 2348 divinae
2491 2290 2713 2363 originis
2750 2290 2889 2360 sint,
2926 2292 2993 2345 in

449 2394 717 2436 canonem
744 2395 856 2435 non
886 2380 995 2435 sint
1017 2379 1248 2450 recepti,
1275 2395 1372 2434 seu
1395 2378 1514 2435 aliis
1542 2379 1745 2442 verbis,
1778 2395 1911 2434 num
1940 2380 2107 2452 aliqui
2137 2379 2260 2435 libri
2286 2378 2536 2451 inspirati
2559 2377 2851 2451 perierint,
2882 2390 2995 2433 aut

363 2472 374 2480 '
451 2469 711 2523 exsistant
738 2466 959 2538 quidem
997 2466 1092 2522 sed
1129 2466 1198 2523 ab
1235 2466 1476 2523 Ecclesia
1502 2484 1616 2523 uon
1650 2476 2037 2540 agnoscantur.
2068 2467 2234 2523 Haud
2264 2484 2471 2539 paucae
2500 2467 2645 2523 enim
2674 2467 2991 2537 scripturae

449 2556 770 2629 praesertim
789 2558 846 2610 in
870 2557 1068 2611 Vetere
1096 2558 1242 2611 Test.
1275 2571 1375 2627 pro
1402 2554 1643 2611 sontibus
1666 2556 1928 2623 citantur,
1955 2572 2096 2627 quae
2116 2554 2358 2611 divinam
2382 2556 2764 2611 auctoritatem
2788 2554 2989 2610 viden·
3019 2554 3020 2557 ’

446 2652 539 2699 tur
580 2642 861 2711 habuisse3
911 2644 1086 2699 multo
1128 2643 1315 2715 plures
1366 2643 1666 2715 antiquitus
1712 2642 2258 2714 circumferebantur,
2305 2658 2445 2717 quae
2490 2659 2604 2699 non
2650 2651 2863 2697 tantum
2908 2644 2988 2697 ab

449 2730 738 2787 haereticis
759 2728 856 2785 sed
881 2732 1045 2785 etiam
1071 2745 1101 2785 a
1123 2730 1406 2786 catholicis
1429 2745 1529 2801 pro
1554 2730 1751 2786 divinis
1770 2740 1899 2786 sunt
1921 2729 2219 2787 adhibitae,
2246 2731 2597 2802 Quapropter
2620 2740 2681 2785 ut
2702 2732 2985 2801 completa

445 2820 515 2875 sit
543 2818 820 2890 inquisitio
861 2818 917 2873 in
954 2818 1241 2875 historiam
1269 2818 1522 2888 canonis,
1556 2818 1625 2875 de
1664 2818 1818 2875 libris
1854 2818 2183 2891 apocryphis
2219 2827 2275 2875 et
2309 2816 2609 2890 deperditis
2646 2834 2817 2890 pauca
2846 2832 2989 2875 sunt

447 2905 719 2963 addenda.
744 2937 816 2947 --
833 2906 1210 2978 Apocryplms
1237 2904 1543 2978 (ἀπόκρυφος)
1566 2906 1733 2975 enim,
1758 2907 1859 2963 etsi
1879 2907 1929 2963 vi
1952 2907 2315 2979 etymologiae
2335 2922 2466 2962 suae
2489 2905 2637 2962 dicat
2656 2905 2953 2961 occultum
2966 2951 2981 2975 ,

445 2993 611 3050 hodie
637 3003 866 3049 vocatur
901 2994 1058 3061 liber,
1091 2996 1184 3065 qui
1212 2995 1350 3050 salso
1377 2994 1619 3051 creditur
1647 2993 1883 3050 divinus,
1910 2995 2063 3063 Quae
2092 2995 2415 3067 significatio
2445 2994 2550 3050 hac
2579 2996 2787 3051 ratione
2816 2994 2983 3051 vide-

445 3090 536 3137 tur
563 3097 682 3137 esse
718 3090 927 3137 exorta.
958 3081 1186 3153 Antiqui
1221 3082 1444 3152 Graeci,
1472 3082 1551 3137 uti
1580 3098 1773 3137 omnes
1799 3081 2032 3151 ethnici,
2062 3081 2275 3138 divinos
2303 3098 2431 3138 suos
2462 3082 2739 3139 habebant
2769 3082 2981 3143 libros·

446 3184 584 3241 quos
611 3168 738 3239 quia
771 3168 843 3224 ad
879 3169 1139 3240 mysteria
1171 3169 1520 3239 pertinebant
1545 3170 1604 3225 in
1636 3169 1815 3242 adytis
1848 3170 2185 3242 templorum
2224 3170 2573 3229 occultabant
2602 3178 2657 3224 et
2684 3186 2809 3225 cum
2838 3173 2981 3227 solis

443 3256 666 3313 initiatis
689 3256 1169 3312 communicabant
1185 3255 1458 3327 (ἀπόκρυφοι
1483 3257 1669 3327 βιὸλία,
1693 3257 1819 3314 libri
1841 3256 2187 3324 absconditi).
2210 3259 2459 3314 Decursu
2487 3266 2674 3313 autem
2708 3262 2981 3329 temporis

442 3359 638 3401 eorum
693 3344 842 3416 magi
896 3354 952 3399 et
996 3344 1214 3416 theurgi
1249 3361 1424 3402 novos
1463 3344 1734 3401 eiusmodi
1775 3344 1945 3401 libros
1986 3344 2294 3417 fingebant,
2324 3362 2357 3402 e
2406 3345 2601 3418 quibus
2654 3362 2713 3401 se
2755 3344 2979 3405 divinas

444 3431 712 3505 quasdam
752 3432 981 3487 virtutes
1017 3431 1302 3489 addiscere
1329 3433 1627 3489 iactabant.
1666 3438 1847 3505 Atque
1870 3434 2046 3489 simile
2084 3433 2215 3505 quid
2255 3434 2493 3491 obtinuit
2526 3432 2675 3505 apud
2709 3432 2975 3498 Iudaeos,

443 3536 678 3591 quorum
714 3520 861 3592 magi
895 3519 1064 3576 libros
1095 3520 1248 3584 illos,
1278 3528 1343 3575 ut
1377 3521 1646 3577 maiorem
1679 3520 1791 3577 illis
1818 3522 2171 3577 conciliarent
2204 3523 2615 3589 auctoritatem,
2650 3522 2979 3591 patriarchis

442 3608 528 3663 vel
553 3606 835 3678 prophetis
863 3608 1176 3665 auctoribus
1203 3606 1575 3665 attribuebant
1602 3617 1769 3680 atque
1788 3609 1845 3664 in
1880 3609 1991 3665 illis
2017 3619 2289 3665 secretam
2314 3608 2594 3681 quandam
2622 3608 2937 3668 doctrinam
2956 3659 2973 3673 .

442 3710 608 3767 quam
633 3695 945 3751 sacerdotes
963 3696 1065 3753 sibi
1083 3705 1478 3762 reservassent,
1501 3696 1772 3753 contineri
1794 3695 2134 3752 dictitabant.
2158 3697 2303 3753 Hine
2321 3697 2619 3770 apocryphi
2640 3697 2973 3757 vocabulum

441 3792 629 3838 notam
657 3781 980 3853 adulterini,
1009 3782 1220 3851 falsati,
1251 3783 1510 3840 haeretici
1536 3784 1775 3856 accepit,
1802 3792 1969 3855 atquc
1996 3784 2103 3839 hoc
2124 3800 2287 3839 sensu
2315 3800 2348 3840 a
2371 3784 2627 3843 Patribus
2648 3784 2971 3845 adhibetur-

439 3878 488 3927 A
517 3887 753 3943 quorum
789 3873 1070 3929 communi
1104 3870 1370 3943 loquendi
1400 3888 1505 3929 usu
1537 3873 1687 3927 solus
1724 3872 1945 3927 recessit
1982 3870 2257 3928 interdum
2286 3875 2340 3929 S.
2374 3874 2745 3947 Hieronymus
2768 3890 2977 3935 omnes

439 3958 634 4022 libros,
667 3959 759 4030 qui
793 3961 855 4015 in
885 3975 1094 4015 canone
1123 3959 1504 4029 palaestinensi
1540 3975 1654 4015 non
1687 3968 1871 4029 erant,
1904 3958 2245 4032 apocryphos
2281 3961 2563 4032 appellans
2600 3960 2763 4028 (Prol.
2792 3962 2927 4034 gal.)
2950 3993 2967 4028 ;

438 4056 496 4103 at
526 4046 626 4103 sibi
653 4047 770 4118 ipse
798 4048 858 4103 in
889 4046 1152 4118 loquendi
1175 4062 1278 4103 usu
1309 4064 1423 4103 non
1450 4054 1695 4115 constat,
1727 4063 1901 4119 quum
1932 4047 2211 4103 interdum
2243 4064 2370 4105 cum
2398 4048 2520 4105 aliis
2549 4049 2795 4105 Patribus
2820 4066 2969 4122 apo-

436 4135 648 4208 crypho
675 4144 864 4191 notam
891 4135 1185 4195 adulterati
1207 4143 1266 4190 et
1285 4134 1551 4191 haeretici
1566 4136 1754 4191 inurat
1771 4134 1863 4203 (ad
1886 4136 2043 4191 Laet.
2072 4151 2157 4207 cp.
2190 4141 2425 4205 107,12)‚
2454 4137 2729 4193 interdum
2755 4136 2969 4199 librum

435 4222 643 4278 bonum
669 4222 766 4279 sed
793 4222 850 4278 in
877 4238 1144 4279 canonem
1171 4240 1284 4277 non
1309 4231 1597 4294 receptum
1624 4222 1773 4279 dicat
1799 4223 2179 4295 apocryphum
2200 4222 2289 4291 (de
2317 4224 2435 4280 Vir.
2458 4224 2535 4281 ill.
2570 4232 2628 4281 11
2650 4249 2664 4293 ;
2693 4226 2867 4282 Praef.
2902 4230 2967 4287 in

437 4310 622 4366 Iudith
650 4314 800 4379 etc.).
829 4310 938 4367 Alii
964 4320 1153 4367 autem
1187 4309 1432 4367 eiusdem
1460 4312 1655 4367 aetatis
1681 4314 1871 4367 Patres
1898 4310 2053 4367 latini
2082 4314 2195 4378 (SS.
2227 4311 2514 4382 Philastr.‚
2547 4317 2797 4385 August„
2834 4317 2969 4372 Ru-

433 4396 552 4463 fin.)
587 4412 937 4454 communem
972 4396 1232 4470 loquendi
1271 4414 1432 4455 usum
1469 4400 1841 4466 retinuerunt,
1872 4397 2106 4471 ideoque
2144 4414 2246 4455 nos
2283 4415 2503 4473 quoque
2542 4416 2669 4457 cum
2706 4402 2969 4465 omnibus

433 4483 714 4541 catholicis
743 4485 1129 4557 interpretibus
1155 4484 1394 4541 eundem
1417 4502 1732 4557 sequemur.

511 4662 568 4719 2.
602 4694 678 4704 -—
706 4662 1077 4742 Apocrypha
1103 4663 1222 4723 alia
1249 4664 1328 4724 ad
1355 4666 1575 4735 VetuS,
1612 4663 1735 4724 alia
1752 4664 1831 4725 ad
1862 4666 2107 4726 Novum
2142 4666 2309 4727 Test.
2347 4668 2695 4745 pertinent;
2728 4683 2959 4733 secun-
