3050 5184
810 362 889 405 nn
928 361 1110 405 seusu
1152 360 1366 405 TYPtco
1414 345 1814 423 (srmtrusm).
2466 350 2574 408 131

113 490 207 543 locis
224 500 373 561 atque
400 492 591 547 Patres
619 491 892 548 continuis
918 492 1033 547 suis
1066 492 1319 563 practicis
1342 492 1800 567 applicationibus
1825 508 1928 549 nos
1955 492 2176 549 docent.
2217 496 2577 567 Tropologiea

110 576 214 630 enim
235 591 415 632 eorum
438 578 725 649 explicatio
738 621 752 648 ,
784 580 887 635 etsi
913 594 1037 635 eam
1056 577 1408 650 allegoricam
1424 619 1441 646 ,
1464 580 1775 651 mysticam,
1797 579 2135 651 spiritualem
2163 589 2272 637 ete.
2302 582 2581 637 interdum

109 663 342 801 appellent,
372 665 461 720 vix
500 664 803 737 quidquam
826 665 977 721 aliud
1014 675 1117 735 est,
1151 680 1319 737 quam
1358 667 1593 736 practica
1633 666 1916 723 conclusio
1954 682 2020 723 ex
2057 667 2236 723 verbis
2263 668 2582 741 Scripturae

132 750 315 807 evirata.

640 905 677 987 ἕ
714 910 781 969 3.
810 940 901 953 -
931 905 1027 969 De
1064 924 1261 969 sensu
1293 902 1520 991 typico
1559 900 1980 993 (spirituali).

158 1078 289 1135 l.—
318 1080 587 1157 Typieus
622 1095 873 1151 sensuS,
901 1077 993 1139 uti
1024 1095 1213 1155 supra
1257 1078 1493 1138 dietum
1539 1082 1637 1137 est
1679 1078 1736 1156 (ξ
1777 1079 1928 1156 1,1),
1957 1097 2083 1140 non
2134 1079 2504 1141 immediate
2547 1096 2580 1139 e

104 1170 255 1233 verbis
284 1174 587 1247 hauritur,
617 1174 729 1235 sed
768 1173 1211 1235 immediatum
1252 1174 1385 1235 eius
1425 1174 1904 1235 fundamentum
1941 1180 2092 1237 sunt
2128 1192 2434 1255 personae
2472 1175 2574 1235 vel

104 1282 167 1323 res
186 1271 563 1345 providentia
591 1270 805 1331 divina
830 1270 917 1329 ita
944 1270 1291 1347 dispositae
1308 1315 1321 1339 ,
1351 1274 1421 1331 ut
1449 1270 1610 1329 alias
1648 1286 1747 1330 res
1781 1271 1882 1331 vel
1921 1288 2222 1349 personas
2251 1272 2579 1350 signifiea-

104 1368 198 1423 rent
216 1364 395 1445 (typi).
423 1368 475 1427 A
501 1367 635 1427 sola
666 1368 856 1444 igitur
890 1367 1089 1427 libera
1118 1366 1231 1427 Dei
1260 1365 1675 1443 dispositione
1705 1365 2026 1444 dependet
2052 1367 2266 1447 typica
2303 1368 2578 1429 alieuius

106 1458 159 1515 rei
177 1461 259 1519 vel
282 1480 587 1541 personae
610 1464 775 1523 ratio
803 1466 867 1522 et
893 1462 958 1521 in
988 1462 1139 1522 solis
1170 1462 1507 1540 Scripturis
1536 1462 1862 1523 invenitur
1889 1461 2139 1541 typicus
2170 1480 2416 1525 sensuS.

146 1564 393 1623 Praeclare
421 1567 479 1624 id
502 1566 665 1623 docet
691 1570 750 1623 S.
787 1566 1041 1623 Thomas
1074 1567 1314 1637 (Summa
1341 1568 1387 1623 I.
1420 1582 1513 1637 qu.
1550 1571 1601 1621 1.
1633 1582 1684 1621 a.
1721 1568 1801 1625 10)
1833 1587 1847 1621 :
1882 1586 1907 1617 α
1937 1570 2150 1622 Auctor
2177 1566 2234 1623 S.
2261 1566 2576 1637 scripturae

108 1652 305 1721 estneus,
330 1655 387 1709 in
415 1656 575 1711 cuius
598 1662 867 1725 potestate
890 1662 993 1721 est,
1020 1662 1083 1707 ut
1100 1668 1213 1708 non
1240 1654 1421 1708 solum
1445 1668 1605 1708 voces
1625 1652 1698 1708 ad
1721 1652 2147 1725 significandum
2165 1651 2573 1720 accommodet,

108 1736 201 1803 quod
222 1742 375 1797 etiam
403 1742 578 1798 homo
617 1742 793 1797 facere
820 1750 1023 1813 potest,
1052 1740 1151 1796 sed
1190 1742 1359 1797 etiam
1386 1756 1474 1796 res
1506 1741 1674 1811 ipsas·
1717 1742 1788 1795 Et
1822 1739 1978 1808 ideo,
2009 1756 2182 1813 quum
2219 1740 2277 1796 in
2305 1739 2565 1796 omnibus

106 1824 277 1883 §dennis
300 1844 461 1885 voces
499 1828 828 1901 significant,
868 1828 977 1884 Ιιοσ
1012 1827 1183 1884 habet
1212 1829 1538 1899 proprium
1581 1829 1706 1883 ista
1732 1828 1992 1885 seientia
2031 1827 2371 1900 (theologia),
2421 1826 2570 1899 quod

106 1908 299 1979 imeres
322 1917 663 1989 significatae
686 1932 785 1989 per
810 1932 973 1973 voces
998 1916 1166 1971 etiam
1192 1914 1504 1987 significant
1531 1913 1740 1987 aliquid
1767 1936 1818 1971 a.
1853 1914 2222 1972 Mediantibus
2249 1916 2418 1988 igitur
2444 1905 2574 1985 per-¹

106 2000 203 2055 sonis
222 2003 293 2058 vel
316 2004 477 2061 rebus
507 2003 866 2073 (actionibus,
896 2003 1209 2071 eventibuS,
1241 2002 1680 2058 institutionibus
1714 2008 1843 2069 ete.)
1873 2004 1946 2059 ad
1976 2002 2126 2059 hune
2154 2002 2326 2058 finem
2354 2000 2579 2073 speciali

106 2088 373 2153 providentia
400 2092 683 2164 dispositis
718 2094 867 2148 Deus
892 2090 1053 2147 nobis
1089 2090 1363 2162 loquitur,
1394 2104 1535 2161 quae
1579 2104 1843 2161 personae
1881 2090 1967 2145 vel
2014 2104 2103 2144 res
2151 2089 2520 2161 significantes
2543 2104 2577 2145 a

106 2174 312 2234 §.Paulo
336 2190 610 2236 vocantur
636 2182 765 2251 typi
793 2180 975 2245 (Rom.
1006 2184 1165 2247 5‚14;
1201 2184 1223 2233 1
1263 2182 1392 2234 Cor.
1428 2181 1574 2243 10,6)
1609 2186 1702 2233 aut
1742 2177 1909 2233 etiam
1945 2178 2332 2249 exemplaria
2370 2184 2427 2232 et
2453 2194 2576 2233 um-

107 2258 203 2317 brae
228 2264 409 2337 (Hebr.
448 2266 602 2339 8‚5),
633 2268 963 2339 alleqoriae
1001 2266 1159 2339 (Gal.
1196 2268 1371 2334 4,24)‚
1417 2264 1762 2337 parabolae
1801 2264 2000 2337 (Hebr.
2041 2270 2182 2333 9,9),
2216 2265 2342 2336 quia
2381 2266 2576 2320 simili·

105 2348 248 2407 tudinis
271 2355 543 2427 quaedam
563 2356 703 2412 ratio
728 2356 875 2411 inter
898 2369 993 2411 eas
1020 2363 1076 2410 et
1093 2360 1240 2409 inter
1258 2368 1348 2409 res
1366 2352 1730 2421 signifieataS,
1753 2368 1894 2423 quae
1926 2352 2200 2425 antitypa·
2223 2350 2328 2424 (cfr
2360 2359 2383 2407 1
2409 2356 2576 2409 Petr.

106 2438 203 2507 ³221)
234 2444 485 2513 appellari
524 2442 736 2512 solent,
765 2441 1080 2499 intercedit.

146 2526 263 2583 llaec
294 2539 477 2587 autem
514 2529 892 2587 similitudinis
926 2529 1091 2597 ratio,
1126 2544 1298 2600 quum
1336 2544 1367 2584 a
1396 2528 1570 2585 libera
1595 2528 1701 2583 Dei
1729 2528 2013 2584 voluntate
2051 2524 2386 2599 dependeat,
2420 2526 2577 2584 nobis

104 2625 181 2666 ‘sse
202 2618 527 2675 manifestata
559 2617 753 2684 debet,
784 2625 846 2672 ut
871 2623 1080 2689 typum
1108 2632 1174 2672 ac
1200 2616 1361 2687 proin
1394 2616 1657 2687 typicum
1687 2631 1918 2671 sensum
1947 2614 2130 2685 aliquo
2168 2615 2228 2669 in
2264 2614 2575 2687 scripturae

106 2696 185 2755 loeo
206 2716 569 2775 agnoscamus,
600 2703 985 2761 Excluduntur
1011 2719 1143 2776 ergo
1171 2718 1361 2759 omnes
1397 2703 1525 2758 illae
1564 2702 1961 2773 explicationes
1997 2700 2166 2768 vulgo
2209 2700 2577 2773 alleqoricae

104 2782 253 2859 dietae,
290 2793 483 2864 quibus
518 2808 719 2849 omnes
754 2806 844 2849 res
878 2791 1158 2849 sensibiles
1196 2794 1504 2862 (personae,
1547 2798 1776 2845 eventus
1805 2793 1938 2855 ete.)
1978 2788 2038 2843 in
2083 2789 2382 2860 seripturis
2415 2804 2570 2844 eom-

106 2886 370 2937 memoratae
394 2881 555 2937 velut
578 2878 931 2935 involucrum
953 2877 1233 2951 quoddam
1258 2876 1696 2945 considerantur,
1739 2892 1850 2947 quo
1883 2878 2035 2932 Deus
2061 2876 2285 2931 altiores
2323 2876 2576 2931 veritates

105 2964 379 3037 revelaret-iu
416 2968 627 3025 etenim
659 2968 789 3023 licet
823 2967 879 3023 in
920 2965 1027 3022 illis
1069 2980 1289 3038 quoque
1329 2966 1656 3037 interpretes
1690 2963 1934 3035 aliquam
1977 2960 2397 3018 similitudinem
2433 2963 2576 3017 inter

106 3044 251 3119 figuras
272 3056 395 3112 istas
422 3055 717 3113 sensibiles
748 3062 805 3110 et
822 3055 1055 3127 figurata
1082 3052 1381 3124 spiritualia
1400 3050 1827 3123 deprehendisse
1855 3050 1959 3107 sibi
1987 3049 2268 3117 videntur,
2298 3065 2411 3105 non
2439 3065 2574 3104 eon-

106 3142 367 3209 statumen,
390 3160 517 3200 eam
550 3158 668 3199 esse
694 3158 725 3198 a
752 3143 873 3197 Deo
900 3142 1186 3209 intentam,
1214 3154 1279 3196 ae
1299 3154 1490 3195 revera
1518 3140 1836 3210 saepissime
1859 3146 1942 3194 est
1967 3153 2124 3193 mera
2152 3136 2328 3193 fictio.
2361 3141 2410 3193 A
2431 3136 2576 3208 typis

110 3232 235 3281 sutem
258 3230 386 3287 bene
412 3228 799 3303 distinguenda
830 3245 1051 3301 quoque
1074 3236 1203 3283 sunt
1231 3226 1520 3299 symbola,
1549 3226 1746 3297 quibus
1775 3224 2080 3297 prophetae
2109 3240 2142 3279 a
2171 3228 2290 3280 Deo
2319 3225 2450 3279 iussi
2485 3226 2574 3279 in-

107 3310 263 3371 tentum
286 3320 415 3377 alias
438 3334 531 3376 ιω
554 3317 959 3391 significabant,
982 3316 1187 3372 etenim
1206 3315 1263 3370 in
1284 3315 1369 3370 his
1387 3314 1614 3371 omnino
1634 3311 1859 3386 quidem
1878 3321 2097 3368 constat
2113 3355 2126 3381 ,
2159 3312 2574 3368 similitudinem

108 3410 185 3453 esse
204 3418 229 3457 a
254 3406 362 3461 Deo
386 3409 688 3472 intentam,
718 3415 775 3461 at
811 3403 1145 3477 symbolicae
1182 3404 1425 3458 actiones
1458 3410 1636 3457 totam
1673 3416 1831 3456 suam
1867 3399 2165 3456 exsistendi
2203 3402 2472 3456 rationem
2513 3401 2567 3454 in

110 3482 177 3541 hae
196 3494 633 3567 praefiguratione
659 3492 990 3559 habuerunt,
1015 3500 1077 3546 ut
1111 3506 1177 3547 ea
1213 3488 1427 3545 sublata
1460 3488 1573 3545 iam
1609 3504 1722 3543 nou
1759 3496 1942 3545 essent
1979 3486 2183 3555 factae3
2227 3488 2344 3561 typi
2381 3495 2566 3543 autem

108 3584 215 3630 Suam
236 3580 513 3638 exsistendi
556 3580 826 3638 rationem
865 3578 923 3636 iu
950 3594 1008 3634 se
1036 3576 1245 3634 habent
1274 3585 1329 3632 et
1366 3576 1786 3649 praefigurative
1817 3576 1897 3630 vis
1939 3575 2048 3631 illis
2075 3582 2160 3630 est
2193 3574 2568 3645 superaddita.

108 3658 215 3725 Quae
236 3668 428 3725 Ezech.
464 3675 592 3739 12,2
616 3684 741 3741 sqq.
768 3684 799 3723 a
832 3666 1100 3739 propheta
1128 3665 1295 3732 flunt,
1327 3663 1451 3719 ideo
1483 3668 1719 3719 tantum
1747 3662 1917 3732 flunt,
1947 3671 2008 3718 ut
2044 3660 2288 3719 futuram
2317 3661 2572 3719 Sedeciae
2627 3660 2640 3675 ’

109 3756 259 3807 sortem
282 3758 673 3831 praefigurent;
706 3770 847 3828 quae
878 3762 1063 3812 autem
1101 3752 1172 3810 de
1200 3751 1435 3809 transitu
1464 3750 1683 3807 Israelis
1712 3765 1809 3821 per
1837 3766 1990 3806 mare
2019 3758 2316 3806 narrantur
2353 3749 2573 3817 (Ea-od.

114 3838 225 3899 ¹⁴,22
245 3847 403 3914 sqq.)‚
433 3844 687 3917 quamvis
712 3842 878 3899 etiam
912 3840 1170 3914 mysteria
1200 3838 1381 3895 futura
1416 3838 1791 3911 praefigurent
1820 3841 1864 3905 (1
1906 3840 2045 3896 Cor.
2091 3840 2216 3905 1052
2258 3840 2436 3910 sqq.)‚
2467 3836 2575 3892 mi-

111 3918 213 3979 nime
226 3935 391 3987 tamen
416 3931 489 3988 ad
516 3948 582 3987 ea
611 3932 731 3987 sola
755 3927 1045 3986 indicanda
1082 3926 1223 3983 l'aeta
1258 3936 1401 3981 sunt.
1442 3926 1610 3983 Unde
1649 3924 1984 3997 symbolicae
2021 3924 2266 3981 actiones
2303 3939 2476 3995 aeque
2511 3939 2575 3977 ac

112 4010 373 4075 ⁵§mbolicae
398 4020 635 4076 visiones
678 4018 879 4073 limites
919 4031 1111 4073 sensus
1151 4014 1377 4071 literalis
1403 4012 1768 4084 metaphoriei
1795 4027 1911 4068 non
1941 4007 2431 4081 transgrediuntur
2469 4005 2574 4072 (cfr

112 4093 151 4146 S.
180 4100 341 4163 Thom.
365 4105 562 4177 Quodl.
590 4106 717 4162 Vll.
749 4122 842 4178 qu.
875 4110 927 4161 6.
961 4120 1013 4160 a.
1044 4108 1128 4159 15.
1162 4101 1231 4158 ad
1262 4106 1356 4169 1.).

168 4240 212 4297 Ξ.
236 4276 301 4288 —-
324 4244 463 4308 Sine
502 4248 653 4309 fidei
678 4245 1058 4308 detrimento
1095 4262 1221 4305 non
1255 4248 1460 4322 potest
1491 4242 1739 4320 negari,
1765 4246 1953 4321 typos
1980 4240 2391 4319 typicumque
2434 4254 2578 4296 sen-

116 4348 215 4395 >¹1m
234 4338 287 4398 in
310 4342 637 4421 Scripturis
674 4342 969 4414 inveniri;
999 4342 1137 4420 ipsa
1167 4340 1337 4400 enim
1376 4340 1527 4399 Novi
1564 4338 1731 4399 Test.
1757 4336 2087 4415 inspiratio
2119 4334 2466 4395 destruitur
2497 4333 2573 4393 ab

116 4424 326 4511 illisqui
353 4438 683 4500 levissimis
712 4442 900 4516 atque
929 4438 1273 4498 attentione
1293 4436 1397 4495 vix
1426 4436 1632 4513 dignis
1657 4432 2121 4495 obiectionibus
2149 4436 2336 4510 typos
2356 4445 2574 4491 omnes

118 4524 383 4593 excludunt
402 4536 805 4614 typicumque
841 4550 1090 4595 sensum
1120 4551 1234 4612 pro
1260 4549 1437 4593 mero
1468 4532 1768 4609 figmento
1792 4530 2048 4590 habent.

166 4629 293 4697 Quod
320 4648 511 4711 quanta
540 4655 665 4697 eum
694 4640 921 4697 veritate
950 4646 1241 4707 asseratur,
1278 4636 1435 4693 facile
1462 4642 1713 4707 apparet,
1735 4634 1780 4691 si
1805 4632 1876 4691 ad
1895 4633 2288 4705 Apostolorum
2307 4630 2576 4689 rationem
