3050 5184
842 347 921 392 nn
960 334 1421 393 ruovanmonuu
1464 348 1629 393 num
1673 348 2060 393 Auentinum.
2605 326 2719 385 327

1222 736 1523 805 CAPUT
1567 736 1691 804 IV.

832 976 929 1029 DE
967 977 1235 1029 TRIBUS
1272 977 1517 1029 LIBRIS
1559 976 2080 1029 SALOMONICIS.

995 1192 1047 1245 1.
1083 1192 1175 1245 De
1207 1192 1698 1246 Proverbiorum
1729 1192 1917 1245 libro.

338 1404 375 1487 ξ
417 1409 523 1469 12.
557 1442 645 1451 —
680 1406 776 1471 De
808 1403 964 1471 libri
990 1404 1500 1473 Proverbiorum
1538 1414 1936 1495 arqumento
1955 1456 1970 1485 ,
2013 1402 2368 1485 divisione,
2404 1402 2567 1491 fine.

252 1623 315 1680 1.
346 1656 429 1664 —
459 1644 491 1677 <t
522 1622 701 1683 Liber
728 1625 1221 1696 Proverbiorum,
1248 1644 1423 1705 quem
1455 1623 1716 1685 Hebraei
1747 1624 1923 1685 Misle
1952 1622 2266 1702 appellant
2297 1645 2328 1677 »
2363 1638 2400 1681 a
2433 1620 2721 1681 Patribus

161 1718 537 1795 argumenti
568 1720 811 1780 ratione
835 1720 1051 1781 habita
1081 1740 1269 1800 saepe
1298 1721 1653 1800 appellatur
1679 1722 1855 1781 Liber
1881 1722 2226 1799 Sapientiae
2243 1718 2342 1779 vel
2367 1721 2400 1787 ἡ
2429 1718 2722 1795 πανάρετος

168 1813 333 1892 σοφία
355 1811 419 1893 («
446 1814 772 1894 Sapientia
791 1833 1049 1877 omnem
1078 1817 1378 1879 virtutem
1414 1817 1644 1877 docens
1675 1816 1734 1897 ιι)
1757 1817 1858 1877 vel
1877 1820 1912 1890 ἡ
1937 1812 2316 1895 παιδαγωγικὴ
2345 1814 2502 1893 σοφία
2532 1813 2587 1891 («
2611 1812 2720 1873 Sa-

166 1911 423 1988 pientia
452 1912 713 1973 iuvenes
743 1912 1037 1973 erudiens
1072 1911 1153 1991 »).

242 2034 472 2088 Nomen
512 2032 675 2089 Hisle
706 2034 997 2106 (Origenes
1028 2052 1044 2091 z
1073 2034 1330 2107 Mislotli)
1359 2044 1444 2091 est
1467 2036 1711 2106 primum
1737 2033 2069 2090 vocabulum
2089 2032 2242 2088 tituli
2273 2030 2522 2088 hebraici
2551 2011 2720 2109 ''2¹35ss

166 2126 385 2232 θξζῖἱζῒῖ
426 2124 559 2237 3¹77?
596 2152 814 2239 ”TE
852 2128 1040 2227 51]ἵέιῖἲῂ
1080 2148 1368 2219 (Παροιμίαι
1420 2148 1750 2219 Σαλομῶντος
1801 2147 1908 2201 υἱοῦ
1951 2146 2156 2209 Δαυεὶδ,
2203 2146 2258 2207 ὃς
2304 2144 2614 2198 ἒὸασίλευσεν
2632 2112 2643 2121 ι
2670 2141 2721 2195 ἐν

176 2249 411 2321 Ἰσραήλ,
442 2251 769 2307 proverbia
788 2252 1125 2309 Salomonis
1139 2294 1154 2320 ‚
1184 2251 1309 2324 filii
1334 2254 1558 2318 David,
1585 2255 1742 2325 reqis
1763 2253 1996 2324 Israel).
2022 2254 2133 2309 Pro
2163 2268 2272 2325 quo
2301 2251 2482 2320 titulo,
2511 2250 2605 2322 qui
2633 2264 2720 2303 ex-

168 2347 402 2395 ternam
442 2337 573 2395 libri
603 2338 837 2395 formam
874 2340 1103 2412 eiusque
1140 2349 1426 2398 auctorem
1464 2338 1700 2409 indicat,
1745 2341 1937 2397 Patres
1974 2339 2094 2395 aliis
2129 2340 2212 2397 uti
2245 2339 2590 2406 maluerunt,
2627 2336 2723 2408 qui

170 2434 577 2498 argumentum
614 2428 797 2495 magis
836 2428 1171 2499 respiciunt3
1202 2436 1449 2485 attamen
1474 2428 1698 2483 nomina
1717 2470 1730 2497 ‚
1765 2443 1907 2499 quae
1943 2426 2239 2495 adhibent,
2269 2423 2582 2483 Proverbiis
2608 2440 2721 2480 non

170 2514 255 2571 ita
292 2522 427 2571 sunt
456 2514 708 2586 propria,
740 2524 802 2569 ut
829 2514 950 2570 aliis
978 2515 1235 2587 operibus
1265 2514 1627 2587 denegentur.
1657 2517 1800 2571 Nam
1831 2515 2073 2587 quinque
2102 2523 2232 2570 sunt
2252 2513 2409 2582 libri,
2440 2511 2534 2585 qui
2557 2512 2720 2568 stric-

170 2602 324 2657 tiore
365 2616 533 2657 sensu
575 2603 961 2674 sapientiates
1000 2603 1348 2675 appellantur
1378 2623 1393 2658 z
1424 2605 1532 2657 Pro
1540 2601 1726 2659 verbia
1739 2643 1754 2670 ,
1789 2603 2150 2659 Ecclesiastes
2163 2642 2178 2671 ‚
2209 2602 2499 2658 Canticum
2536 2601 2717 2667 Cant,

172 2688 463 2759 Sapientia
487 2689 828 2757 Salomonis,
858 2690 1301 2757 Ecclesiasticus3
1334 2697 1503 2761 atque
1532 2705 1726 2751 omnes
1753 2690 2000 2761 quinque
2026 2688 2129 2745 suh
2157 2688 2322 2744 titulo
2364 2709 2390 2739 <x
2435 2687 2582 2743 libri
2605 2689 2718 2743 Sa-

170 2778 449 2848 pientiae
476 2796 503 2827 »
548 2776 609 2831 in
636 2776 847 2833 Missali
886 2776 1165 2849 leguntur.
1196 2779 1372 2833 Porro
1412 2778 1732 2849 Sapientia
1775 2778 1858 2833 vel
1897 2777 2215 2849 Sapientia
2257 2775 2598 2833 Salomonis
2637 2782 2721 2829 est

174 2879 392 2921 nomen
426 2864 718 2935 proprium
758 2866 965 2938 quarti
1004 2880 1071 2921 ex
1112 2864 1222 2921 illis
1258 2863 1437 2932 libris,
1470 2872 1638 2935 atque
1675 2864 2114 2935 Ecclesiasticus,
2150 2864 2246 2936 qui
2287 2861 2720 2919 Proverbiorum

174 2950 327 3009 libro
362 2959 697 3023 argumento
724 2960 781 3007 et
818 2950 997 3008 forma
1032 2960 1115 3007 est
1142 2951 1481 3018 simillimae,
1510 2951 1680 3008 etiam
1707 2967 1740 3007 a
1764 2950 2021 3007 Patribus
2045 2950 2368 3021 saepissime
2397 2948 2720 3005 nominatur

174 3038 211 3105 ἣ
241 3039 394 3109 σοφία
420 3040 511 3094 vel
532 3037 564 3106 ἡ
587 3040 853 3109 πανάρετος
888 3039 1050 3110 σοφία.
1080 3068 1155 3080 -
1177 3042 1313 3095 Tres
1343 3038 1556 3109 priores
1582 3038 1706 3095 libri
1735 3038 2088 3109 sapientiales
2120 3039 2472 3094 Salomonem
2512 3035 2721 3093 habent

176 3135 489 3195 auctorem,
525 3135 863 3199 quapropter
898 3142 993 3183 eos
1018 3128 1077 3183 in
1103 3135 1343 3183 tractatu
1378 3134 1574 3182 nostro
1609 3126 2020 3198 coniungimu53
2052 3125 2166 3182 duo
2203 3125 2405 3197 reliqui
2437 3122 2720 3181 interdum

175 3212 285 3269 sub
309 3214 629 3269 Salomonis
653 3214 878 3269 nomine
906 3215 1237 3286 allegantur,
1267 3214 1399 3270 licet
1429 3215 1546 3269 eius
1569 3230 1682 3269 non
1711 3213 1849 3280 sint;
1877 3213 1948 3271 de
1973 3212 2043 3269 iis
2073 3214 2134 3269 in
2165 3213 2345 3283 capite
2373 3213 2442 3267 V.
2468 3226 2714 3284 agemus

260 3366 325 3423 2.
352 3396 437 3407 -
462 3366 573 3423 Est
600 3368 812 3424 autem
838 3363 1323 3423 Proverbiorum
1342 3363 1507 3424 liber
1537 3364 1823 3424 collectio
1847 3369 2208 3441 poematum
2238 3362 2714 3433 didacticorum‚

180 3476 351 3537 quae
383 3458 598 3519 omnia
626 3460 691 3518 in
718 3460 1027 3537 sapientia
1054 3459 1367 3533 docenda,
1399 3458 1802 3531 celebranda,
1839 3458 2337 3521 commendanda
2365 3462 2714 3519 versantur.

251 3571 569 3643 Sapientia,
593 3587 762 3643 quam
788 3570 921 3627 libri
942 3572 1293 3643 sapientiales
1316 3571 1517 3627 docent
1533 3615 1546 3641 ‚
1575 3587 1688 3627 non
1715 3580 1798 3628 est
1825 3572 2100 3628 humanae
2128 3570 2382 3644 originis,
2409 3570 2510 3627 sed
2534 3569 2720 3627 divina

150 3712 155 3715 .
179 3658 519 3715 revelatione
539 3657 758 3725 nititur,
784 3658 1089 3715 secundum
1110 3659 1263 3731 leges
1284 3658 1501 3715 divinas
1520 3658 1710 3714 omnia
1739 3658 2022 3728 diiudicat,
2051 3659 2123 3715 ad
2147 3662 2328 3715 Deum
2351 3658 2504 3715 velut
2523 3673 2718 3715 eorum

182 3746 519 3818 principium
544 3754 602 3802 et
628 3762 825 3803 eorum
858 3746 1116 3801 ultimum
1142 3746 1310 3801 finem
1339 3746 1527 3802 omnia
1555 3746 1755 3816 refert3
1787 3762 1854 3803 ex
1889 3747 2092 3803 timore
2118 3746 2222 3803 Dei
2249 3745 2496 3802 exoritur
2522 3749 2717 3813 (Pr-ov.

182 3838 365 3903 9‚10)‚
392 3834 595 3890 timore
625 3834 727 3889 Dei
766 3833 977 3906 regitur
1004 3842 1061 3889 et
1098 3832 1321 3889 ducitur
1348 3834 1542 3907 (Prov.
1579 3840 1794 3904 1533),
1820 3834 2018 3891 timore
2041 3834 2149 3890 Dei
2189 3841 2488 3890 coronatur
2515 3835 2716 3900 (Eccli.

190 3926 356 3989 t‚22).
385 3922 527 3977 Tota
556 3922 795 3992 practica
824 3929 906 3977 est
932 3920 1321 3995 hominemque
1358 3922 1711 3979 omnimodae
1739 3922 1958 3978 virtutis
1993 3922 2255 3979 exercitio
2295 3920 2366 3977 ad
2400 3920 2624 3990 plenam
2665 3930 2721 3977 et

184 4006 488 4079 perfectam
527 4007 928 4065 beatitudinem
968 4008 1197 4065 adducit
1222 4010 1414 4081 (Pron.
1456 4014 1610 4077 835.
1655 4010 1739 4081 36)
1757 4052 1772 4078 ,
1801 4009 1872 4065 iis
1897 4018 2086 4066 autem
2100 4049 2116 4076 ‚
2146 4025 2177 4065 a
2215 4006 2416 4080 quibus
2456 4006 2720 4065 irridetur

182 4084 389 4185 (tm-⁵⁴2,
416 4105 719 4172 irrisores)
748 4102 1013 4160 iudicium
1042 4106 1330 4161 annuntiat
1355 4110 1579 4173 (1939),
1619 4107 1804 4175 Quare
1833 4120 1944 4161 non
1966 4105 2246 4161 immerito
2281 4102 2422 4159 liber
2449 4120 2482 4159 a
2508 4111 2568 4165 S.
2593 4112 2719 4164 Ba-

180 4210 323 4267 sitio
348 4210 538 4275 (Hom.
568 4213 713 4275 121)
737 4209 1045 4280 appellatur
1063 4230 1089 4260 α
1110 4224 1331 4264 morum
1356 4208 1632 4266 institutio
1655 4218 1709 4265 et
1729 4212 2000 4266 correctio
2029 4209 2508 4280 perturbationum
2525 4213 2716 4283 animi,

183 4313 287 4354 seu
318 4295 604 4367 disciplina
636 4296 780 4351 vitae
818 4296 1125 4368 praeceptis
1160 4296 1351 4352 multis
1390 4305 1447 4353 et
1486 4298 1906 4369 sapientissimis
1943 4304 2204 4354 constans
2229 4318 2280 4355 n.
2312 4300 2505 4371 Neque
2529 4309 2719 4358 tamen

184 4384 260 4439 de
294 4382 551 4439 omnibus
584 4383 823 4441 hominis
854 4382 1049 4439 officiis
1085 4384 1215 4455 agit,
1253 4382 1349 4441 sed
1388 4384 1457 4441 de
1489 4384 1560 4440 iis
1587 4388 1854 4453 maxime,
1881 4400 2023 4457 quae
2058 4400 2186 4457 erga
2216 4402 2274 4442 se
2298 4387 2482 4459 ipsum
2510 4398 2566 4445 et
2589 4406 2718 4462 erga

186 4472 503 4544 proximum
541 4471 772 4543 implere
823 4470 1007 4527 debet.
1055 4472 1209 4539 Quae
1248 4472 1576 4545 plerumque
1629 4473 1846 4545 gnomis
1891 4471 2491 4548 similitudinibusque‚
2537 4478 2719 4535 rarius

186 4558 530 4632 longioribus
543 4556 881 4615 carminibus
896 4566 1301 4630 proponuntur,
1323 4559 1399 4615 ita
1420 4568 1483 4614 ut
1501 4568 1762 4615 accurata
1783 4558 1912 4615 libri
1933 4557 2131 4615 divisio
2147 4562 2456 4621 secundum
2467 4562 2719 4623 idearum

186 4662 391 4704 nexum
415 4645 569 4703 tradi
603 4662 717 4701 non
747 4646 951 4716 possit;
980 4661 1161 4717 neque
1192 4646 1343 4701 enim
1370 4647 1552 4703 maior
1583 4654 1666 4701 est
1689 4646 2036 4717 singulorum
2060 4650 2521 4722 proverbiorum,
2553 4670 2720 4726 quam
