3050 5184
372 308 491 368 636
1449 323 1830 368 APPENDIGES.

436 455 623 522 Quum
643 452 931 524 inspiratio
950 452 1022 508 sit
1042 452 1253 508 factum
1270 455 1694 524 supranaturale
1712 456 1866 510 mere'
1887 455 2169 512 internum
2186 499 2200 521 ,
2227 463 2346 512 tres
2365 463 2585 510 tantum
2597 492 2614 520 ,
2634 449 2710 506 uti
2731 453 2872 519 patet·

366 539 663 611 excogitari
696 549 903 611 queunt
932 541 1140 606 sonteS,
1172 540 1370 612 quibus
1399 541 1520 596 aliis
1566 541 1876 596 innotescat
1917 560 1931 596 :
1959 551 2056 598 aut
2091 542 2213 612 ipso
2240 542 2506 596 nimirum
2541 533 2876 608 inspirationis

368 627 594 694 effectu,
626 627 663 682 i.
694 645 743 683 e.
778 627 965 684 indole
992 637 1049 684 et
1076 628 1400 684 charactere
1428 627 1702 701 singulari
1731 628 1857 684 libri
1888 628 2169 700 inspirati,
2200 638 2301 685 aut
2328 628 2644 684 testimonio
2671 620 2876 679 homini>

369 714 646 786 inspirati,
684 725 781 771 aut
810 717 915 772 Dei
941 717 1259 787 inspirantis
1290 717 1628 772 testimonio.
1663 717 1838 788 Atqui
1879 717 2028 787 quod
2057 716 2128 772 ad
2159 718 2402 787 primum
2435 716 2645 770 sontem
2682 711 2872 766 attinet.

370 801 569 857 frustra
599 819 719 860 sese
752 813 1037 860 torserunt
1074 803 1393 872 acatholici,
1436 804 1534 879 qui
1561 803 1777 860 divinas
1815 804 2144 860 traditiones
2185 806 2530 869 reiecerunt,
2559 811 2621 857 ut
2661 801 2718 855 in
2753 794 2874 852 libris

369 890 524 961 ipsis,
547 907 687 963 quos
712 893 863 948 velut
879 893 1175 963 inspiratos
1194 891 1569 962 admiserunt,
1596 893 1877 947 criterium
1905 892 2187 964 quoddam
2209 891 2564 964 detegerent,
2589 905 2697 962 quo
2717 899 2872 941 eorum

366 977 783 1050 inspirationem
826 979 1298 1048 demonstrarent;
1332 979 1540 1036 frustra
1569 981 1716 1036 enim
1756 980 1906 1034 hunc
1928 981 1985 1034 in
2027 981 2196 1035 finem
2239 979 2311 1035 ab
2341 979 2461 1035 aliis
2492 977 2794 1049 appellatur
2821 969 2870 1024 ad

369 1065 639 1124 librorum
668 1077 1087 1140 argumentum,
1118 1069 1158 1125 i.
1202 1085 1255 1124 e.
1281 1069 1550 1124 miracula
1581 1069 1950 1140 vaticiniaque
1988 1069 2046 1124 in
2072 1069 2142 1123 iis
2183 1077 2476 1133 contenta,
2511 1067 2590 1122 vel
2619 1063 2871 1120 sublimem

362 1171 555 1212 eorum
581 1155 925 1224 doctrinam,
956 1157 1027 1212 ab
1068 1157 1188 1212 aliis
1230 1157 1301 1212 ad
1344 1173 1541 1213 eorum
1585 1156 1852 1225 formam,
1888 1157 2208 1228 simplicem
2239 1157 2506 1211 nimirum
2535 1162 2590 1210 et
2621 1151 2872 1208 sublimem

362 1241 694 1310 dictionem,
724 1244 794 1299 ab
822 1246 941 1300 aliis
974 1245 1045 1300 ad
1076 1261 1269 1300 eorum
1300 1245 1558 1312 effectuS‚
1593 1245 1934 1316 singularem
1963 1260 2040 1300 sc.
2073 1252 2302 1316 gustum
2338 1259 2402 1298 ac
2431 1257 2714 1312 saporem,
2744 1251 2872 1308 quem

357 1331 674 1402 Scripturae
697 1332 863 1388 lectio
888 1332 1198 1404 producat3
1226 1332 1363 1388 haec
1382 1333 1530 1390 euim
1559 1333 1748 1388 omnia
1773 1331 2068 1388 arbitraria
2101 1348 2251 1400 esse,
2283 1329 2722 1388 Protestantium
2753 1340 2873 1396 expe·

357 1419 554 1475 rientia
589 1420 722 1475 satis
759 1421 991 1488 evincit,
1037 1422 1129 1492 qui
1170 1420 1255 1476 his
1292 1421 1525 1476 criteriis
1554 1419 1709 1476 ducti
1751 1437 1818 1476 eo
1863 1419 2152 1491 paullatim
2191 1419 2564 1484 devenerunt,
2611 1425 2674 1471 ut
2699 1415 2878 1470 nullum

358 1507 597 1578 amplius
619 1507 825 1563 librum
862 1523 1085 1564 sacrum
1112 1507 1377 1564 habeant.
1408 1511 1586 1564 Porro
1613 1507 1785 1579 ipsius
1814 1523 2035 1580 quoque
2063 1508 2350 1579 scriptoris
2378 1505 2638 1578 inspirati
2655 1503 2876 1559 testimo-

361 1595 513 1650 nium
543 1595 723 1650 solum
742 1595 997 1651 sufficere
1019 1597 1242 1668 nequit3
1268 1595 1601 1667 praeprimis
1629 1597 1777 1650 enim
1801 1611 1903 1667 per
1931 1611 1990 1651 se
2013 1611 2127 1651 non
2151 1594 2474 1667 requiritur,
2504 1602 2566 1648 ut
2585 1593 2752 1648 homo
2777 1603 2880 1645 suae

360 1682 475 1752 ipse
508 1682 613 1738 sihi
640 1683 715 1738 sit
740 1684 992 1740 conscius
1022 1684 1433 1755 inspirationiS,
1474 1684 1725 1755 quamvis
1755 1683 2116 1740 libentissime
2145 1683 2546 1750 concedamuS,
2589 1682 2882 1752 plerumque

362 1769 587 1836 saltem,
620 1772 702 1826 uti
740 1772 1071 1843 prophetas,
1105 1773 1181 1827 ita
1210 1771 1620 1844 hagiographos
1653 1779 1878 1828 nostros
1903 1774 2086 1828 Deum
2118 1771 2176 1826 in
2205 1771 2340 1843 ipsis
2369 1787 2436 1826 ac
2464 1785 2564 1842 per
2591 1770 2739 1840 ipsos
2759 1765 2882 1836 loqui

366 1873 431 1912 ac
459 1857 701 1913 scribere
744 1859 985 1916 scivisse.
1030 1863 1105 1915 At
1142 1860 1322 1932 agitur
1364 1858 1435 1915 de
1478 1860 1698 1916 actione
1727 1860 1972 1925 interna,
2005 1859 2064 1914 in
2103 1875 2212 1930 qua
2245 1859 2413 1914 homo
2457 1855 2798 1913 illusionibus
2821 1860 2882 1906 est

364 1944 666 2012 obnoxius3
700 1961 872 2017 quare
900 1947 1232 2019 inspiratae,
1262 1963 1604 2020 quamquam
1646 1947 1716 2002 de
1743 1946 2132 2003 illustrationis
2169 1962 2234 2002 ac
2277 1945 2568 2014 motioniS,
2611 1957 2774 2017 quam
2805 1957 2881 1996 ex·

364 2032 596 2103 peritur,
625 2034 836 2106 origine
866 2033 1051 2091 divina
1087 2051 1187 2107 per
1214 2039 1397 2090 Deum
1427 2045 1612 2090 certus
1641 2033 1917 2104 redditur,
1948 2035 2230 2108 postulare
2256 2043 2444 2090 tamen
2472 2033 2700 2107 nequit,
2733 2039 2791 2085 ut
2811 2027 2884 2083 alii

366 2121 685 2176 testimonio
710 2137 811 2178 suo
834 2121 907 2178 de
936 2122 1078 2179 sacta
1107 2123 1473 2194 inspiratione
1504 2121 1674 2179 fidem
1698 2123 1970 2192 habeant,
1999 2123 2102 2178 nisi
2120 2122 2259 2178 illud
2279 2121 2563 2178 miraculis
2585 2119 2883 2176 confirmet:

364 2223 474 2280 qua
518 2209 576 2264 in
604 2209 900 2281 hypothesi
938 2209 1216 2276 divinum,
1248 2209 1398 2282 quod
1443 2211 1651 2282 requiri
1681 2210 1953 2277 diximus,
1991 2211 2374 2266 testimonium
2411 2209 2703 2266 habemus.
2735 2205 2890 2262 Multo

324 2299 329 2306 '
363 2297 542 2368 magis
570 2306 757 2352 autem
798 2298 1071 2354 eiusmodi
1111 2298 1361 2354 divinum
1403 2299 1785 2354 testimonium
1830 2298 1900 2356 de
1931 2297 2087 2354 libris
2131 2298 2334 2356 nostris
2375 2298 2549 2354 sacris
2593 2294 2892 2368 requiritur.

366 2398 540 2455 quum
569 2400 763 2440 omnes
789 2385 898 2442 fide
926 2386 1111 2442 divina
1140 2386 1369 2443 credere
1392 2394 1706 2456 teneamur,
1736 2403 1830 2442 eos
1859 2403 1978 2442 esse
2007 2388 2320 2458 inspiratos

434 2471 727 2538 Quomodo
752 2473 979 2529 tandem
1008 2474 1181 2530 libros
1200 2483 1426 2532 nostros
1443 2475 1629 2531 Deum
1653 2475 1858 2530 habere
1883 2483 2168 2530 auctorem
2193 2485 2247 2532 et
2275 2475 2584 2547 inspirante
2613 2473 2818 2544 Spiritu
2843 2473 2888 2524 S.

365 2560 705 2632 conscriptos
733 2577 851 2616 esse
876 2561 1305 2632 demonstretur,
1328 2564 1439 2618 iam
1459 2562 1701 2618 diximus
1730 2567 1806 2631 (n.
1831 2567 1908 2631 2),
1931 2562 2082 2618 haud
2113 2563 2231 2618 sine
2259 2561 2476 2618 ratione
2508 2570 2697 2617 autem
2722 2562 2892 2615 Patres

364 2648 539 2703 Vatic.
570 2647 874 2705 definitioni
902 2665 1032 2706 suae
1058 2651 1381 2716 (Ecclesiam
1425 2667 1521 2706 eos
1568 2667 1670 2723 pro
1710 2652 1882 2706 sacris
1911 2660 1966 2706 et
1999 2651 2280 2706 canonicis
2321 2649 2530 2706 habere
2573 2649 2706 2720 quia
2731 2651 2890 2702 Deum

368 2736 607 2792 habeant
638 2745 940 2806 auctorem)
972 2739 1167 2795 ultimo
1196 2740 1255 2794 in
1282 2741 1404 2795 loco
1433 2739 1652 2796 addunt
1679 2760 1692 2796 :
1738 2759 1764 2790 α
1793 2747 1960 2810 atque
1995 2749 2057 2794 ut
2093 2741 2232 2795 tales
2271 2739 2376 2810 ipsi
2409 2736 2693 2794 Ecclesiae
2717 2731 2888 2790 traditi

364 2833 495 2880 sunt
521 2845 572 2892 »ς
604 2825 875 2881 rationem
904 2828 1051 2882 enim
1077 2825 1236 2883 nobis
1260 2827 1526 2896 innuunt,
1557 2842 1663 2899 qua
1692 2825 1819 2882 nixa
1845 2826 2089 2883 Ecclesia
2117 2842 2213 2882 eos
2241 2842 2344 2898 pro
2371 2825 2654 2896 inspiratis
2702 2821 2888 2879 habet:

365 2911 492 2968 illos
532 2929 609 2968 sc.
639 2913 710 2969 ab
752 2915 1033 2985 Apostolis
1079 2924 1369 2987 tamquam
1408 2916 1708 2988 inspiratos
1747 2917 1990 2984 accepit;
2039 2923 2208 2986 atque
2243 2915 2410 2970 simul
2448 2913 2726 2970 rationem
2755 2907 2894 2966 nobis

364 3000 629 3070 innuunt,
661 3017 770 3072 qua
800 3003 916 3058 nixi
940 3020 1043 3060 nos
1072 3020 1169 3059 eos
1194 3020 1295 3075 pro
1324 3004 1610 3074 inspiratis
1639 3001 1908 3059 habemus
1935 3003 2088 3058 iuxta
2116 3002 2256 3058 illud
2284 3000 2584 3074 Augustini
2619 3019 2636 3056 :
2674 3019 2700 3050 α
2729 3000 2892 3054 Evan-

366 3088 507 3158 gelio
540 3105 653 3145 non
684 3090 1006 3159 crederem,
1034 3091 1140 3148 nisi
1164 3093 1442 3149 Ecclesiae
1468 3107 1562 3148 me
1588 3100 1840 3148 moveret
1865 3090 2168 3148 auctoritas
2197 3111 2223 3144 n
2243 3090 2308 3146 ²⁶.

428 3279 525 3342 (24)
550 3283 624 3330 lta
645 3281 753 3332 sere
780 3288 904 3334 va
928 3285 1116 3336 relator
1148 3285 1203 3334 in
1234 3297 1328 3334 sna
1356 3284 1630 3336 schematis
1657 3284 1899 3348 propositi
1927 3282 2262 3348 explicatione
2293 3281 2518 3334 collect.
2553 3285 2676 3332 Lac.
2713 3275 2886 3330 concil.

366 3363 558 3409 recent.
594 3361 702 3410 vn.
732 3365 839 3412 141.
