3050 5184
1251 769 1612 849 SECTIO
1665 771 1997 848 PRIOR.

856 1021 936 1087 De
961 1022 1286 1106 Utriusque
1313 1022 1679 1088 Testamenti
1706 1023 1974 1088 textibus
2002 1023 2405 1106 primigeniis.

1433 1333 1729 1402 CAPUT
1778 1333 1830 1398 Ι.

800 1554 893 1604 DE
931 1555 1170 1606 TEXTU
1210 1556 1583 1607 HEBRAICO
1622 1555 1933 1606 VETERIS
1972 1555 2452 1606 TESTAMENTI.

513 1773 548 1856 ἓ
586 1779 646 1838 1.
681 1811 768 1820 -
797 1775 892 1836 De
920 1771 1153 1860 linqua
1182 1770 1496 1838 hebraica
1534 1769 2137 1859 hebraicarumque
2166 1771 2513 1837 literarum
2544 1771 2743 1838 notes.

444 1987 501 2044 1.
529 2018 607 2028 —
635 1985 872 2063 Lingua
909 1985 1231 2058 hebraica,
1269 2003 1392 2062 qua
1429 1982 1769 2062 conscripti
1814 1987 1959 2042 sunt
1996 2000 2216 2042 omnes
2254 1981 2499 2043 Veteris
2541 1984 2711 2043 Test.
2755 1985 2905 2044 libri

365 2071 868 2160 stotocanonici,
901 2083 1114 2160 paucis
1143 2081 1420 2142 Danielis
1451 2085 1514 2140 et
1548 2079 1781 2140 Esdrae
1818 2079 2138 2158 pericopis
2174 2080 2484 2157 exceptiS,
2522 2085 2588 2140 et
2614 2081 2911 2158 plerique

367 2177 984 2246 deuterocanonici⁴‚
1020 2195 1142 2239 una
1173 2183 1267 2238 est
1306 2195 1382 2237 ex
1419 2177 1577 2246 illis,
1618 2193 1777 2254 quae
1830 2177 2152 2236 semiticae
2191 2175 2394 2236 vocari
2436 2176 2673 2248 solent,
2713 2177 2911 2238 inter-

366 2291 488 2350 que
513 2275 653 2334 illas
685 2281 908 2335 natura
942 2279 1005 2334 et
1041 2274 1254 2335 indole
1284 2291 1398 2334 sua
1431 2273 1607 2350 quasi
1651 2272 1933 2332 medium
1972 2273 2180 2333 locum
2212 2276 2407 2333 tenet.
2444 2274 2686 2334 Nomen
2720 2292 2907 2336 suum

365 2371 559 2430 trahit
587 2372 662 2430 ab
691 2372 1011 2444 HebraeiS,
1039 2372 1084 2430 i.
1119 2387 1174 2430 e.
1202 2370 1280 2430 ab
1303 2369 1638 2431 Abrahami
1668 2386 1743 2428 ex
1770 2370 1907 2429 eius
1935 2374 2167 2446 nepote
2198 2370 2381 2430 Iacob
2408 2367 2651 2449 (Israel)
2682 2376 2904 2449 poste·-

366 2466 484 2536 τίς,
520 2468 748 2544 quibus
789 2484 986 2545 usque
1019 2466 1095 2527 ad
1137 2467 1412 2526 reditum
1443 2485 1519 2526 ex
1554 2466 1776 2526 exsilio
1822 2466 2203 2542 babylonico
2246 2467 2579 2526 vernacula
2608 2467 2759 2540 suit;
2794 2468 2905 2526 sed

366 2564 588 2625 eadem
626 2563 910 2642 reliquae
948 2566 1165 2641 gentes
1197 2563 1260 2622 in
1297 2563 1583 2624 Chanaan
1633 2562 1985 2622 habitantes
2028 2563 2152 2621 iam
2195 2566 2339 2624 ante
2370 2562 2710 2624 Abrahami
2740 2569 2907 2624 aeta-

365 2667 496 2722 tem
523 2679 670 2722 usae
700 2663 864 2720 sunt.

433 2793 735 2850 Hebraeus
767 2785 958 2880 (³7:335,
991 2792 1022 2844 ὁ
1043 2791 1252 2862 περάτης
1277 2795 1418 2848 Gen.
1455 2797 1541 2854 14,
1572 2796 1657 2847 13.
1684 2790 1884 2858 Alex.)
1909 2798 2136 2846 vocatus
2154 2797 2238 2845 est
2256 2789 2543 2846 Abraham
2567 2805 2632 2845 ex
2653 2791 2915 2862 Mesopo-

363 2907 531 2963 tamia
557 2907 874 2962 transiecta
901 2905 1182 2978 Euphrate
1209 2906 1265 2960 in
1291 2905 1661 2960 Palaestinam
1685 2904 2014 2971 advenien33
2048 2903 2452 2960 Hebraeorum
2480 2919 2684 2958 nomen
2712 2913 2913 2974 poste-

365 2996 440 3049 ris
471 2995 588 3050 eius
615 2995 684 3050 ab
716 2994 954 3049 externis
985 2983 1237 3064 gentibus
1273 3008 1492 3063 semper
1515 3000 1600 3047 est
1626 2991 1885 3058 inditum,
1918 2991 2053 3046 dum
2078 2991 2181 3062 ipsi
2208 3005 2329 3046 sese
2358 3007 2391 3046 a
2412 2991 2663 3062 proximo
2692 3006 2797 3046 suo
2816 3009 2913 3063 pa-

365 3090 522 3137 rente
549 3081 716 3136 Iacob
746 3081 917 3137 Israel
948 3081 1224 3136 israelitas
1253 3085 1271 3146 (
1299 3079 1440 3135 filios
1481 3079 1677 3146 Israel,
1716 3077 1947 3134 domum
1978 3078 2177 3147 lsrae13
2202 3084 2365 3151 poet.
2396 3078 2537 3134 tilios
2567 3078 2763 3144 Iacob,
2803 3078 2911 3135 do-

289 3189 294 3194 ·
363 3183 518 3224 mum
565 3168 749 3235 Iacob)
799 3165 1210 3238 nuncupabant.
1243 3167 1589 3238 Quapropter
1634 3167 1692 3221 in
1736 3168 1937 3222 Vetere
1982 3169 2133 3222 Test.
2181 3171 2430 3237 (excepto
2488 3167 2645 3222 Prot.
2701 3169 2911 3234 Eccli.)

365 3271 555 3311 eornm
584 3256 772 3327 lingua
797 3269 1070 3324 nusquam
1109 3263 1336 3309 vocatur
1363 3253 1638 3320 hebraica,
1666 3253 1761 3310 sed
1792 3263 1887 3308 ant
1922 3270 2115 3309 sermo
2146 3255 2438 3310 Cltanaan
2466 3257 2563 3320 (Is.
2602 3261 2783 3320 19,18)
2814 3265 2913 3310 aut

373 3352 495 3414 post
533 3343 684 3414 regni
717 3342 1176 3413 septemtrionalis
1209 3342 1494 3396 interitum
1522 3359 1714 3397 sermo
1754 3341 2024 3397 iudaicus
2058 3345 2111 3406 (4
2144 3347 2279 3414 Req.
2319 3349 2415 3405 18,
2451 3347 2579 3404 26;2
2606 3343 2780 3398 Esdr.
2822 3351 2909 3400 13.

368 3432 514 3498 24)².
554 3429 641 3484 Ab
683 3431 940 3485 extremis
985 3431 1236 3502 Assyriae
1275 3430 1476 3484 linibus
1513 3428 1590 3484 ad
1628 3445 1779 3486 mare
1822 3429 2289 3485 mediterraneum
2330 3438 2387 3485 et
2412 3429 2481 3484 ab
2520 3429 2651 3485 Asia
2690 3428 2913 3486 Minore

367 3533 540 3588 usque
567 3516 637 3571 ad
683 3533 835 3572 mare
877 3515 1119 3572 indicum
1156 3517 1230 3572 ita
1275 3516 1494 3584 diffusa,
1525 3526 1589 3572 ut
1630 3517 1843 3588 aliquas
1885 3518 2053 3573 etiam
2094 3517 2315 3573 Africae
2361 3526 2545 3588 partes
2586 3527 2908 3588 occuparet,

371 3619 570 3674 magna
595 3605 968 3660 semiticarum
997 3606 1308 3677 linguarum
1331 3603 1535 3660 familia
1553 3605 1614 3660 in
1630 3613 1745 3660 tres
1763 3615 2071 3678 quatuorve
2092 3619 2279 3660 ramos
2305 3614 2426 3660 erat
2445 3604 2635 3660 divisa.
2660 3606 2912 3675 Septem-

369 3693 630 3748 trionales
657 3701 834 3748 terras
861 3693 962 3748 sibi
993 3692 1406 3748 vindicaverunt
1433 3694 1741 3748 aramaicus
1766 3701 1823 3748 et
1850 3691 2183 3765 assyriacuS,
2214 3691 2603 3748 meridionales
2632 3693 2908 3760 arabicus,

370 3780 584 3835 medius
605 3779 750 3835 inter
779 3780 903 3835 illos
931 3788 1106 3837 totam
1135 3781 1496 3836 Palaestinam
1523 3782 1701 3836 tenuit
1730 3779 2035 3836 hebraicus.
2070 3779 2482 3836 Vocabulorum
2516 3783 2911 3852 grammatica-

373 3883 605 3938 rumque
637 3866 942 3922 formarum
969 3869 1128 3940 copia
1155 3869 1340 3940 lingua
1370 3867 1623 3924 hebraica
1654 3877 1946 3938 superatur
1974 3866 2045 3923 ab
2072 3867 2290 3923 arabica
2328 3875 2385 3922 et
2418 3876 2645 3938 superat
2676 3871 2911 3924 aramai-

432 4065 499 4128 (1)
540 4065 824 4116 Aramaice
857 4063 1144 4126 conscripta
1185 4067 1309 4114 sunt
1339 4067 1482 4113 Dan.
1515 4067 1757 4122 2,⁴-7‚28:
1789 4069 1809 4112 1
1847 4061 2003 4112 Esdr.
2030 4065 2253 4121 4,8-6,18
2278 4065 2327 4112 et
2354 4067 2573 4122 7‚12-26;
2607 4064 2800 4114 Ierem.
2832 4069 2907 4123 10,

375 4151 445 4196 1¹.
479 4171 544 4182 --
565 4147 642 4193 Ex
663 4143 1134 4192 deuterocanonicis
1158 4142 1298 4192 libris
1325 4142 1589 4192 hebraicae
1615 4143 1700 4192 vel
1730 4141 1863 4192 forte
1887 4143 2169 4191 aramaicae
2196 4141 2407 4204 originis
2429 4147 2548 4191 sunt
2579 4141 2785 4206 Tobios,
2824 4147 2912 4194 Iu·

371 4225 511 4282 dim,
531 4223 774 4285 Baruclz,
789 4223 1220 4282 Ecclesiasticus,
1241 4228 1258 4271 1
1285 4223 1537 4273 Machab.
1559 4224 1610 4271 et
1628 4221 1908 4282 fragmenta
1938 4219 2113 4270 Daniel
2135 4223 2188 4269 et
2206 4222 2409 4277 Esther,
2436 4234 2653 4285 quorum
2674 4224 2909 4272 omnium

371 4309 540 4353 textus
565 4302 885 4365 primigenius
908 4301 1120 4351 interiit.
1151 4300 1286 4350 Libri
1315 4303 1429 4364 Sap.
1457 4306 1508 4350 et
1531 4309 1559 4350 2
1588 4300 1813 4350 Machab.
1845 4300 2083 4364 primitus
2114 4314 2287 4362 graece
2314 4305 2435 4349 sunt
2462 4301 2754 4364 conscripti.

431 4385 498 4444 (2)
523 4385 582 4431 In
607 4384 748 4431 Novo
771 4383 906 4430 Test.
932 4379 1103 4443 lingua
1133 4381 1389 4430 hebraica
1417 4385 1631 4429 vocatur
1660 4379 1908 4428 dialectus
1937 4378 2053 4437 illa,
2078 4392 2210 4442 quae
2234 4379 2422 4428 Christi
2446 4383 2671 4444 tempore
2697 4381 2904 4436 usitata,

369 4463 520 4525 vulgo
542 4459 924 4524 palaestinensis
951 4459 1032 4509 vel
1061 4459 1438 4520 syrochaldaica
1465 4458 1747 4522 appellatur
1780 4459 1951 4520 (Ioan.
1984 4465 2092 4520 5,2;
2122 4461 2369 4518 19,13‚17;
2402 4463 2512 4510 Act.
2546 4463 2713 4520 21,403
2742 4460 2905 4522 22‚2);

367 4541 456 4591 sed
479 4546 636 4604 Apoc.
661 4543 768 4598 9‚11
797 4538 1006 4601 antiqua
1030 4539 1200 4601 lingua
1224 4539 1320 4589 hoc
1349 4539 1551 4588 nominc
1574 4537 1888 4600 designatur.

1608 4629 1667 4674 58
