3050 5184
531 310 607 356 nt:
651 312 874 363 ommi
919 311 1236 356 cunei-:m
1279 311 1358 356 An
1397 311 1729 357 sruop‘ncA
1770 307 2128 354 antinous.
2482 289 2595 347 513

110 447 296 496 noctem
323 441 637 512 inchoatur,
667 443 890 516 quando
930 445 1106 517 gallus
1143 445 1320 516 prima
1347 445 1466 500 vice
1494 451 1711 513 mutat,
1740 452 1795 498 et
1828 441 2162 498 terminatur
2200 451 2391 494 versus
2430 449 2596 490 auro-

109 541 230 594 ram,
261 528 480 599 quando
527 530 731 586 iterum
769 540 986 600 cantat;
1029 532 1248 588 initium
1289 532 1458 605 igitur
1497 540 1555 587 et
1597 530 1766 588 finem
1818 530 2014 586 tertiae
2066 525 2281 600 vigiliae
2326 521 2599 580 Dominus

107 612 228 682 apud
271 617 520 673 Marcum
558 618 706 674 clare
747 617 962 675 delinit.
1006 617 1093 675 Ad
1136 619 1322 674 locum
1364 619 1672 691 negationis
1712 617 1863 691 quod
1908 617 2100 673 attinet
2114 659 2129 684 ,
2168 613 2447 671 dissensus
2490 610 2597 665 im-

107 701 274 758 merito
311 705 580 760 asseritur
621 703 840 774 adesse;
873 720 1004 761 nam
1045 707 1282 762 loannes
1321 721 1543 778 quoque
1581 708 1810 762 Petrum
1846 707 1904 760 in
1940 704 2141 760 atrium
2178 697 2475 774 pontificis
2511 696 2598 751 in-

109 795 251 844 trasse
293 788 428 846 dicit
463 795 698 861 (18,15)3
731 791 976 862 pontifex
1020 802 1205 849 autem
1250 808 1365 849 non
1409 801 1593 865 potest
1638 808 1757 850 esse
1784 792 1953 860 alius,
1987 805 2155 864 quam
2180 789 2271 845 ille
2286 830 2301 859 ,
2332 784 2431 859 qui
2456 784 2603 840 solus

107 873 193 930 hoc
215 877 434 935 nomine
459 879 776 935 immediate
799 889 961 937 antea
986 881 1059 952 (v.
1095 885 1180 948 13)
1203 889 1288 936 est
1310 881 1637 952 appellatus,
1666 881 1706 936 i.
1732 897 1783 937 e.
1810 879 2067 950 caiphas,
2096 875 2392 948 Quomodo
2418 879 2603 928 autem

111 969 238 1030 18,24
269 964 344 1020 sit
371 965 749 1038 explicanduS,
783 966 888 1024 alia
915 976 1000 1024 est
1027 969 1306 1040 quaestio,
1334 985 1475 1041 quae
1507 981 1635 1024 cum
1664 967 1769 1026 hac
1814 966 2137 1023 difficultate
2163 981 2277 1021 non
2316 961 2594 1019 cohaeret.

111 1052 324 1108 Demum
363 1054 422 1108 in
466 1054 714 1125 personis
753 1055 1108 1126 negationem
1152 1054 1581 1127 provocantibus
1624 1053 2011 1111 difficultatem
2046 1070 2159 1109 non
2191 1051 2461 1116 inveniet,
2506 1045 2601 1118 qui

107 1138 402 1208 attenderit,
436 1141 574 1200 haec
610 1157 800 1198 coram
834 1158 1036 1216 magna
1067 1143 1232 1200 turba
1260 1159 1378 1200 esse
1408 1151 1589 1216 gest&
1616 1143 1673 1198 in
1701 1142 1863 1199 turba
1897 1150 2082 1198 autem
2110 1155 2283 1196 unum
2318 1135 2603 1193 hominem

103 1225 437 1298 impugnante
457 1227 654 1285 eodem
671 1237 922 1303 tempore
945 1245 976 1287 a
1000 1231 1168 1287 variis
1184 1231 1367 1287 variae
1385 1228 1742 1303 proferuntur
1768 1230 2205 1296 criminationeS‚
2232 1227 2309 1282 ita
2332 1233 2395 1280 ut
2420 1221 2601 1278 variae

103 1312 402 1384 relationes,
431 1316 558 1372 licet
583 1317 759 1373 varias
789 1333 1051 1389 personas
1077 1319 1394 1386 nominent,
1421 1319 1893 1382 omninoveritati
1919 1325 2240 1373 consonent.

155 1405 220 1468 e.)
247 1404 410 1459 quta
439 1406 624 1461 Marc.
657 1410 837 1472 15‚25.
869 1411 955 1461 33.
990 1413 1054 1462 34
1096 1406 1200 1472 (cfr
1225 1406 1438 1462 Mateta.
1477 1411 1663 1474 27,45.
1696 1411 1783 1472 46)
1828 1407 1965 1462 hora
2006 1406 2192 1460 tertia
2232 1401 2507 1457 Dominus
2546 1397 2603 1452 in

102 1502 300 1545 crucem
334 1498 421 1546 est
457 1499 640 1562 aetus,
671 1491 812 1548 hora
845 1498 1018 1549 sexta
1056 1494 1317 1551 tenebrae
1352 1494 1529 1550 sactae
1557 1503 1713 1563 sunt,
1741 1492 1879 1550 hora
1906 1509 2069 1549 nona
2096 1489 2393 1560 exspiravit
2419 1489 2599 1550 loeus3

101 1573 226 1632 quta
245 1581 410 1634 Ioan.
446 1584 603 1647 19,st
629 1579 844 1636 Pilatus
873 1599 902 1633 α
929 1579 1067 1636 hora
1097 1585 1276 1656 quasi
1302 1587 1476 1638 sexta
1502 1601 1526 1634 ³
1560 1583 1743 1637 Iesum
1771 1580 1991 1638 ludaeis
2016 1577 2242 1636 tradidit
2278 1573 2603 1645 crucifigen-

98 1658 230 1719 dum.
279 1665 637 1724 prohabilem
687 1667 1020 1724 solutionem
1067 1667 1410 1726 difficultatis
1453 1669 1753 1726 innuerunt
1796 1668 2080 1724 Eusebius
2131 1675 2185 1724 et
2240 1663 2601 1722 Ammonius,

101 1758 268 1808 auctor
296 1753 520 1809 Chr-on.
552 1755 792 1823 Pasclt„
833 1756 1326 1829 Tlteophylactus,
1361 1756 1456 1828 qui
1496 1756 1759 1828 suspicati
1802 1763 1934 1812 sunt
1973 1771 2161 1811 errore
2187 1751 2544 1809 librariorum
2570 1745 2607 1798 Γ

105 1841 178 1883 '‘=
193 1843 243 1906 3)
269 1849 326 1896 et
350 1841 394 1895 F
413 1845 506 1906 (=
522 1847 578 1909 6)
607 1841 666 1897 in
694 1842 916 1899 loannis
939 1851 1096 1900 textu
1124 1859 1243 1900 esse
1267 1852 1579 1916 permutata
1609 1851 1665 1899 et
1690 1843 1987 1916 legendum
2017 1857 2137 1898 esse
2169 1863 2183 1897 ι
2215 1862 2239 1892 α
2268 1839 2407 1896 hora
2434 1837 2608 1910 quasi

103 1926 262 1981 tertia
285 1947 316 1978 »
351 1927 564 1984 Pilatus
595 1932 780 1986 lesum
819 1930 1039 1987 Iudaeis
1065 1930 1314 1987 tradidit.
1345 1931 1470 1987 Alia
1507 1930 1806 2002 probabilis
1832 1931 2035 1986 solutio
2072 1928 2289 1985 desumi
2326 1932 2506 1997 potest
2540 1937 2605 1978 ex

98 2008 311 2070 diversis
341 2014 610 2072 horarum
637 2018 1108 2074 numerandamm
1137 2017 1348 2088 modiS,
1377 2019 1472 2090 qui
1499 2027 1852 2090 exponuntur
1874 2016 1944 2073 ab
1966 2015 2378 2086 interpretibus,

158 2100 234 2168 d.)
261 2103 486 2160 Nullius
526 2105 797 2160 momenti
833 2113 961 2160 sunt
989 2105 1236 2177 reliquae
1270 2105 1669 2178 discrepantiae
1710 2105 1769 2160 in
1812 2105 2039 2161 historia
2078 2103 2363 2175 passionis.
2394 2099 2609 2156 Titulus

97 2189 257 2244 erucis
282 2189 468 2246 tribus
494 2191 696 2264 linguis
729 2200 850 2247 erat
883 2191 1148 2264 scriptus;
1177 2192 1562 2250 brevissimam
1591 2193 1824 2249 latinam
1851 2192 2196 2249 conservavit
2222 2194 2398 2248 Marc.
2424 2193 2605 2256 1536,

103 2287 338 2342 graecam
367 2282 507 2333 Luc.
538 2284 704 2348 23,38
731 2287 788 2335 et
812 2277 1021 2337 Match.
1055 2285 1240 2350 27,37,
1268 2280 1583 2336 hebraicam
1611 2284 1775 2338 Ioan.
1813 2286 1991 2348 19,19.
2017 2311 2088 2320 —
2109 2282 2195 2336 De
2224 2276 2466 2334 vestibus
2490 2277 2606 2330 Do·

101 2361 220 2417 mini
247 2373 426 2421 sortes
451 2381 572 2422 esse
599 2367 794 2422 missas
815 2365 1009 2424 dicunt
1035 2369 1250 2426 Mami.
1283 2375 1351 2424 27
1359 2374 1447 2436 ,35
1472 2376 1529 2423 et
1554 2371 1738 2426 Marc.
1774 2373 1963 2436 15‚24;
1994 2365 2093 2424 sed
2131 2366 2475 2423 accuratiore
2509 2378 2607 2420 sua

99 2453 398 2508 narratione
427 2457 597 2509 toan.
627 2459 786 2524 19,23
808 2464 1113 2526 praecavet,
1143 2472 1214 2512 ne
1241 2455 1311 2512 de
1339 2455 1597 2512 omnibus
1615 2455 1857 2512 vestibus
1884 2463 2062 2512 sortes
2084 2469 2202 2511 esse
2228 2453 2428 2510 missas
2454 2465 2609 2508 erro-

95 2549 188 2591 nee
210 2548 490 2609 putemus.

157 2629 222 2692 e.)
245 2628 664 2698 Discrepantiae
691 2628 946 2700 demum,
975 2646 1116 2703 quae
1143 2632 1202 2687 in
1227 2631 1452 2688 Domini
1488 2631 1801 2688 resuscitati
1836 2629 2267 2705 apparitionibus
2293 2626 2607 2699 deprehen-

97 2707 314 2782 duntur,
340 2713 500 2771 facile
528 2717 912 2786 conciliantur,
939 2719 983 2773 si
1013 2716 1085 2775 ad
1112 2717 1224 2774 duo
1251 2719 1572 2774 attenderis
1605 2720 1729 2775 Non
1758 2727 1886 2775 sunt
1908 2717 2137 2774 eaedem
2164 2714 2447 2781 muliereS,
2473 2729 2611 2787 quas

97 2801 216 2854 Luc.
264 2807 432 2870 23,56
459 2818 542 2874 sq.
576 2809 718 2861 ante
756 2804 1090 2862 sabbathum
1117 2816 1365 2862 aromata
1401 2821 1624 2878 parasse
1665 2805 1822 2870 dicit,
1857 2814 2023 2878 atque
2066 2804 2221 2872 illae,
2256 2818 2393 2875 quas
2421 2804 2607 2856 Marc.

99 2891 206 2948 itm
237 2889 397 2945 finito
438 2889 709 2947 sabbatho
741 2901 986 2948 aromata
1033 2894 1230 2950 emisse
1273 2892 1472 2961 resert3
1505 2909 1676 2966 quare
1717 2894 1885 2949 etiam
1912 2893 1969 2948 in
2010 2888 2441 2963 apparitionibus
2468 2889 2612 2944 duae

93 2981 302 3032 turmae
347 2978 648 3034 mulierum
671 2988 800 3036 sunt
822 2979 1264 3052 distinguendae.
1305 2983 1629 3050 Praeterea,
1658 2979 2132 3036 animadvertatur
2158 2985 2401 3050 oportet,
2433 2976 2615 3033 varias

95 3058 210 3116 illas
253 3064 630 3136 apparitiones
654 3082 768 3122 non
805 3066 1126 3123 immediate
1169 3083 1290 3124 sese
1331 3068 1638 3139 excepisse,
1665 3077 1763 3122 aut
1803 3067 1987 3123 omnia
2025 3067 2119 3121 illa
2152 3064 2313 3120 unius
2354 3065 2437 3120 vel
2473 3063 2613 3120 dua-

91 3164 210 3204 rum
249 3150 520 3208 horarum
557 3153 736 3224 spatio
777 3169 897 3210 esse
927 3163 1180 3227 peracta;
1212 3157 1415 3211 etenim
1450 3155 1563 3211 duo
1605 3153 1885 3226 discipuli,
1917 3153 2137 3226 quando
2183 3153 2317 3208 satis
2354 3151 2453 3208 diu
2494 3159 2618 3224 post

91 3237 380 3296 meridiem
421 3240 479 3295 in
506 3241 767 3296 Emmaus
808 3241 1092 3312 abierunt,
1125 3242 1376 3299 nondum
1419 3242 1725 3314 quidquam
1768 3241 1840 3297 de
1880 3241 2225 3313 apparitione
2260 3240 2490 3296 Domini
2516 3256 2613 3297 au·

87 3321 307 3382 dierant
333 3331 494 3395 (Luc.
527 3333 822 3397 22,22-24).

351 3505 389 3589 ς
421 3510 486 3570 9.
517 3543 602 3552 -
627 3506 724 3570 De
758 3505 1220 3596 chronoloqica
1255 3507 1534 3596 synopsi
1554 3505 1976 3594 evanqelicae
2012 3505 2349 3574 lzz'storiae.

169 3689 226 3746 l.
271 3721 338 3732 —
369 3689 448 3750 Ut
481 3689 758 3766 perfecta
783 3690 1257 3768 Evangeliorum
1289 3691 1630 3752 concordia
1665 3691 1891 3752 clarius
1928 3691 2365 3770 perspiciatur,
2398 3692 2477 3750 ab
2506 3707 2617 3750 an-

91 3783 470 3860 tiquissimis
498 3786 891 3864 temporibus
910 3787 1036 3847 iam
1065 3786 1246 3848 multi
1267 3788 1473 3848 conati
1505 3793 1654 3847 sunt
1682 3804 1900 3850 eorum
1928 3788 2315 3847 narrationes
2340 3787 2403 3844 in
2425 3803 2616 3846 unum

85 3880 272 3954 quasi
300 3898 528 3958 corpus
551 3882 954 3960 coniungere.

163 3976 477 4042 Tucianus,
511 3977 568 4033 S.
599 3977 796 4034 Iustini
826 3979 903 4032 M.
936 3977 1268 4048 discipulus,
1295 3980 1504 4050 primus
1538 3999 1563 4030 (ι
1601 3978 1985 4036 collectionem
2014 3978 2255 4050 aliquam
2286 3985 2339 4031 et
2368 3985 2617 4032 catenam

91 4070 334 4130 quatuor
375 4065 806 4136 Evangeliorum
847 4065 1187 4137 composuit,
1234 4081 1402 4138 quam
1449 4067 1845 4122 Dialessaron
1887 4066 2097 4120 vocavit
2126 4085 2151 4114 n
2188 4062 2408 4128 (Euseb.
2442 4065 2497 4118 H
2533 4065 2616 4119 .E.

89 4149 186 4204 IV.
223 4155 357 4218 29.).
387 4151 554 4220 Quod
581 4153 714 4208 olim
741 4150 900 4208 valde
930 4161 1292 4225 propagatum
1315 4152 1484 4210 hodie
1509 4151 1673 4210 nobis
1693 4155 1897 4209 iterum
1923 4152 2165 4207 innotuit
2186 4150 2355 4206 latine
2380 4150 2619 4208 transla-

89 4245 216 4292 tum
263 4237 318 4294 in
355 4238 481 4296 cod.
517 4239 776 4296 Fuldensi
817 4239 929 4312 (ed.
981 4241 1195 4298 Ranke.
1241 4241 1508 4312 Marburg
1542 4246 1750 4308 1868.),
1792 4256 1823 4295 a
1869 4241 1925 4295 S.
1971 4237 2247 4309 Ephraem
2288 4237 2620 4309 explicatum

89 4326 397 4398 (Evangelii
421 4327 808 4383 concordantis
835 4328 1122 4400 expositio.
1154 4327 1255 4384 Ed.
1287 4329 1619 4400 Moesinger.
1647 4327 1892 4383 venetiis
1925 4330 2125 4392 1876.),
2156 4323 2373 4380 arabice
2402 4340 2619 4380 versum

87 4411 208 4472 aed.
245 4415 380 4487 Aug.
415 4415 622 4472 Ciasca.
668 4416 879 4472 Romae
928 4418 1130 4484 1888.).
1174 4415 1260 4472 Ab
1290 4433 1355 4472 eo
1399 4415 1713 4486 dependent
1741 4413 1853 4470 sere
1878 4428 2071 4468 omnes
2099 4412 2448 4481 harmoniae,
2481 4427 2622 4484 quae

81 4498 286 4554 media
322 4511 499 4559 aetate
523 4502 878 4577 prodierunt3
923 4517 1099 4560 novae
1123 4519 1240 4560 non
1267 4519 1476 4575 paucae
1505 4513 1691 4560 autem
1719 4501 1983 4558 adornari
2023 4509 2249 4571 coeptae
2278 4507 2409 4556 sunt
2435 4499 2563 4556 inde
2590 4518 2621 4556 a

81 4601 250 4642 saec.
297 4593 399 4659 ¹6„
442 4606 581 4662 quae
609 4592 906 4663 pleraeque
934 4590 1100 4647 aliam
1137 4590 1286 4647 viam
1321 4606 1557 4663 eamque
1604 4589 1893 4646 meliorem
1938 4597 2147 4646 tenent.
2192 4588 2623 4646 Recentissimae

882 4687 1136 4736 Consu
1168 4688 1442 4739 convexo.
1472 4688 1692 4736 maon.
1722 4713 1785 4724 —
1817 4689 1892 4737 83.
