3050 5184
627 322 852 366 vanua
895 320 1269 365 saursu'rms
1309 321 1384 365 na
1426 314 1843 366 maturanum
1884 320 2145 366 camme.
2536 304 2649 363 187

157 466 322 507 neseos
345 452 606 525 originem
633 451 847 509 facilius
872 452 1188 525 explicaret,
1215 454 1442 524 Moysen
1467 453 1619 508 varia
1642 450 1974 509 documenta
2002 452 2312 524 antiquiora
2338 449 2649 507 adhibuisse

157 552 306 609 eaque
329 540 412 595 vix
437 547 648 596 mutata
676 539 734 595 in
756 554 920 595 suum
945 554 1084 612 opus
1109 539 1380 610 recepisse
1409 540 1663 596 coniecit.
1694 542 1917 597 Praeter
1942 539 2137 597 decem
2164 541 2381 595 minora
2404 538 2651 594 distinxit

159 626 249 680 duo
275 627 496 695 maiora,
530 642 770 699 quorum
805 642 978 683 unum
1004 643 1071 683 ex
1098 628 1323 683 nominc
1359 626 1545 684 divino
1580 630 1805 683 Elohim
1842 634 2159 684 constanter
2185 625 2433 683 adhibito
2460 625 2649 682 elohi-

159 714 356 779 sticum,
383 715 618 771 alterum
647 716 718 769 ob
746 716 984 771 nominis
1011 716 1260 771 Iehovah
1286 730 1448 771 usum
1477 716 1876 772 iehocisticum
1904 714 2223 772 nominavit.
2252 714 2407 783 Quae
2430 714 2649 769 coniec-

158 808 262 855 tura
292 801 358 857 ab
382 802 500 857 aliis
533 802 804 858 eruditius
831 812 887 859 et
913 804 1222 859 accuratius
1249 804 1464 859 exculta
1495 801 1913 860 fundamentum
1942 803 2227 859 constituit
2250 803 2498 858 omnium
2526 816 2649 857 mo-

160 885 420 944 dernarum
447 888 828 963 hypotheseon
867 890 936 945 de
970 890 1330 946 Pentateuchi
1372 891 1603 963 origine.
1648 892 1837 963 Neque
1876 892 2022 947 enim
2062 892 2118 947 in
2160 890 2277 946 sola
2316 890 2519 946 Genesi
2556 896 2651 944 aut

161 976 320 1043 primis
341 976 511 1032 Exodi
535 978 827 1049 capitibuS,
854 977 958 1033 etsi
983 977 1112 1034 inde
1135 978 1205 1033 ab
1232 978 1420 1036 Eaeod,
1451 985 1504 1035 6.
1532 979 1755 1035 nomina
1784 980 2010 1035 Elohim
2034 988 2089 1034 et
2112 979 2314 1035 Iam-e*
2340 977 2650 1051 promiscue

161 1061 379 1119 adhiberi
413 1080 608 1121 omnes
645 1065 938 1135 fateantur,
969 1065 1068 1121 sed
1094 1066 1153 1121 in
1188 1073 1307 1122 toto
1334 1066 1711 1122 Pentateucho
1743 1075 1910 1138 atque
1936 1066 2074 1123 adeo
2100 1067 2156 1121 in
2186 1068 2246 1123 11.
2275 1068 2465 1135 losue,
2497 1064 2649 1121 ludia

161 1164 288 1215 cum,
315 1153 534 1207 Samuel
559 1154 758 1209 similia
787 1152 1119 1210 documenta
1145 1154 1434 1209 inveniunt
1463 1154 1866 1223 rationalistae‚
1898 1155 1992 1227 qui
2029 1153 2241 1211 facilius
2268 1154 2651 1211 auctoritatem

165 1238 484 1297 pentateuchi
511 1242 858 1314 aliorumque
885 1241 1156 1297 librorum
1183 1241 1524 1298 destructum
1551 1243 1620 1297 iri
1646 1250 1889 1314 sperant,
1913 1243 1957 1298 si
1984 1257 2178 1298 eorum
2203 1242 2467 1298 unitatem
2491 1251 2649 1298 antea

163 1322 516 1383 destruxerint.
549 1332 745 1401 ltaque
769 1344 993 1385 omnem
1021 1344 1180 1385 suam
1207 1328 1551 1403 diligentiam
1588 1338 1643 1385 et
1673 1329 2025 1401 sagacitatem
2052 1329 2109 1384 in
2140 1328 2303 1385 variis
2333 1328 2653 1402 fragmentis

163 1413 230 1465 ve}
255 1412 590 1471 documentis
617 1426 742 1488 apte
767 1415 1172 1489 distinguendis
1198 1432 1498 1489 eorumque
1527 1424 1703 1473 aetate
1728 1416 2038 1473 definienda
2066 1427 2383 1489 posuerunt.

215 1504 380 1572 Atque
415 1504 512 1559 alii
555 1503 780 1576 quidem
818 1519 948 1560 cum
988 1508 1188 1561 Astruc
1229 1506 1477 1577 longiora
1519 1504 1849 1561 documenta
1890 1504 2257 1560 distinxerunt
2294 1506 2652 1577 (hypothesis

158 1584 659 1661 documentorum),
695 1591 793 1648 sed
829 1590 900 1648 de
941 1607 1135 1649 eorum
1173 1608 1406 1649 numero
1443 1594 1587 1649 inter
1616 1608 1709 1647 eos
1736 1608 1849 1647 non
1884 1594 2155 1648 convenit.
2198 1595 2264 1648 ln
2298 1594 2413 1647 sola
2451 1594 2651 1649 Genesi

157 1678 520 1745 septemdecim
544 1678 872 1736 documenta
895 1696 926 1735 a
956 1680 1152 1735 tribea
1187 1679 1547 1751 scriptoribus
1586 1687 1809 1736 exarata
1848 1679 2057 1735 detexit
2089 1684 2162 1735 D.
2198 1681 2385 1753 Ιίῃεης
2414 1679 2648 1751 duobuS,

159 1776 250 1817 uno
283 1765 596 1832 elohistico‚
626 1768 802 1823 altero
829 1767 1144 1836 iahvisticO,
1175 1776 1468 1823 contentus
1509 1776 1629 1823 erat
1662 1772 1760 1823 W.
1800 1769 2150 1840 Grambergy,
2186 1767 2282 1823 sed
2310 1768 2514 1838 tribuS,
2545 1771 2655 1826 elo-

159 1847 331 1908 bistico
357 1856 426 1924 1.,
455 1854 740 1912 elohistico
769 1857 870 1925 11.‚
893 1856 1198 1925 iahvistico,
1229 1856 1432 1911 iterum
1468 1856 1705 1929 indiguit
1732 1857 1801 1911 H.
1831 1854 2085 1928 Hupfeld
2121 1865 2225 1912 etc.
2246 1888 2318 1897 —
2337 1856 2448 1913 Alii
2479 1856 2654 1914 docu-

159 1948 316 1995 menta
343 1942 400 1997 in
423 1944 638 1998 minuta
673 1942 1012 2017 sraqmenta
1050 1942 1360 2014 discerpere
1393 1944 1710 2000 maluerunt
1746 1944 2092 2016 (hypothesis
2127 1942 2651 2017 fraqmentorum)‚

159 2040 278 2095 quae
303 2030 468 2085 variis
490 2031 832 2103 temporibus
855 2046 886 2086 a
914 2031 1076 2086 variis
1103 2040 1321 2086 exarata
1350 2040 1445 2086 aut
1471 2032 1815 2087 narrationes
1846 2040 1943 2086 aut
1964 2040 2121 2086 notas
2148 2032 2533 2105 genealogicas
2561 2044 2657 2089 aut

162 2112 285 2185 leges
310 2126 414 2173 etc.
447 2119 821 2175 continuerint
847 2126 1012 2191 atque
1048 2119 1352 2174 recentiore
1393 2126 1576 2174 aetate
1608 2119 1663 2174 in
1693 2134 1869 2175 unum
1905 2134 2043 2190 opus
2076 2118 2184 2173 sint
2217 2128 2524 2191 compacta.
2554 2122 2657 2193 Sy-

159 2204 380 2260 stematis
395 2204 562 2261 huius
581 2207 800 2278 patroni
818 2209 864 2262 Ι.
888 2206 945 2263 S.
969 2207 1171 2271 Vater,
1197 2210 1298 2261 W.
1323 2208 1625 2270 Gesenz'us,
1650 2206 1751 2262 ΤΙι.
1772 2208 2112 2263 Hartmann
2137 2215 2243 2262 etc.
2265 2206 2335 2262 de
2354 2224 2586 2263 numero
2605 2216 2661 2263 et

161 2298 316 2347 aetate
345 2308 574 2349 suorum
607 2293 1072 2366 fragmentorum,
1101 2293 1185 2349 uti
1221 2292 1382 2349 facile
1420 2294 1745 2365 concipitur,
1785 2310 1954 2366 quam
1990 2296 2227 2350 maxime
2265 2295 2655 2352 dissenserunt.

159 2406 217 2418 —
239 2380 434 2436 Verum
469 2381 728 2453 quoniam
757 2380 983 2438 evidens
1015 2391 1161 2451 erat,
1195 2380 1419 2437 fortuita
1451 2380 1911 2437 documentorum
1950 2384 2035 2437 vel
2069 2382 2501 2455 fragmentorum
2532 2400 2663 2439 coa-

161 2467 412 2535 gulatione
435 2470 876 2525 Pentateuehum
901 2468 1230 2525 hodiernum
1257 2468 1458 2523 exoriri
1484 2485 1598 2523 non
1625 2470 1893 2540 potuisse,
1927 2470 2021 2525 alii
2048 2486 2229 2525 unum
2256 2470 2665 2528 documentum

161 2560 444 2612 statuerunt
469 2557 542 2613 ab
567 2572 681 2613 uno
711 2558 792 2614 vel
824 2558 1070 2629 pluribus
1107 2556 1465 2629 scriptoribus
1495 2556 1727 2611 decursu
1762 2566 2080 2629 temporum
2105 2558 2439 2630 suppletum
2477 2576 2539 2614 ac
2566 2560 2667 2615 de·-

161 2656 295 2697 mum
317 2645 371 2699 in
399 2644 730 2701 hodiernam
752 2644 1124 2702 Pentateuchi-
1141 2644 1378 2701 formam
1405 2644 1694 2699 redactum
1718 2645 2067 2717 (hypothesis
2090 2644 2665 2717 supplementorum).

163 2730 266 2785 Hoc
290 2747 504 2805 quoque
535 2742 772 2805 systema
801 2732 870 2790 ab
898 2736 967 2790 H.
989 2733 1208 2789 Ewald
1227 2732 1493 2804 (Studien.
1521 2732 1836 2787 Kritikenu.
1864 2738 2038 2797 1831.)
2071 2734 2250 2801 prima
2279 2733 2397 2788 vice
2416 2734 2669 2805 proposi-

161 2826 264 2873 tum
284 2818 348 2874 ab
375 2819 574 2877 eodem
598 2828 654 2876 et
681 2820 751 2875 ab
780 2821 902 2877 aliis
927 2820 1156 2877 diversis
1184 2818 1363 2875 modis
1391 2828 1476 2875 est
1497 2828 1777 2875 mutatum
1805 2828 1861 2875 et
1888 2828 2264 2875 retractatum.

227 2969 284 3028 3.
313 3003 388 3013 —
417 2970 619 3031 Hodie
649 2971 754 3029 vix
782 2970 948 3031 ullus
979 2970 1341 3031 invenietur
1373 2994 1401 3025 «
1437 2970 1687 3031 criticus
1721 2992 1750 3025 »
1770 3012 1784 3041 ,
1820 2970 1927 3047 qui
1958 2986 2151 3030 unum
2182 2987 2257 3029 ex
2293 2969 2431 3029 istis
2470 2974 2671 3047 syste-

171 3066 334 3125 matis
351 3084 580 3144 purum
601 3073 916 3143 sequatur,
941 3066 1051 3127 sed
1075 3068 1258 3144 longe
1280 3067 1568 3144 plerique
1590 3066 1871 3143 primum
1895 3070 1957 3127 et
1976 3066 2235 3127 tertium
2256 3067 2385 3127 sere
2416 3068 2675 3127 coniun-

168 3166 336 3236 gunt,
384 3167 574 3241 atque
623 3163 909 3223 nonnulli
959 3168 1284 3241 praeterea
1328 3163 1696 3241 fragmentis
1743 3163 2055 3241 indigent,
2103 3166 2174 3224 ut
2222 3163 2430 3241 operis
2482 3165 2675 3223 nostri

171 3258 460 3335 originem
509 3260 847 3338 explicent.
897 3260 1094 3320 Tanta
1139 3264 1346 3319 autem
1397 3264 1494 3319 est
1538 3258 1728 3320 hodie
1780 3259 2216 3337 hypotheseon
2261 3260 2531 3319 varietas
2550 3305 2563 3331 ,
2612 3265 2680 3319 ut

169 3370 399 3432 semper
425 3360 759 3433 patronum
780 3356 1058 3433 aliquem
1083 3356 1358 3417 invenias
1374 3401 1388 3427 ‚
1414 3355 1722 3433 quidquid
1744 3354 1821 3415 de
1841 3372 2106 3415 numero
2132 3356 2230 3415 vel
2261 3358 2464 3417 aetate
2495 3357 2683 3433 scrip-

171 3452 358 3510 torum
388 3453 698 3513 statueris,
735 3452 973 3523 Quibus
1003 3454 1258 3512 omissis
1287 3453 1353 3512 id
1386 3469 1579 3512 unum
1611 3452 1982 3511 adnotemus
2026 3456 2308 3530 oportet,
2342 3451 2679 3513 vehemen-

171 3550 280 3605 tem
308 3546 482 3609 litem
513 3548 706 3609 hodie
737 3549 903 3609 inter
932 3549 1104 3626 ipsos
1137 3572 1165 3603 «
1191 3550 1439 3610 criticos
1463 3572 1492 3603 ›>
1522 3548 1741 3627 agitari
1775 3548 1851 3607 de
1872 3548 2177 3608 relatione
2199 3549 2678 3609 Deuteronomii

167 3640 230 3699 ad
261 3645 491 3719 priores
521 3645 743 3704 libros.
775 3646 1249 3705 Deuteronomii
1277 3649 1597 3705 auctorem
1631 3642 2293 3723 (Deuteronomistam)
2324 3663 2359 3704 a
2398 3646 2681 3723 priorum

169 3736 448 3801 librorum
477 3740 845 3802 auctoribus
875 3758 1014 3802 esse
1046 3741 1559 3819 distinguendum
1578 3790 1593 3815 ,
1626 3758 1848 3800 omnes
1879 3742 2290 3814 conveniunt,
2321 3740 2431 3800 sed
2472 3745 2685 3801 utrum

173 3832 734 3910 Deuteronomium,
769 3854 850 3897 an
892 3838 1174 3915 priorum
1211 3838 1520 3898 librorum
1566 3836 1901 3916 praecipua
1939 3837 2318 3898 documenta
2352 3837 2480 3896 sint
2513 3836 2678 3896 anti-

175 3931 393 4005 quiora,
425 3935 594 3994 inter
621 3950 731 3994 eos
761 3934 1045 3995 nondum
1076 3937 1340 3995 constat.

231 4053 342 4109 Non
362 4057 544 4112 minus
568 4056 780 4124 Inutile,
812 4072 980 4127 quam
1005 4056 1315 4113 taediosum
1341 4065 1399 4111 et
1425 4054 1653 4111 difficile
1680 4071 1819 4111 onus
1847 4056 1905 4109 in
1933 4070 1991 4111 se
2020 4056 2338 4125 susciperet,
2368 4054 2462 4125 qui
2492 4068 2683 4109 omnes

175 4152 364 4198 errores
389 4144 491 4201 hac
529 4152 724 4199 nostra
767 4152 944 4199 aetate
973 4144 1042 4198 de
1071 4144 1431 4200 Pentateucbi
1467 4144 1681 4215 origine
1720 4150 1943 4198 exortos
1982 4158 2309 4199 enumerare
2348 4150 2403 4196 et
2442 4140 2683 4196 refutare.

225 4338 286 4401 (ι)
309 4342 490 4393 Nomen
520 4344 678 4401 ΠἸΠἾ,
711 4356 812 4393 non
841 4343 965 4401 suiS,
997 4344 1073 4394 uti
1110 4342 1297 4405 decuit,
1328 4344 1416 4395 sed
1444 4342 1681 4393 vocabuli
1714 4335 1847 4419 ἾξιἺζζ
1876 4342 2140 4392 vocalibus
2183 4356 2213 4391 a
2250 4342 2577 4391 Messorethis
2609 4344 2683 4390 in-

178 4444 396 4498 structum
430 4462 540 4499 esse
584 4452 810 4509 constan
849 4460 1008 4513 quare
1053 4449 1324 4513 genuinam
1375 4449 1482 4499 eius
1532 4418 1997 4513 pronuntiationem
2035 4448 2173 4519 0733}
2196 4446 2416 4509 (lalwe)
2466 4448 2683 4497 retinere

179 4539 401 4595 malumus
433 4545 652 4609 ideoque
689 4544 894 4594 nomina
925 4546 1193 4605 Iakvista,
1223 4546 1549 4597 iahvisticus
1600 4548 1697 4597 etc.
1729 4544 1852 4609 (non
1902 4522 2175 4603 lebovista,
2203 4543 2531 4595 iehovisticus
2563 4546 2679 4606 etc.)

179 4622 520 4682 usurpabimus.
