3050 5184
462 330 533 373 ne
574 332 913 377 PRABcn’ms
956 332 1407 377 consummans
1456 336 1519 377 iu
1563 336 1647 379 ιι..
1695 336 2042 381 esaim-riu:
2085 338 2158 381 er
2200 337 2380 381 eccm.
2567 324 2676 383 361

224 460 391 533 Origo
419 462 694 532 syriacae
728 466 1009 521 versionis
1046 464 1235 523 similis
1262 474 1347 521 est
1380 465 1613 535 latinae;
1645 468 1701 523 in
1739 467 1860 524 aliis
1889 468 2036 525 enim
2078 468 2215 525 locis
2251 484 2284 524 a
2322 484 2518 541 graeca
2558 485 2680 525 ver-

162 550 305 604 sione
336 550 565 605 omnino
606 549 913 621 dependet,
942 552 1003 609 in
1038 554 1160 610 aliis
1204 554 1519 610 hebraicam
1562 555 1851 611 lectionem
1891 557 2046 628 sequi
2076 556 2292 613 videtur
2311 556 2353 611 ⁴.
2395 562 2470 613 At
2507 557 2682 613 multo

162 636 334 693 minus
372 646 627 695 accurata
664 648 749 695 est
776 656 944 712 quam
972 640 1169 711 latina,
1204 641 1477 713 siquidem
1506 644 1724 715 saepius
1751 644 2162 715 paraphrastice
2191 644 2358 701 modo
2386 647 2682 701 sententias

160 722 363 791 reddit,
400 734 565 798 atque
597 727 813 798 impura
852 744 1074 801 quoquc
1112 727 1186 785 ad
1215 744 1319 785 nos
1346 732 1621 801 pervenit,
1654 732 1913 802 quoniam
1951 747 2118 803 quam
2153 732 2424 804 plurimae
2459 741 2682 789 senten-

160 811 259 866 tiae
288 812 455 869 bodie
488 814 549 871 in
586 830 653 872 ea
679 814 1082 886 desiderantur,
1115 832 1257 889 quae
1288 817 1346 874 in
1376 820 1585 890 graecis
1623 819 1914 891 latinisque
1953 820 2286 877 editionibus
2317 829 2532 877 exstant
2565 829 2620 876 et
2649 838 2678 876 a

162 899 405 956 Patribus
440 901 771 975 allegantur,
798 912 963 977 atque
1003 904 1094 959 vix
1122 905 1407 975 pauciores
1435 906 1596 977 culpa
1630 905 1984 964 librariorum
2016 907 2270 964 videntur
2298 924 2414 965 esse
2443 908 2677 965 vitiatae.

220 988 297 1042 Ex
336 988 443 1045 boc
488 990 911 1061 praecipuarum
948 993 1292 1061 versionum,
1330 1009 1470 1065 quae
1509 1009 1704 1049 omnes
1741 1012 1774 1052 a
1801 996 2134 1067 primigenio
2169 1004 2325 1052 textu
2361 996 2536 1065 magis
2577 996 2682 1052 mi-

160 1089 318 1130 nusve
347 1075 697 1149 dependent,
728 1087 877 1135 statu
904 1094 1003 1137 sua
1031 1088 1228 1151 sponte
1254 1080 1378 1136 fluit
1404 1092 1792 1155 praeceptum,
1820 1082 1972 1155 quod
1997 1098 2164 1154 supra
2194 1084 2502 1140 statuimus,

462 1259 469 1265 ι
544 1292 712 1374 §25.
745 1326 835 1339 -
870 1292 965 1355 De
982 1288 1375 1377 praecipuis
1413 1288 1906 1355 commentariis
1935 1286 2284 1353 catholicis

779 1394 851 1460 in
882 1394 929 1462 l.
966 1394 1352 1483 Sapientiae
1382 1406 1450 1461 et
1479 1392 2045 1462 Ecclesiasticum.

222 1607 309 1661 SS.
336 1608 579 1663 Punns
607 1604 759 1662 libris
796 1606 921 1677 Sap.
963 1615 1022 1662 ct
1061 1606 1229 1662 Eccli.
1264 1606 1414 1661 velut
1441 1603 1640 1661 divinis
1668 1604 1988 1676 frequenter
2027 1618 2144 1660 esse
2177 1618 2336 1671 usos,
2363 1602 2678 1659 testimonia

160 1708 309 1764 supra
339 1693 506 1749 allata
540 1692 619 1766 (ἓὲ
646 1699 804 1763 21,1;
836 1698 985 1762 24,1)
1011 1702 1300 1761 testantur,
1328 1691 1426 1749 sed
1454 1692 1865 1750 commentariis
1893 1708 1988 1748 eos
2017 1707 2132 1747 non
2159 1691 2518 1747 illustrarunt.
2547 1692 2677 1745 Cas-

162 1780 401 1836 siodorus
448 1782 654 1847 (Instit.
696 1780 804 1837 div.
850 1784 929 1848 5.)
959 1781 1183 1853 quidem
1227 1781 1608 1853 presbyterum
1649 1779 2004 1837 Bellatorem
2054 1800 2078 1831 α
2124 1778 2432 1851 Sapientiae
2459 1778 2676 1849 exposi-

162 1870 353 1925 tionem
387 1876 519 1925 octo
552 1868 705 1924 libris
742 1870 1061 1925 assumsisse
1105 1890 1131 1919 x»
1177 1878 1342 1941 atque
1380 1870 1473 1926 SS.
1514 1868 1872 1925 Ambrosium
1901 1876 1958 1923 et
1983 1868 2352 1940 Augustinum
2385 1864 2678 1921 nonnullas

160 1954 223 2011 ‹le
261 1955 457 2012 eadem
500 1956 757 2012 homilias
799 1955 1001 2013 dixisse
1046 1956 1245 2025 refert3
1290 1955 1387 2012 sed
1429 1972 1596 2026 opera
1639 1956 1778 2013 baec
1816 1971 1946 2012 mox
1991 1956 2319 2011 interierunt
2341 1998 2356 2023 ‚
2403 1951 2676 2025 siquidem

161 2043 453 2101 Rhabanus
480 2046 707 2100 Maurus
735 2059 793 2099 se
821 2058 884 2099 ea
912 2044 1157 2101 invenire
1184 2059 1297 2099 non
1325 2044 1564 2115 amplius
1594 2043 1832 2115 potuisse
1861 2042 2050 2099 tradit.
2080 2043 2274 2113 Itaque
2301 2058 2368 2097 ex
2400 2049 2514 2096 tota
2542 2039 2679 2095 anti-

161 2132 354 2201 quitate
382 2131 536 2188 solos
574 2131 841 2188 habemus
868 2131 1058 2187 Rhab.
1089 2135 1299 2187 Mauri
1336 2131 1776 2189 Commentarios
1813 2131 1873 2185 in
1913 2140 2206 2203 utrumque
2242 2128 2475 2198 librum,
2509 2146 2539 2185 a
2569 2144 2678 2200 quo

161 2218 421 2289 dependet
451 2222 543 2275 W
540 2220 624 2274 al.
657 2219 973 2276 Strabonis
996 2220 1193 2276 Glossa
1221 2218 1515 2277 ordinaria.

220 2308 321 2363 Vix
365 2308 527 2379 plura
574 2308 879 2363 transmisit
922 2306 1084 2364 nobis
1117 2321 1316 2365 manu
1362 2322 1586 2374 Anus3
1629 2307 1834 2363 etenim
1874 2315 2092 2377 praeter
2137 2306 2322 2364 Card.
2354 2310 2676 2379 Παᾳοηεηι,

165 2396 279 2451 Nic.
302 2400 631 2467 Lyranum,
665 2396 1015 2467 Dionysium
1048 2396 1252 2452 Carth.
1288 2396 1381 2469 qui
1406 2396 1652 2467 integras
1678 2396 1990 2466 Scripturas
2018 2394 2386 2466 explicarunt,
2419 2394 2674 2449 innotue-

164 2492 280 2538 runt
305 2484 598 2539 dumtaxat
622 2487 679 2540 S.
720 2488 1167 2539 Bonavenrurae
1192 2484 1469 2555 Expositio
1494 2484 1551 2538 in
1575 2483 1614 2538 l.
1647 2482 1954 2554 Sapientiae
1983 2485 2144 2554 (Opp.
2180 2484 2390 2539 Romae
2413 2488 2567 2539 1588.
2607 2483 2675 2545 l.)

164 2578 315 2643 atque
341 2572 583 2628 Roberci
610 2572 876 2637 ΗοὶοοιΙι,
907 2574 975 2628 Ο.
1006 2570 1224 2637 Praed.‚
1254 2572 1660 2627 Praelectiones
1687 2570 1743 2626 in
1773 2570 1809 2625 l.
1843 2571 1972 2641 Sap.
2007 2570 2272 2637 (venetiis
2302 2576 2462 2627 1483.
2486 2578 2541 2625 et
2563 2585 2674 2625 sae·

166 2659 391 2727 pissime)
421 2658 789 2733 eiusdemque
818 2660 1096 2732 Expositio
1133 2661 1186 2714 in
1225 2660 1449 2715 Cantica
1478 2668 1536 2715 et
1557 2666 1769 2731 septem
1795 2658 1982 2730 priora
2009 2658 2186 2729 capita
2213 2659 2383 2715 Eccli.
2415 2658 2680 2727 (venetiis

170 2753 355 2815 moa).

226 2835 503 2893 Sanun
548 2842 631 2893 16.
672 2841 757 2891 17.
793 2842 877 2892 18.
918 2836 1185 2892 fertiliora
1224 2834 1473 2904 fuet-unu
1505 2835 1783 2906 praecipui
1821 2842 2282 2891 commentatores
2315 2836 2380 2891 L.
2418 2837 2678 2891 Samm-

166 2937 299 2979 rmz
340 2932 473 2980 sunt
498 2928 707 2980 Petrus
736 2924 1010 2979 Nannius
1053 2922 1291 2990 (Scholia
1320 2931 1375 2979 et
1403 2938 1604 2979 comm.
1655 2923 1713 2979 in
1753 2924 1881 2994 Sap.
1931 2923 2136 2979 Salem.
2187 2922 2432 2979 Basileae
2477 2929 2673 2990 1552.),

166 3012 541 3082 Hieronymus
558 3015 803 3068 Osorius
820 3011 1104 3083 (Paraphr.
1125 3011 1233 3067 inl.
1252 3012 1378 3084 Sap.
1398 3011 1678 3067 Bononiae
1701 3016 1899 3078 1577.),
1921 3012 2102 3067 Gonu.
2129 3013 2458 3067 Isusnmus
2478 3012 2672 3067 (ΞΛΜ).

168 3100 575 3163 (Αῃηοῑεῖίοηεε
602 3101 659 3156 in
679 3099 718 3154 l.
742 3100 867 3171 Sap.
894 3108 950 3154 et
968 3107 1267 3155 comment.
1298 3100 1355 3154 in
1383 3100 1554 3155 Eccli.
1580 3100 1929 3170 Antwerpiae
1959 3104 2112 3155 1589.
2142 3108 2198 3153 et
2216 3100 2474 3170 saepius),
2510 3100 2672 3154 lom.

172 3189 425 3245 Lomxus
456 3190 511 3244 S.
545 3191 588 3243 1.
630 3189 959 3254 (Commeat.
992 3188 1049 3243 iu
1084 3191 1209 3258 Sap.
1244 3189 1502 3259 Lugduni
1543 3193 1697 3243 1607.
1732 3195 1787 3243 et
1823 3188 2080 3258 saepius),
2109 3187 2330 3244 Christ.
2362 3188 2436 3242 de
2469 3190 2678 3243 Castro

171 3276 219 3329 S.
250 3278 291 3331 1.
322 3276 533 3344 (Brevis
560 3292 623 3331 ac
662 3275 935 3331 dilucidus
962 3284 1260 3331 comment.
1298 3276 1356 3330 in
1384 3278 1509 3347 Sap.
1551 3276 1752 3331 Salem.
1789 3274 2043 3349 Lugduni
2084 3276 2282 3346 1613.),
2324 3278 2392 3332 G.
2437 3277 2512 3331 dc
2553 3278 2678 3331 Cer-

172 3368 371 3432 rautes,
404 3366 473 3420 Ο.
506 3366 564 3421 S.
597 3369 739 3436 Aug.
770 3366 859 3430 (ln
885 3364 924 3418 l.
952 3366 1075 3433 Sap.
1106 3372 1404 3419 comment.
1438 3371 1493 3418 et
1529 3362 1764 3419 theoria.
1797 3363 2005 3434 Hispali
2039 3368 2238 3433 1614),
2265 3364 2443 3420 Coum.
2485 3379 2526 3418 A
2561 3366 2679 3419 LA-

172 3466 307 3507 1²10ss
334 3454 391 3510 S.
424 3456 473 3508 Ι.
504 3453 738 3519 (Comm.
768 3452 829 3507 in
855 3452 895 3508 l.
928 3451 1055 3523 Sap.
1082 3455 1434 3521 Antwerplae
1467 3456 1668 3520 1633.),
1694 3455 1760 3505 Ρ.
1802 3453 1985 3507 Gorse
2011 3452 2067 3507 S.
2105 3454 2151 3508 I.
2185 3450 2599 3520 (l'Ecclesiaste,
2629 3452 2676 3507 la

172 3540 408 3611 Segesse,
438 3540 899 3611 l’Ecclesiastique
929 3548 1033 3595 etc.
1073 3540 1227 3594 Paris
1258 3538 1461 3610 1655.),
1491 3538 1658 3594 Pe'an
1684 3538 1755 3595 de
1791 3538 1856 3593 la
1891 3538 2310 3596 Coullardiere
2349 3541 2676 3605 (Comment.

174 3642 259 3682 sur
291 3627 369 3683 les
408 3630 537 3699 cinq
579 3628 743 3684 livres
773 3628 1129 3699 sapientiaux.
1171 3626 1324 3683 Paris
1365 3630 1562 3693 1673.),
1609 3628 1652 3681 Ι.
1695 3628 1756 3681 Β.
1791 3629 2058 3683 Bossum·
2091 3627 2263 3693 (Libri
2301 3628 2676 3683 Salomonis..

174 3716 311 3785 Sap„
340 3717 509 3773 Eccli.
536 3716 755 3772 Parisiis
787 3720 987 3783 1693.)‚
1023 3715 1205 3770 Cle'm.
1235 3714 1309 3770 de
1334 3718 1537 3784 Boissy
1567 3714 1806 3787 (Abrege
1835 3724 1892 3770 et
1923 3714 2196 3771 concorde
2223 3714 2319 3773 des
2347 3718 2510 3772 livres
2536 3716 2606 3771 de
2630 3716 2680 3771 la

174 3802 402 3875 Segesse.
432 3804 585 3861 Paris
616 3810 749 3860 1767
758 3804 817 3875 .),
844 3808 944 3859 Fr.
970 3806 1241 3859 Boaretci
1262 3803 1447 3869 (Liber
1474 3803 1800 3874 Sapientiae.
1823 3804 2067 3859 Venetiis
2096 3808 2292 3871 1792.).

237 3892 383 3949 Inter
422 3895 890 3950 Eccnnsusncx
939 3899 1401 3947 commentatores
1447 3892 1690 3947 eminent
1734 3892 1963 3947 Paulus
2002 3892 2280 3947 Palacios
2323 3892 2396 3947 de
2422 3892 2682 3947 Salazar

179 3979 395 4041 (Comm.
421 3982 481 4037 in
506 3982 671 4037 Eccli.
702 3978 1036 4035 Villaeviridi
1065 3984 1273 4049 1581.),
1303 3981 1484 4037 Gonu.
1518 3983 1849 4037 musanus
1877 3980 2157 4036 GANnAv.
2190 3979 2291 4046 (cl'r
2318 3985 2522 4049 supra),
2553 3983 2676 4036 Oct.

177 4066 242 4122 de
270 4068 413 4142 Tufo
452 4070 685 4137 (Comm.
727 4070 784 4124 in
822 4069 989 4125 Eccli.
1032 4074 1197 4125 1.-18.
1241 4068 1501 4123 Coloniae
1547 4072 1748 4137 1628.)‚
1790 4069 1968 4125 Coun.
2003 4085 2044 4124 A
2072 4070 2312 4124 LAPmr.
2351 4070 2674 4133 (comment.

178 4157 516 4230 Antwerpiac
546 4162 745 4227 1629.),
776 4160 825 4213 Ι.
858 4158 932 4213 de
958 4156 1115 4211 Pina
1150 4157 1203 4212 S.
1236 4157 1277 4211 Ι.
1312 4157 1642 4223 (Comment.
1679 4154 1936 4227 Lugduni
1967 4158 2339 4223 1630-1648.),
2381 4157 2536 4210 Oliv.
2565 4160 2678 4210 Bo-

178 4248 397 4301 nartius
422 4248 477 4302 S.
510 4248 557 4301 1.
586 4244 915 4313 (Comment.
947 4244 1297 4315 Antwerpiac
1325 4246 1520 4312 1634.),
1554 4242 1715 4299 Salv.
1747 4243 1822 4299 de
1847 4244 1999 4298 Leon
2027 4242 2325 4313 (Expositio
2354 4251 2410 4298 et
2435 4243 2678 4298 illustra-

234 4428 295 4490 (⁴)
318 4432 389 4479 Ex
415 4428 618 4480 duobus
648 4428 843 4479 mendis
869 4442 1022 4492 supra
1060 4428 1106 4493 (§
1136 4433 1209 4478 23.
1256 4430 1299 4493 1)
1329 4427 1563 4477 indicatis
1603 4428 1762 4487 Syrus
1796 4440 1954 4477 unum
1983 4426 2168 4490 (25,22)
2198 4427 2432 4485 retinuit,
2464 4426 2680 4478 alterum

181 4507 343 4572 (2437)
369 4508 671 4561 emendavit.
713 4510 919 4559 Praeter
951 4507 1227 4558 nonnullas
1258 4508 1423 4557 varias
1460 4508 1700 4557 lectiones
1737 4506 1981 4568 syriacas,
2012 4519 2144 4569 quae
2179 4519 2242 4557 cx
2276 4506 2511 4557 hebraico
2539 4510 2678 4559 textu

181 4585 370 4638 omnino
391 4593 593 4639 exortae
612 4601 719 4639 esse
746 4586 1000 4648 videntur,
1031 4588 1185 4638 etiam
1213 4586 1610 4650 alphabetismus
1636 4599 1700 4635 ex
1725 4588 1869 4649 parte
1901 4588 2129 4636 retentus
2153 4586 2318 4649 (51,ae
2347 4586 2484 4649 sqq.)
2506 4588 2674 4639 docet.

182 4664 350 4726 syrum
372 4666 660 4719 hebraicum
685 4668 939 4731 exemplar
964 4680 1083 4730 prae
1106 4665 1339 4716 manibus
1365 4665 1617 4715 babuisse.
