3050 5184
494 304 710 350 srcmA
751 304 1242 350 semprumsrtcx
1281 300 1688 348 nonannonmt
1731 302 2253 347 PROTESTANTIUH.
2532 286 2649 345 175

135 437 422 509 conscripti.
453 438 531 495 Ut
556 454 764 493 novum
791 453 956 493 suum
983 446 1224 510 systema
1253 434 1555 505 stabiliret,
1582 435 1735 491 Baur
1759 434 1998 507 indiguit
2022 448 2169 490 novo
2196 442 2495 507 systemate
2517 432 2649 491 her—

135 524 448 593 meneutico;
472 524 661 597 itaque
687 526 829 581 sieut
865 527 1086 581 Strauss
1122 526 1180 580 in
1211 523 1526 597 Evangeliis
1563 522 1768 595 ubique
1794 521 2020 591 mythos
2046 522 2257 578 invenit
2271 564 2287 592 ,
2320 522 2439 577 eius
2466 520 2645 593 magi·

133 621 228 666 ster
251 612 310 668 in
351 612 604 669 omnibus
646 610 798 669 libris
841 614 1138 685 particulas
1176 620 1234 668 ct
1267 611 1551 667 doctrinas
1594 618 1693 667 aut
1733 609 1979 683 petrinas
2014 618 2110 667 aut
2149 610 2401 682 paulinas
2442 607 2650 664 detexit

134 700 400 772 omniaque
428 716 496 757 ex
528 700 642 757 fine
679 700 794 771 illo,
827 716 996 773 quem
1021 700 1248 770 angulis
1275 716 1308 757 a
1350 700 1533 770 priore
1574 699 1733 771 quasi
1769 697 2024 770 praefixit
2037 740 2051 768 ,
2083 695 2407 770 explicanda
2438 695 2645 752 docuit.

133 790 194 841 At
213 802 318 841 non
345 788 551 844 multos
571 788 805 856 invenit,
837 788 931 861 qui
955 788 1236 861 integrum
1261 787 1378 843 eius
1405 796 1648 860 systema
1676 784 2175 857 amplectebantur,
2208 784 2411 842 multos
2436 793 2641 852 autem,

133 874 304 943 quibus
331 874 599 932 effrenata
625 876 846 933 licentia
875 875 1108 947 placuit,
1138 890 1246 948 qua
1275 892 1376 948 pro
1404 872 1569 930 libitu
1596 872 1728 929 libri
1754 874 1900 930 sacri
1924 880 2241 930 tractantur
2268 880 2325 929 et
2348 872 2499 928 velut
2526 872 2647 929 col-

133 960 280 1018 luvies
301 963 580 1019 variarum
605 961 984 1020 doctrinarum
1009 962 1450 1020 considerantur.
1473 962 1631 1018 Licet
1646 962 1817 1033 igitur
1837 960 2291 1035 neotubingensis
2312 959 2505 1017 schola
2526 960 2645 1032 ipsa

133 1064 234 1104 cum
259 1050 370 1106 eius
409 1050 706 1108 fundatore
733 1051 807 1107 sit
831 1060 1070 1121 mortua,
1099 1050 1216 1107 eius
1257 1049 1530 1121 principia
1569 1050 1631 1105 in
1673 1047 1941 1106 hodierna
1983 1048 2207 1121 exegesi
2252 1047 2645 1120 protestantica

133 1148 416 1209 remanent,
447 1148 512 1195 ut
531 1138 696 1212 pauci
721 1139 1052 1212 interpretes
1078 1138 1190 1195 illis
1217 1154 1331 1194 non
1357 1137 1469 1194 sint
1501 1136 1713 1193 infecti.
1739 1136 2219 1209 Neotubingenses
2245 1145 2433 1193 autem
2460 1135 2647 1193 vocari

131 1225 324 1295 nolunt,
353 1226 457 1283 scd
491 1248 518 1279 α
556 1227 783 1284 scholae
819 1228 1070 1283 criticae
1107 1244 1136 1279 ι
1173 1225 1412 1283 asseclas
1437 1240 1559 1281 sese
1586 1224 1811 1295 dicunt,
1841 1240 1947 1281 nos
1988 1233 2225 1297 utroque
2259 1224 2485 1280 nomine
2514 1240 2645 1295 pro·-

131 1314 304 1370 miscue
325 1324 574 1382 utemur,
600 1314 730 1387 quia
757 1316 1046 1387 utriusque
1077 1313 1304 1370 scholae
1340 1312 1609 1385 principia
1638 1321 1767 1369 sunt
1802 1311 2019 1369 eadem.
2052 1314 2313 1370 Ceterum
2336 1312 2539 1385 integri
2560 1328 2645 1383 sy·
2692 1310 2699 1317 '

125 1403 334 1458 stematis
363 1402 631 1459 refutatio
667 1402 740 1459 ad
767 1402 1245 1459 Introductionem
1281 1401 1577 1473 specialem
1606 1400 1877 1472 pertinet,
1906 1398 1967 1455 in
1994 1415 2099 1472 qua
2124 1400 2471 1471 singulorum
2504 1398 2643 1455 Novi

125 1489 240 1543 Test.
267 1491 542 1547 librorum
567 1490 913 1547 authentiam
939 1499 994 1547 et
1019 1490 1293 1546 unitatem
1318 1488 1745 1545 vindicabimus.

253 1683 292 1773 ξ
326 1692 433 1751 19.
476 1724 570 1735 -
605 1684 852 1751 Studia
887 1684 1367 1775 scripturistica
1401 1684 1875 1750 modernorum
1912 1681 2457 1751 Protestantium.

181 1889 228 1945 1.
261 1891 594 1967 —Ingens
634 1892 730 1950 est
769 1888 1268 1951 Protestantium
1309 1905 1640 1959 numeruS,
1675 1886 1788 1965 qui
1832 1887 1953 1948 hoc
1983 1887 2239 1949 saeculo
2270 1885 2637 1963 disciplinas

127 1986 576 2061 seripturisticas
619 1986 1030 2047 excoluerunt
1067 1990 1132 2046 et
1167 1985 1491 2059 excolunt,
1534 2000 1741 2061 neque
1776 1984 1991 2063 negari
2029 1987 2271 2062 potest,
2313 2000 2452 2061 eOS,
2490 1981 2637 2042 licet

125 2078 368 2158 plerique
395 2081 839 2143 rationalismo
869 2083 996 2142 sint
1025 2080 1292 2153 addicti,
1321 2080 1398 2141 ad
1429 2081 1685 2142 illarum
1714 2081 2071 2158 profectum
2098 2081 2477 2153 contulisse3
2512 2080 2635 2139 im-

125 2177 310 2249 primis
339 2179 516 2239 enim
551 2178 732 2239 utilia
778 2178 1058 2239 subsidia
1095 2176 1478 2256 philologica
1507 2181 1573 2237 et
1606 2176 1907 2238 historica
1944 2177 2273 2256 interpreti
2313 2192 2635 2255 compara—

126 2277 254 2332 runt.

177 2386 382 2444 Ultimis
409 2388 502 2445 his
525 2388 870 2459 temporibus
896 2388 1084 2443 omnia
1113 2386 1228 2443 sere
1256 2386 1440 2443 studia
1469 2386 1785 2459 theologica
1810 2388 2247 2444 Protestantium
2274 2386 2493 2460 exegesi
2518 2387 2636 2443 sola

126 2475 656 2544 comprehenduntur,
681 2474 758 2531 ita
789 2483 852 2530 ut
873 2474 1078 2530 mirum
1106 2490 1221 2531 non
1247 2475 1338 2543 sit,
1367 2472 1518 2546 quod
1547 2482 1737 2531 tantus
1760 2474 1829 2529 sit
1856 2490 2121 2531 numerus
2148 2490 2381 2547 operum
2402 2474 2636 2546 scriptu·

127 2558 414 2633 risticorum,
448 2578 598 2636 quae
625 2562 857 2634 singulis
881 2562 1042 2619 annis
1065 2561 1271 2635 ubique
1293 2571 1574 2619 terrarum
1597 2560 1668 2617 ab
1695 2562 1775 2617 eis
1798 2561 2057 2619 eduntur.
2082 2563 2191 2619 Sed
2215 2562 2390 2619 multa
2415 2577 2636 2635 quoque

126 2660 176 2699 ex
197 2648 290 2705 illis
317 2651 385 2707 ad
423 2649 742 2723 profectum
771 2648 1188 2721 disciplinarum
1217 2647 1744 2721 scripturisticarum
1774 2650 2149 2720 contulerunt,
2180 2658 2347 2721 atque
2372 2664 2501 2706 cum
2528 2666 2635 2706 no-

127 2741 216 2790 stro
247 2737 514 2795 dedecore
559 2736 718 2794 fateri
755 2738 1027 2811 cogimur,
1065 2738 1446 2794 Protestantes
1491 2736 1693 2793 studiis
1729 2737 1843 2792 suis
1882 2736 2233 2809 philologieis
2272 2746 2329 2793 et
2360 2737 2635 2793 historicis

127 2821 399 2882 catholicos
425 2840 726 2897 superasse
751 2834 918 2897 atque
942 2840 1064 2881 rem
1091 2840 1158 2881 eo
1181 2824 1496 2894 deduxisse,
1526 2833 1591 2881 ut
1618 2823 1925 2880 catholicus
1947 2825 2241 2894 interpres,
2269 2824 2367 2896 qui
2392 2825 2634 2897 Scriptu-

129 2908 184 2962 ris
207 2916 498 2970 accuratius
535 2911 788 2969 studium
823 2912 1148 2984 impendere
1185 2913 1316 2969 velit
1329 2954 1343 2980 ,
1385 2912 1799 2984 protestanticis
1834 2912 2095 2983 operibus
2136 2911 2507 2985 philologieis,
2543 2912 2633 2968 hi-

129 2998 332 3069 storicis,
357 3000 798 3073 archaeologicis
823 3014 1018 3057 carere
1039 3008 1296 3073 nequeat.
1327 2999 1494 3057 Nulla
1521 3000 1713 3073 lingua
1738 2999 1923 3057 studio
1950 3001 2361 3074 scripturarum
2382 3000 2631 3071 inservit,

130 3098 264 3153 quam
287 3088 710 3163 diligentissime
737 3104 852 3144 non
877 3088 1237 3145 tractaverint
1263 3097 1319 3143 et
1346 3088 1723 3161 grammaticis
1749 3088 2315 3162 lexicographicisque
2350 3088 2634 3145 laboribus

131 3185 216 3227 non
238 3175 661 3245 illustraverim,
691 3191 783 3233 res
815 3174 1082 3232 historica
1109 3176 1295 3243 nulla,
1321 3176 1382 3231 in
1409 3191 1577 3247 quam
1608 3176 1990 3233 sollertissime
2020 3191 2133 3233 non
2158 3176 2628 3249 investigaverint.

131 3256 312 3334 Longus
335 3263 718 3321 contexendus
755 3273 898 3321 esset
933 3263 1248 3336 catalogus,
1279 3264 1328 3319 si
1355 3262 1502 3319 nuda
1542 3262 1769 3321 nomina
1804 3280 2001 3321 cortun
2038 3264 2509 3332 adscriberemus,
2540 3264 2633 3337 qui

131 3344 232 3403 inde
268 3366 298 3405 a
339 3352 448 3409 fine
495 3351 884 3424 praecedentis
927 3352 1135 3408 saeculi
1185 3352 1412 3418 linguae
1460 3350 1754 3408 hebraicae
1800 3351 2219 3426 vicinarumque
2268 3352 2631 3409 dialectorum

131 3434 372 3495 seientiam
403 3440 558 3497 felici
597 3454 728 3495 cum
763 3454 1020 3497 successu
1057 3448 1475 3511 promoverunt,
1515 3454 1621 3496 nec
1655 3437 1877 3497 brevior
1914 3439 2057 3497 foret
2093 3440 2378 3513 catalogus
2414 3456 2630 3510 eorum,

132 3522 202 3589 qui
221 3526 646 3601 archaeologicis
668 3535 726 3583 et
746 3526 1028 3583 historicis
1057 3526 1258 3583 studiis
1278 3528 1593 3597 impensam
1620 3542 1845 3599 operam
1877 3526 2169 3585 dederunt.
2198 3528 2287 3584 Ab
2314 3528 2421 3585 illis
2447 3537 2631 3585 autem

133 3611 438 3671 nominandis
469 3614 582 3671 hoc
608 3614 735 3671 loco
763 3614 1134 3683 abstinemuS,
1162 3615 1292 3687 quia
1324 3614 1422 3671 illa
1446 3630 1649 3685 opera,
1678 3631 1819 3687 quae
1856 3614 2183 3688 quotidiano
2216 3616 2341 3672 usui
2364 3616 2631 3673 inservire

134 3708 344 3769 possunt,
371 3703 582 3774 passim
606 3702 722 3759 iam
744 3701 1140 3771 indicavimuS,
1169 3702 1376 3775 partim
1403 3703 1463 3757 in
1485 3704 1847 3774 sequentibus
1877 3703 2357 3783 dissertationibus
2384 3706 2631 3761 nomina·

135 3778 302 3855 bimus3
330 3788 388 3845 id
413 3798 606 3849 tamen
637 3790 968 3861 repetimus,
1002 3788 1154 3861 quod
1186 3790 1302 3846 iam
1329 3790 1627 3863 aliquoties
1656 3791 1970 3860 innuimus,
1996 3793 2167 3849 etiam
2194 3794 2256 3849 in
2282 3792 2632 3866 philologieis

136 3876 176 3921 et
203 3870 456 3933 historicis
499 3876 764 3948 operibus
807 3878 1245 3935 Protestantium
1289 3876 1621 3935 adhibendis
1660 3878 1991 3950 prudentem
2036 3882 2353 3937 cautionem
2400 3879 2629 3952 requiri,

135 3954 216 4011 nisi
237 3962 348 4031 quis
371 3980 571 4021 eorum
601 3965 956 4037 praeiudiciis
981 3966 1042 4021 in
1068 3981 1320 4023 errorem
1341 3964 1531 4023 induci
1559 3967 1712 4022 velit.

196 4108 244 4165 2·
269 4144 340 4155 —
365 4115 582 4193 Neque
622 4115 834 4175 minus
882 4115 1064 4176 utilia
1111 4120 1260 4177 sunt
1305 4117 1615 4178 moderna
1653 4135 1842 4196 opera
1879 4119 2358 4198 protestantica,
2402 4118 2631 4196 quibus

137 4201 374 4269 subsidia
397 4212 478 4271 ad
516 4216 803 4273 textuum
841 4228 1166 4273 sacrorum
1203 4213 1479 4274 criticam
1520 4214 1937 4275 exercendam
1974 4217 2408 4290 continentur;
2460 4233 2632 4276 com-

141 4306 386 4365 mentarii
422 4312 669 4380 autem,
700 4309 850 4370 licet
887 4308 1054 4369 inter
1093 4328 1202 4372 eos
1242 4328 1490 4389 quoque
1532 4329 1658 4371 non
1688 4312 1926 4387 desint,
1962 4312 2073 4390 qui
2105 4329 2248 4374 cum
2280 4312 2489 4373 fructu
2518 4313 2627 4375 ad-

139 4386 306 4457 hiberi
327 4405 592 4479 possint,
616 4404 684 4465 in
712 4422 943 4485 genere
973 4406 1407 4467 commendari
1427 4424 1556 4467 non
1585 4411 1912 4468 merentur
1931 4412 2153 4487 utpote
2176 4409 2629 4472 rationalistico

139 4494 226 4548 aut
249 4503 675 4569 protestantico
703 4520 950 4564 veneno
979 4503 1170 4565 nimis
1201 4502 1438 4565 insecti.

194 4602 318 4671 Quid
350 4610 404 4667 in
427 4621 582 4671 textu
615 4615 857 4688 genuino
885 4616 1154 4674 librorum
1185 4632 1472 4674 sacrorum
1507 4616 1855 4675 restituendo
1884 4620 2262 4678 Protestantes
2298 4622 2407 4680 hoc
2439 4630 2630 4679 nostro
