3050 5184
864 296 947 341 nr:
988 296 1145 341 meni
1186 294 1611 341 senissimi-As
1649 297 1924 342 omerus.
2553 282 2666 341 337

134 442 265 483 nem
286 425 476 499 fingit,
504 426 602 484 sed
626 430 981 485 Salomonem
1010 428 1329 499 loquentem
1356 425 1680 496 introducit,
1706 436 1874 501 atque
1897 429 2244 486 Psalmorum
2264 429 2667 499 inscriptiones,

130 530 281 585 quae
303 530 533 571 erronee
570 515 841 571 Davidem
881 524 1166 572 auctorem
1192 514 1482 571 nominare
1517 514 1799 585 dicuntur,
1831 516 1880 571 si
1915 531 2182 573 erroneae
2208 525 2356 583 sunt,
2388 532 2421 571 a
2459 512 2669 571 Davide

132 602 255 671 ipso
275 602 613 658 oerminibus
634 619 748 658 non
776 612 907 659 sunt
930 602 1221 675 praefixae.

214 754 273 811 2.
302 785 381 795 -—
409 754 661 813 Frustra
705 752 1093 813 contendunt
1132 752 1502 829 adversarii,
1549 756 1902 826 auctorem,
1939 754 2234 832 quamvis
2269 754 2668 815 Salomonem

131 863 203 906 se
250 848 485 925 fingere
530 850 829 919 voluerit,
880 847 1391 926 expressionibus
1436 850 1755 910 nonnullis
1804 867 1943 911 sese
1981 850 2228 911 Pseudo
2271 850 2670 911 Salomonem

134 942 401 1019 prodere
442 948 629 1021 atque
672 944 1095 1005 allusionibus
1133 944 1457 1005 historicis
1498 946 1816 1007 iuniorem
1847 946 1992 1006 libri
2021 946 2332 1025 originem
2360 946 2665 1019 indicare;

132 1040 417 1099 erroneis
448 1041 621 1100 enim
650 1045 938 1101 textuum
965 1041 1594 1119 interpretationibus
1629 1041 1744 1101 hae
1771 1042 2164 1103 obiectiones
2195 1042 2567 1103 innituntur.

206 1157 511 1209 Auctorem
532 1153 844 1210 Salomonis
868 1168 1183 1226 personam,
1210 1168 1379 1225 quam
1405 1152 1643 1223 finxerit,
1676 1155 1949 1210 sustinere
1972 1171 2085 1210 non
2124 1155 2388 1225 potuisse,
2429 1154 2514 1209 his
2547 1162 2672 1209 tex-

134 1245 281 1301 tibus
320 1246 558 1317 probare
594 1258 886 1305 conantur.
929 1252 1014 1315 a.)
1056 1246 1127 1303 Se
1171 1246 1357 1323 fuisse
1392 1242 1611 1337 (tritt-0]-
1651 1250 1750 1323 fui
1779 1255 1918 1321 1,12)
1949 1264 2136 1322 regem
2160 1250 2219 1305 in
2243 1249 2564 1319 Ierusalem,
2599 1248 2674 1304 ait

134 1364 359 1423 aneton
390 1353 491 1411 sed
514 1355 653 1411 haec
676 1354 919 1411 scribere
954 1368 1069 1409 non
1098 1356 1279 1424 potuit
1312 1354 1596 1421 Salomon,
1627 1354 1722 1424 qui
1752 1370 1926 1426 usque
1953 1353 2026 1411 ad
2061 1362 2302 1410 mortem
2327 1370 2486 1411 suam
2514 1353 2672 1409 thro-

136 1464 267 1503 num
292 1451 602 1520 occupavit.
634 1454 895 1507 Attamen
921 1455 1089 1511 'nvn
1120 1451 1286 1507 etiam
1336 1448 1606 1521 significat
1639 1469 1651 1505 ε
1683 1454 1898 1505 Factus
1935 1466 2058 1505 sum
2083 1458 2140 1507 et
2176 1450 2377 1507 adhuc
2417 1466 2548 1505 sum
2588 1444 2674 1504 cl'r

138 1540 231 1591 Ps.
256 1543 331 1593 88
354 1540 489 1606 (87),
519 1543 576 1604 5,
607 1538 743 1595 Gen.
770 1544 929 1606 3211
970 1548 1075 1595 etc.
1106 1569 1173 1579 -
1202 1538 1275 1607 b.)
1307 1538 1375 1593 Se
1404 1553 1598 1591 omnes
1623 1552 1800 1609 rege8‚
1829 1537 1927 1609 qui
1954 1546 2080 1593 ante
2105 1552 2233 1593 eum
2260 1538 2325 1592 in
2346 1538 2672 1593 Ierusalem

136 1632 555 1696 removerunt,
582 1640 867 1696 superasse
896 1626 975 1681 ait
999 1630 1177 1696 (1,16;
1210 1630 1357 1693 2,7);
1388 1621 1486 1679 sed
1515 1632 1644 1679 ante
1667 1625 2020 1680 Salomonem
2044 1625 2200 1681 solus
2225 1625 2404 1680 David
2432 1625 2492 1679 in
2521 1626 2673 1680 leru-

134 1713 314 1767 salem
356 1713 622 1784 regnavit.
662 1714 870 1784 Utique
908 1730 975 1769 ex
1022 1713 1243 1786 regibus
1274 1712 1475 1777 Israel,
1522 1728 1658 1767 num
1687 1712 1998 1777 Salomoni,
2032 1726 2199 1782 quem
2241 1732 2268 1763 α
2295 1727 2489 1768 omnes
2515 1728 2672 1783 reyes

134 1806 343 1855 terrae
370 1820 395 1849 ι
432 1814 720 1870 superasse
748 1798 885 1855 dixit
913 1809 1108 1857 auctor
1146 1806 1197 1855 3.
1231 1803 1368 1870 Reg.
1404 1802 1626 1865 (1⁰3³),
1671 1815 1729 1854 sc
1769 1800 1885 1869 ipse
1915 1814 2042 1854 cum
2065 1798 2286 1871 regibus
2307 1798 2669 1869 chananaeis,

136 1888 231 1957 qui
258 1895 393 1941 ante
418 1885 692 1942 Davidem
707 1887 767 1942 in
790 1888 1093 1943 Ierusalem
1112 1895 1499 1959 regnaverant,
1524 1900 1847 1957 comparare
1870 1901 1982 1941 non
2003 1886 2194 1941 licuit?
2222 1916 2292 1927 —-
2311 1890 2383 1952 c.)
2411 1886 2674 1943 Salomon

135 1990 231 2029 rex
256 1974 505 2031 scribere
542 1989 655 2030 non
684 1976 905 2045 potuit:
957 1996 983 2025 c
1021 1991 1123 2047 ego
1165 1975 1398 2031 observo
1426 1988 1489 2028 os
1518 1972 1661 2044 regis
1701 1995 1725 2023 n
1773 1978 1926 2041 (8‚2).
1968 1973 2160 2044 Neque
2196 1972 2253 2029 id
2293 1974 2539 2045 scripsit,
2574 1972 2673 2029 sed

142 2082 165 2111 α
194 2076 307 2134 ego
333 2059 499 2128 (dico)
532 2082 545 2117 τ
579 2060 809 2117 observa
838 2078 901 2117 os
922 2063 1071 2133 regis
1098 2082 1125 2113 n
1145 2062 1185 2115 ².
1218 2091 1285 2101 —
1312 2060 1397 2129 d.)
1425 2063 1637 2116 Auctor
1664 2060 1740 2115 ita
1775 2061 2038 2133 loquitur,
2072 2076 2134 2115 ac
2163 2060 2209 2115 si
2235 2060 2466 2116 stultum
2495 2060 2672 2116 filiurn

134 2151 193 2199 et
214 2154 597 2197 successorem
625 2142 936 2198 Salomonis
968 2140 1363 2211 (Roboamum)
1393 2142 1506 2196 iam
1538 2140 1762 2195 vidisset
1785 2156 2019 2210 regnare
2056 2146 2220 2205 (2,12.
2258 2145 2322 2194 18
2353 2143 2491 2209 sq.),
2525 2146 2691 2208 atque

135 2230 211 2287 de
236 2227 592 2285 subditorum
620 2229 1005 2300 oppressione,
1036 2226 1279 2286 iudicum
1309 2229 1576 2284 iniustitia
1594 2269 1609 2295 ,
1642 2235 1962 2298 magnatum
1995 2227 2307 2295 insipientia
2339 2226 2414 2281 ita
2444 2240 2690 2296 conque-

148 2320 299 2373 ritui·
328 2322 502 2387 (3‚14;
539 2325 661 2389 ⁴,13
692 2324 813 2387 5,7;
845 2324 971 2381 10,5
998 2323 1162 2392 sqq.)‚
1192 2327 1255 2375 ut
1276 2319 1558 2387 Salomon,
1589 2319 1636 2375 si
1659 2319 1797 2375 haec
1817 2320 2138 2392 scripsisset,
2171 2334 2290 2377 sese
2307 2321 2426 2393 ipse
2447 2330 2688 2378 contem·

144 2406 237 2462 tui
266 2405 623 2477 exposuisset.
668 2407 823 2475 Quae
851 2406 1084 2463 obiectio
1120 2406 1257 2462 falso
1286 2406 1484 2462 nititur
1517 2406 1826 2478 supposit0,
1858 2416 2144 2463 auctorem
2175 2424 2263 2464 res
2304 2425 2452 2465 suae
2477 2412 2688 2465 aetatis

146 2492 470 2550 describere
497 2494 765 2561 voluisse,
797 2509 979 2565 neque
1004 2494 1153 2550 enim
1180 2491 1250 2549 de
1278 2510 1384 2548 suo
1416 2508 1733 2549 successore
1770 2502 1826 2549 et
1854 2493 2096 2551 haerede
2132 2511 2236 2551 nec
2273 2495 2341 2552 de
2377 2512 2479 2551 suo
2518 2512 2688 2569 regno

146 2580 442 2652 speciatim
474 2581 721 2653 loquitur
752 2581 1037 2651 Salomon,
1068 2580 1164 2637 sed
1194 2580 1439 2653 generali
1478 2580 1648 2637 modo
1678 2581 1746 2637 de
1769 2581 1857 2650 iis,
1886 2597 2028 2653 quae
2057 2582 2157 2638 sub
2187 2583 2304 2638 sole
2337 2582 2456 2639 fieri
2483 2583 2684 2639 solent.

146 2672 370 2725 Revera
399 2684 610 2737 omnes,
644 2669 742 2741 qui
768 2669 828 2723 in
850 2668 994 2724 libro
1028 2668 1236 2723 multas
1258 2668 1491 2740 reperiri
1519 2668 1817 2723 allusiones
1854 2667 2143 2724 historicas
2172 2669 2461 2739 obiiciunt,
2490 2668 2690 2743 quibus

144 2756 433 2812 recentior
466 2756 583 2811 eius
623 2756 781 2829 origo
824 2754 1257 2823 demonstretur,
1290 2771 1406 2810 non
1444 2756 1578 2810 satis
1613 2755 1936 2825 attendunt,
1968 2755 2121 2812 velut
2158 2772 2350 2813 verum
2387 2758 2688 2829 sapientem

146 2842 527 2900 Ecclesiasten
554 2859 642 2899 res
668 2852 987 2915 praesentes
1010 2851 1067 2898 et
1092 2843 1451 2915 praeteritam,
1478 2844 1701 2914 quaein
1724 2842 1928 2915 populo
1953 2859 2051 2898 suo
2081 2852 2179 2900 aut
2206 2844 2396 2901 vicinis
2426 2844 2484 2901 in
2509 2845 2689 2917 regnis

142 2940 251 2987 aut
278 2930 593 3002 longinquis
620 2931 680 2987 in
706 2932 871 2987 terris
894 2938 1081 3003 gestae
1109 2939 1240 2987 sunt
1266 2930 1353 2985 vel
1378 2938 1666 3003 geruntur,
1691 2939 1920 2987 cunctas
1946 2931 2264 3003 complecti,
2296 2941 2358 2988 ut
2386 2949 2452 2989 ex
2489 2932 2570 2989 eis
2595 2948 2687 2989 sa-

146 3022 394 3075 lutarem
417 3018 727 3074 doctrinam
751 3017 1010 3074 deducat.
1044 3017 1298 3073 Profecto
1328 3018 1374 3073 si
1397 3018 1696 3074 allusiones
1722 3018 1849 3074 illae
1880 3019 2191 3087 historicae,
2219 3035 2358 3092 quas
2381 3020 2688 3087 inveniunt,

146 3106 223 3163 ad
247 3106 517 3178 originem
540 3105 668 3161 libri
690 3104 1066 3161 definiendam
1089 3104 1395 3177 quidquam
1423 3106 1690 3174 valerent,
1721 3104 2022 3162 adversarii
2059 3122 2172 3163 non
2203 3122 2304 3178 per
2343 3122 2544 3165 novem
2574 3124 2690 3165 sae·

144 3196 279 3251 cula
307 3209 340 3249 a
356 3193 649 3249 Salomone
678 3208 853 3265 usque
880 3191 954 3249 ad
974 3191 1258 3249 Christum
1280 3192 1762 3261 circumerrarent,
1796 3201 1860 3249 ut
1887 3202 2128 3251 aetatem
2156 3194 2482 3263 delinirent,
2507 3196 2598 3253 cui
2621 3196 2688 3252 li-

148 3284 319 3344 brum
347 3278 728 3337 attribuerent.

230 3434 295 3493 3.
334 3465 413 3475 —-
447 3434 567 3491 Pro
610 3431 805 3491 ariete
852 3430 931 3491 ad
975 3430 1425 3491 salomonicam
1474 3431 1885 3493 Ecclesiastae
1935 3434 2240 3511 originem
2286 3435 2689 3496 evertendam

142 3527 497 3590 adversarii
532 3530 792 3588 utuntur
830 3526 1071 3605 lingua,
1106 3543 1230 3603 qua
1268 3527 1658 3604 conscriptus
1688 3531 1784 3587 est
1818 3528 2008 3603 liber;
2043 3546 2187 3589 eam
2222 3530 2394 3590 enim
2431 3532 2690 3592 omnino

149 3626 465 3687 diversam
502 3640 639 3683 esse
678 3626 965 3683 asserunt
1001 3640 1040 3682 a
1066 3622 1318 3683 Davidis
1358 3622 1837 3700 Salomonisque
1878 3625 2116 3703 lingua,
2160 3626 2550 3687 simillimam
2587 3646 2691 3688 au-

150 3728 289 3782 tem
329 3720 581 3797 linguae
622 3719 843 3779 aetatis
886 3718 1206 3789 esdrinae,
1240 3718 1630 3779 aramaismis
1676 3719 1971 3781 refertam
2018 3725 2135 3782 etc.
2181 3722 2292 3783 Cui
2339 3722 2689 3784 difficultati

148 3822 326 3879 recte
352 3815 794 3893 respondetur,
826 3815 961 3875 solo
991 3830 1281 3875 sermone
1306 3818 1578 3875 aetatem
1601 3814 1868 3875 alicuius
1889 3816 2033 3876 libri
2054 3835 2183 3878 non
2204 3818 2476 3891 definiri,
2502 3823 2690 3897 atque

152 3930 231 3974 ex
260 3912 671 3973 Ecclesiastae
710 3914 932 3988 utpote
962 3910 1280 3971 concionis
1320 3909 1398 3971 ad
1428 3911 1735 3989 populum
1761 3911 1838 3972 de
1865 3912 2052 3974 huius
2078 3918 2282 3975 terrae
2307 3916 2492 3975 bonis
2521 3915 2691 3975 habi-

154 4016 261 4071 tae
286 4008 498 4069 indole
529 4006 681 4067 satis
710 4006 1034 4085 explicari,
1066 4021 1179 4066 cur
1204 4005 1516 4084 impurior
1545 4007 1628 4067 sit
1655 4008 1790 4067 eius
1813 4025 2042 4070 sermo.

234 4120 317 4177 Ad
346 4118 793 4177 adversariorum
827 4116 1155 4185 dissensum,
1187 4118 1281 4190 qui
1320 4118 1441 4174 solo
1487 4134 1744 4175 sermone
1771 4119 1841 4176 de
1883 4130 2062 4178 aetate
2103 4123 2284 4194 operis
2317 4122 2549 4180 iudicari
2579 4140 2692 4179 non

158 4224 323 4280 posse
346 4206 711 4273 demonstrat,
740 4206 941 4261 iterum
965 4220 1269 4278 provocare
1292 4220 1432 4275 opus
1474 4221 1587 4261 non
1624 4214 1728 4275 est,
1756 4208 1854 4263 sed
1890 4224 2207 4278 monemus,
2241 4227 2274 4266 a
2307 4210 2694 4269 recentissimis

222 4358 293 4419 (2)
318 4356 465 4407 nanc
496 4354 965 4417 interpretationem
1002 4352 1399 4403 communiorem
1434 4366 1568 4413 esse,
1601 4357 1821 4404 testatur
1849 4357 1900 4407 S.
1932 4356 2272 4419 Hieronymus
2305 4358 2609 4421 (comment.
2641 4360 2690 4409 in

162 4437 213 4485 b.
246 4434 323 4500 1.),
352 4433 474 4483 lieet
499 4433 607 4496 ipse
637 4432 851 4483 alteram
886 4430 1187 4496 praetulerit
1208 4436 1421 4497 putans
1449 4431 1512 4482 de
1541 4446 1656 4496 rege
1683 4434 1864 4485 nessia
1895 4436 2234 4487 Ecclesiasten
2265 4436 2424 4503 loqui.
2457 4439 2692 4489 Ceterum

164 4528 277 4574 rex,
307 4513 458 4563 cuius
478 4526 538 4563 os
564 4510 937 4563 observandum
966 4522 1075 4561 esse
1100 4514 1275 4561 monet
1300 4514 1497 4573 auctor,
1526 4514 1606 4562 est
1635 4525 1735 4563 rex
1756 4516 1932 4573 Deus:
1955 4529 2014 4565 ac
2035 4516 2180 4579 proin
2209 4516 2362 4568 etiam
2389 4529 2452 4568 ex
2480 4516 2696 4569 lectione

162 4592 407 4658 vulgatae
438 4590 582 4642 nulle
603 4592 833 4643 exoritur
857 4589 1154 4643 difficultas.

921 4678 1173 4728 Consum
1207 4679 1480 4727 cournnn.
1512 4680 1736 4729 Iit-raon.
1772 4705 1830 4718 -
1865 4684 1940 4730 22.
