3050 5184
1172 290 1549 336 Arrenmcss.
1897 275 1904 284 '
2549 263 2665 322 627

114 419 187 474 et
216 415 377 476 Novi
402 417 567 478 Test.
600 416 905 497 (maxime
924 420 1283 501 historicos)
1306 440 1478 482 mera
1500 421 1810 484 industria
1825 419 2102 480 humana
2117 395 2506 492 conscriptos
2531 411 2666 472 sola

114 511 423 572 Ecclesiae
444 516 900 592 approbatione
939 523 1001 578 et
1028 519 1093 578 in
1124 535 1427 580 canonem
1463 518 1827 596 receptione
1863 516 2062 576 iactos
2091 528 2229 574 esse
2258 510 2528 572 verbum
2552 508 2665 570 Dei

112 609 583 672 arbitrarentur
610 629 624 672 :
654 613 846 674 simili
878 615 1069 676 modo
1095 633 1242 693 qun,
1270 616 1545 684 aiebant,
1571 615 1759 676 verba
1787 609 2126 684 CiceroniS,
2160 610 2214 669 si
2249 624 2322 668 ea
2348 607 2428 668 ad
2455 623 2664 666 meam

114 705 334 766 ideam
364 709 838 785 exprimendam
866 711 1167 787 adhibeo,
1194 729 1336 772 mea
1376 714 1540 774 fiunt
1560 711 1608 770 ⁹.
1637 709 1758 771 Alii
1789 727 1938 770 vero
1973 725 2088 787 per
2107 705 2310 767 solam
2341 708 2663 765 externam

116 803 445 878 quandam
464 805 885 868 assistentiam
912 809 1184 886 Spiritus
1206 827 1461 870 omnem
1491 807 1906 870 scribentium
1929 821 2208 866 errorem
2231 801 2662 880 praecaventis

114 899 321 960 libros
350 906 603 962 nostros
628 920 837 965 sacros
862 911 1111 968 exortos
1137 923 1275 968 esse
1297 907 1666 968 dictitarunt
1685 903 1760 978 ⁴⁰,
1792 920 1984 982 quam
2011 900 2435 962 assistentiam
2464 896 2662 976 aliqui

114 999 582 1075 inspirationem
610 1006 1100 1063 concomitantem
1125 1004 1445 1083 appellare
1475 1004 1832 1064 voluerunt.
1867 1001 1945 1062 At
1973 999 2254 1077 priorem
2283 995 2664 1056 sententiam

119 1093 309 1154 Cone.
350 1093 537 1156 Vatic.
562 1097 849 1160 absolute
872 1099 1187 1178 reprobat,
1210 1102 1476 1162 alteram
1499 1118 1626 1160 non
1647 1097 1928 1160 sufficere
1955 1095 2258 1165 declarat;
2286 1110 2357 1155 ac
2380 1091 2664 1170 profecto

116 1195 351 1250 neutra
386 1191 467 1251 iis
504 1199 834 1267 consonat,
863 1214 1022 1273 quae
1060 1197 1382 1278 Scriptura
1418 1200 1481 1258 et
1516 1195 1798 1258 Traditio
1837 1195 1915 1254 de
1955 1185 2266 1254 librorum
2302 1193 2662 1249 nostrorum

116 1288 372 1366 origine
399 1289 687 1364 tradunt,
718 1311 913 1370 quum
944 1297 1144 1356 Deum
1172 1311 1395 1356 eorum
1420 1299 1742 1356 auctorem
1772 1309 1911 1354 esse
1939 1293 2248 1352 asserunt.

188 1483 369 1539 Novis
385 1483 499 1539 istis
515 1486 889 1554 inspirationis
908 1488 1361 1560 explicationibus
1372 1487 1680 1544 condendis
1697 1485 1963 1558 novisque
1980 1482 2302 1542 nominibus
2319 1481 2662 1554 inspiratio·

112 1574 214 1626 πίε
240 1576 694 1632 concomitaniis
718 1581 775 1632 ei
792 1577 1191 1650 subsequentis
1204 1576 1471 1633 cudendis
1490 1592 1684 1632 ansam
1705 1574 1921 1632 videtur
1935 1572 2254 1646 praebuisse
2267 1573 2388 1626 Iac.
2413 1568 2661 1642 Bonfre·

113 1661 254 1715 rius
284 1661 342 1715 S.
384 1662 450 1730 1.,
483 1663 577 1735 qui
606 1663 777 1720 Leon.
814 1666 990 1722 Lessii
1026 1665 1329 1736 discipulus
1365 1667 1548 1722 Deum
1581 1664 1783 1737 triplici
1809 1662 1980 1720 modo
2008 1678 2128 1720 sese
2156 1661 2228 1718 ad
2256 1657 2662 1742 hagiographos

114 1747 332 1804 habere
356 1765 522 1820 posse
548 1750 738 1808 docuit
752 1752 791 1787 ¹¹
828 1775 841 1809 :
881 1754 1313 1824 antecedenter,
1346 1774 1373 1806 e
1398 1770 1573 1826 quum
1595 1753 1857 1824 inspirat,
1883 1752 2121 1819 revelat,
2149 1752 2498 1808 demonstrat
2523 1762 2662 1818 quae

114 1835 359 1892 dicenda
386 1838 747 1896 scribendave
774 1851 929 1910 sunt,
957 1843 1034 1898 ita
1069 1852 1130 1898 ut
1156 1841 1227 1898 de
1254 1859 1356 1899 suo
1384 1851 1632 1898 marteve
1661 1842 1884 1913 proprio
1907 1839 2050 1896 nihil
2076 1837 2246 1897 addat
2275 1841 2531 1913 scriptor,
2563 1836 2660 1893 sed

114 1941 183 1980 ea
204 1924 501 1982 dumtaxat
524 1927 756 1999 scribat,
788 1946 931 2002 quae
950 1947 983 1988 a
1006 1931 1215 2004 Spiritu
1233 1933 1291 1987 S.
1316 1931 1581 2004 inspirata
1611 1929 1966 2001 revelataque
1993 1938 2154 1996 sunt,
2185 1926 2258 1984 ad
2280 1945 2411 1985 eum
2433 1925 2662 1984 modum

116 2030 233 2086 quo
257 2011 557 2085 discipulus
579 2016 842 2089 magistro
862 2019 1103 2076 dictante
1124 2019 1326 2092 excipit
1350 2036 1491 2092 quae
1514 2019 1588 2074 ab
1612 2035 1678 2074 eo
1703 2017 2063 2090 proferuntur
2091 2038 2143 2085 »ς
2176 2019 2660 2086 σοποοηιίεαηεεν,

120 2125 145 2154 α
170 2117 353 2175 quum
374 2119 489 2160 non
512 2103 585 2160 ad
600 2105 831 2164 modum
850 2107 1110 2165 dictantis
1130 2117 1186 2164 et
1204 2108 1467 2179 spirantis
1484 2123 1544 2164 se
1565 2105 1733 2163 habet
1756 2105 1992 2177 Spiritus
2005 2147 2020 2173 ,
2043 2104 2142 2161 sed
2160 2107 2234 2162 ad
2254 2123 2384 2162 eum
2405 2105 2660 2174 modum,

116 2209 233 2265 quo
264 2191 360 2265 qui
383 2193 623 2250 alterum
650 2195 983 2254 scribentem
1012 2197 1177 2254 oculo
1198 2197 1493 2269 dirigeret,
1513 2212 1587 2253 ne
1613 2197 1672 2250 in
1699 2211 1760 2252 re
1783 2194 2046 2266 quapiam
2069 2202 2282 2250 erraret
2309 2215 2332 2248 ι
2369 2218 2384 2263 ;
2417 2215 2442 2246 α
2473 2209 2662 2263 conse·

114 2289 366 2354 fluenter
392 2298 452 2338 se
479 2282 689 2342 babere
716 2294 904 2356 posset
938 2285 1171 2358 Spiritus
1211 2289 1290 2356 S.,
1322 2287 1371 2342 si
1411 2284 1548 2358 quid
1575 2285 1820 2340 humano
1859 2282 2059 2355 spiritu
2103 2281 2314 2355 absque
2339 2284 2574 2354 Spiritus
2601 2285 2657 2340 S.

116 2386 253 2442 ope,
289 2369 625 2436 directione,
667 2373 974 2431 assistentia
1009 2391 1041 2432 a
1069 2375 1334 2448 quopiam
1362 2375 1630 2445 scriptore
1655 2381 1798 2428 esset
1822 2371 2226 2443 conscriptum,
2259 2381 2451 2444 postea
2474 2379 2662 2427 tamen

112 2459 361 2531 Spiritus
388 2461 442 2516 S.
480 2468 779 2518 testaretur
812 2463 1026 2531 omnia,
1064 2479 1206 2534 quae
1238 2465 1294 2518 in
1328 2479 1395 2518 eo
1423 2463 1628 2532 scripta
1658 2468 1870 2526 essent,
1902 2475 2030 2514 vera
2060 2475 2180 2516 esse
2221 2481 2234 2516 ε
2268 2469 2484 2516 certum
2513 2461 2662 2517 enim

114 2555 232 2616 est,
274 2555 410 2603 tunc
446 2557 626 2606 totum
656 2549 763 2606 hoc
800 2552 1065 2624 scriptum
1102 2551 1221 2608 fore
1250 2552 1481 2608 verbum
1510 2551 1618 2606 Dei
1647 2558 1706 2606 et
1733 2547 1968 2606 eandem
1997 2547 2344 2604 infallibilem
2371 2550 2662 2605 veritatem

116 2635 445 2692 habiturum
460 2680 475 2705 ,
505 2653 673 2709 quam
703 2638 911 2696 habent
930 2649 1113 2697 cetera
1132 2683 1146 2710 ,
1178 2656 1317 2714 quae
1342 2639 1703 2711 inspiratione
1725 2639 1811 2693 vel
1830 2636 2136 2693 directione
2157 2636 2406 2694 eiusdem
2427 2637 2661 2710 Spiritus

112 2727 168 2780 S.
206 2726 519 2798 conscripta
562 2736 743 2784 essent
774 2749 824 2785 n.
858 2731 1034 2785 Porro
1076 2728 1147 2785 ad
1192 2728 1498 2784 secundum
1539 2726 1772 2783 modum
1814 2726 1925 2782 duo
1967 2724 2215 2782 notanda
2260 2742 2378 2783 esse
2419 2735 2657 2782 monet:

120 2837 143 2866 a
178 2830 363 2871 unum
392 2833 407 2871 ε
439 2816 569 2872 lieet
604 2817 665 2872 in
706 2816 814 2874 hoc
850 2817 1019 2874 modo
1054 2805 1264 2874 non'se
1310 2817 1515 2873 habeat
1557 2814 1948 2872 antecedenter
1983 2814 2267 2886 inspiratio
2309 2814 2519 2885 divina,
2552 2829 2662 2887 qua

110 2905 365 2977 κὶπφιὶα
404 2901 861 2962 demonstrentur
888 2914 945 2962 et
972 2906 1327 2976 inspirentur,
1368 2921 1485 2961 non
1508 2904 1700 2961 deesse
1737 2912 1925 2959 tamen
1953 2903 2209 2974 scriptori
2235 2902 2390 2959 initio
2431 2903 2659 2975 inspira-

112 2994 333 3050 tionem
362 2992 641 3063 quandam
670 2995 1003 3065 generalem
1043 2993 1319 3050 scribendi
1356 2994 1527 3049 talem
1565 2992 1854 3049 historiam
1897 2992 1980 3047 vel
2018 2991 2278 3064 pulchras
2321 3007 2552 3066 gnomas
2587 2991 2656 3047 ad

113 3082 295 3138 vitam
333 3097 627 3153 moresque
667 3081 809 3138 hene
856 3082 1387 3156 componend08,...;
1437 3082 1676 3138 alterum
1717 3102 1730 3135 :
1783 3079 1910 3137 licet
1949 3079 2006 3135 in
2053 3079 2160 3136 hoc
2207 3079 2450 3136 secundo
2489 3079 2660 3136 modo

110 3170 353 3242 Spiritus
389 3171 445 3226 S.
480 3170 763 3227 hominem
792 3171 895 3228 sibi
924 3172 1201 3244 relinquat
1242 3170 1378 3226 nihil
1408 3173 1465 3226 in
1502 3185 1570 3226 eo
1607 3168 1998 3224 antecedenter
2035 3168 2316 3240 operando
2355 3171 2454 3240 [sc.
2485 3169 2660 3224 relate

110 3259 187 3315 ad
211 3259 590 3332 cognitionem
604 3259 1067 3331 scribendorum],
1096 3258 1333 3316 subinde
1348 3267 1540 3314 tamen
1557 3259 1723 3314 etiam
1745 3257 1987 3326 priorem
2005 3255 2238 3312 modum
2267 3255 2398 3313 huie
2415 3257 2660 3314 secundo

109 3349 411 3404 admisceri
437 3356 494 3404 et
518 3349 934 3420 inspirationem
959 3349 1199 3420 aliquam
1230 3347 1523 3412 accedere,
1557 3361 1644 3402 ex.
1673 3362 1753 3418 gr.
1777 3345 1823 3400 si
1853 3345 1985 3416 quid
2008 3345 2252 3401 visorum
2275 3345 2660 3402 auditorumve

108 3437 360 3509 scriptor
402 3445 546 3492 esset
586 3435 820 3504 oblituS,
863 3436 1014 3492 iuxta
1062 3436 1200 3493 illud
1240 3458 1253 3492 :
1304 3445 1562 3508 suggeret
1609 3433 1763 3491 vohis
1807 3433 1994 3488 omnia
2039 3449 2424 3506 quaecumque
2469 3433 2659 3507 dixere

112 3525 305 3594 vobiS,
336 3525 381 3580 si
411 3541 519 3596 qua
549 3525 606 3581 in
638 3541 698 3581 re
726 3526 965 3597 scriptor
995 3534 1137 3582 esset
1177 3533 1489 3594 erraturuS,
1522 3523 1631 3579 nisi
1659 3537 1692 3579 a
1730 3521 1940 3594 Spiritu
1967 3521 2024 3578 S.
2056 3521 2352 3579 doceretur
2381 3543 2434 3578 υ.
2473 3523 2660 3579 Primo

109 3615 347 3672 demum
379 3614 549 3670 modo
570 3615 725 3671 iuxta
752 3614 1107 3672 Bonsrerium
1134 3612 1370 3686 Spiritus
1399 3617 1455 3670 S.
1488 3610 1728 3668 maxime
1758 3626 1816 3666 se
1850 3609 2044 3667 habuit
2074 3609 2142 3666 ad
2179 3611 2479 3682 prophetas
2507 3619 2562 3666 et
2589 3610 2659 3667 ad

108 3703 411 3760 historicos
450 3719 671 3776 quoque
717 3703 1152 3776 hagiographae,
1205 3725 1229 3754 α
1271 3716 1445 3773 quum
1483 3716 1576 3756 res
1617 3699 1689 3756 ob
1729 3699 2117 3772 antiquitatem
2163 3701 2252 3756 vel
2293 3699 2662 3756 remotionem

172 3891 246 3954 (9)
280 3891 339 3938 D.
366 3891 429 3940 B.
456 3889 747 3954 Hanebery
775 3893 835 3941 Ο.
866 3891 917 3938 S.
941 3892 996 3940 B.
1028 3888 1210 3940 Βοιὼ.
1240 3887 1336 3938 der
1362 3885 1482 3938 bibl.
1514 3884 1716 3937 Offenb.
1746 3884 1841 3935 Ed.
1867 3891 1896 3936 3
1943 3883 2266 3948 Regeusburg
2298 3888 2436 3936 1863.
2463 3899 2512 3948 p.
2542 3888 2660 3948 8173

106 3971 206 4024 sed
240 3969 501 4034 piissimus
532 3983 591 4018 ac
627 3969 952 4020 doctissimus
988 3969 1070 4019 vir
1107 3968 1239 4018 hanc
1275 3967 1582 4018 sententiam
1621 3969 1796 4029 postea
1833 3964 2022 4015 diserte
2050 3963 2346 4027 reprobavit
2371 3978 2586 4028 eamque
2607 3969 2661 4018 in

100 4058 153 4104 4.
191 4051 339 4109 edit..
370 4063 504 4114 quae
526 4053 637 4113 post
659 4050 769 4099 eius
794 4053 1011 4100 mortem
1042 4050 1176 4112 typis
1192 4046 1446 4112 descripta
1477 4049 1578 4108 est,
1605 4044 1788 4109 corrigi
1813 4047 2076 4108 totamque
2102 4043 2390 4094 doctrinam
2417 4045 2480 4096 de
2503 4047 2664 4111 inspi-

102 4133 312 4184 ratione
354 4131 496 4180 iuxta
530 4127 791 4179 decretum
835 4129 997 4179 vatic.
1035 4127 1221 4192 exponi
1251 4127 1471 4176 iusserat
1516 4124 1612 4189 (cfr
1655 4123 1867 4174 editoris
1906 4125 2062 4187 praes.
2105 4123 2170 4174 ad
2215 4123 2295 4174 ed.
2325 4128 2375 4174 ⁴.
2414 4126 2660 4188 Regensb.

110 4213 385 4356 mgtsoghl.v
378 4211 520 4341 113ιέ
537 4287 671 4338 ΕἰιιΙ.
698 4289 751 4338 in
790 4288 873 4340 die
896 4290 1069 4352 goettl.
1102 4288 1357 4340 Schriften
1388 4286 1477 4337 des
1500 4289 1556 4336 Α.
1590 4287 1648 4335 Β.
1679 4285 1770 4334 Ed.
1798 4291 1843 4334 2.
1875 4283 2020 4334 Wien
2055 4289 2190 4334 1802.
2222 4288 2264 4335 1.
2295 4284 2326 4350 ξ
2361 4288 2432 4335 14.
2464 4311 2522 4322 -
2551 4287 2666 4336 Huc

104 4374 267 4422 etiam
292 4373 524 4434 spectant
560 4369 841 4420 sententiae
875 4369 973 4420 iam
1000 4369 1199 4433 pridem
1226 4368 1290 4418 ab
1318 4370 1383 4418 Η.
1404 4365 1620 4418 Holden
1653 4362 1880 4427 (Analys.
1909 4362 2030 4414 fidei
2052 4363 2157 4414 div.
2189 4365 2230 4414 1.
2253 4367 2300 4428 5)
2325 4367 2378 4414 et
2409 4365 2511 4416 Ph.
2541 4363 2665 4414 Ner.

109 4451 449 4502 Chri-emanat
476 4449 679 4500 Quin.
712 4447 923 4512 (Regula
961 4447 1075 4498 fldei
1104 4449 1244 4498 cath.
1276 4451 1335 4513 Ι,
1351 4446 1480 4510 2,51)
1509 4443 1748 4502 traditae,
1779 4442 1844 4493 de
1871 4442 2058 4506 quibus
2089 4441 2229 4494 infra
2255 4443 2326 4507 (n.
2361 4445 2411 4504 5)
2443 4447 2669 4496 recurret

106 4545 351 4674 ωῗιῃιΐί.
374 4612 649 4672 Bont'rerii
680 4611 734 4661 S.
770 4609 810 4659 l.
836 4607 1135 4672 praeloquia
1158 4607 1211 4658 in
1241 4611 1403 4658 totam
1431 4607 1482 4656 S.
1527 4605 1861 4668 scripturam.
1895 4607 1943 4654 8.
1981 4605 2102 4654 sect.
2137 4605 2233 4653 1·7.
2265 4603 2468 4666 (mione
2493 4601 2658 4668 Scrip-

112 4693 263 4740 turae
288 4691 340 4740 S.
371 4690 563 4741 Cursus
584 4687 769 4752 compl.
798 4691 839 4738 1.
873 4691 961 4737 109
986 4687 1141 4752 sqq).
