3050 5184
519 311 859 357 russeum-A
900 312 1475 357 arsamum-rioms
1518 310 2320 359 ennunrico-msromcns.
2577 300 2690 358 139

182 460 243 501 ex
278 443 569 504 orationis
602 442 915 505 adiunctis
948 445 1383 506 definiendum
1412 451 1532 506 est.
1563 446 1696 515 Qua
1726 446 1794 505 in
1825 460 1894 505 re
1925 444 2302 523 praeprimis
2343 445 2689 507 notandum

178 543 285 609 est,
328 540 643 617 propriam
699 541 1231 619 significationem
1280 557 1407 601 non
1440 558 1582 601 esse
1626 540 2136 618 relinquendam,
2181 541 2306 601 nisi
2348 542 2688 602 necessitas

175 638 351 711 cogat.

232 746 499 815 Quoniam
530 750 712 806 omnis
741 750 837 823 qui
864 750 1110 822 loquitur
1137 752 1223 808 vel
1253 750 1447 807 scribit
1464 767 1495 808 a
1516 751 1630 807 suis
1653 749 2000 807 auditoribus
2021 750 2104 807 vel
2131 749 2434 809 lectoribus
2456 748 2686 818 intelligi

177 834 292 900 vult,
322 835 491 891 aliam
520 836 986 909 significationem
1008 836 1378 896 determinato
1398 840 1456 895 in
1486 840 1608 895 loco
1635 855 1763 896 cum
1782 838 2050 895 vocabulo
2077 837 2328 895 adhibito
2353 839 2690 911 coniungere

176 937 265 975 non
291 930 491 993 potest,
517 924 627 980 nisi
654 940 799 999 quae
822 934 1093 982 consonat
1120 942 1252 983 cum
1280 925 1475 999 logicis
1498 925 1902 997 rhetoricisque
1930 926 2138 999 regulis
2169 925 2398 999 aliisque
2426 924 2691 983 orationis

172 1006 450 1079 adiunctis,
479 1011 682 1084 quibus
705 1028 899 1069 sensus
933 1014 1126 1085 visque
1156 1012 1451 1069 verborum
1480 1012 1765 1070 definitur.
1795 1016 1878 1070 Ex
1917 1013 2066 1069 hisce
2100 1022 2228 1069 ante
2263 1014 2446 1070 omnia
2483 1012 2692 1083 depen-

173 1094 274 1165 det,
298 1105 489 1154 utrum
514 1114 621 1155 vox
640 1100 866 1171 proprie
894 1116 972 1156 an
998 1101 1219 1173 tropice
1242 1101 1315 1156 sit
1344 1098 1592 1157 adhibita
1607 1124 1624 1167 ;
1641 1101 1754 1157 iam
1782 1117 1933 1169 vero,
1959 1102 2042 1157 uti
2061 1102 2200 1157 bene
2224 1100 2452 1169 adnotat
2474 1100 2692 1157 Salme-

172 1198 263 1239 ron
304 1184 475 1257 (Prol.
506 1192 563 1243 9.
594 1204 644 1242 c.
680 1193 767 1255 33)
803 1209 816 1243 ε
855 1208 880 1239 α
915 1188 1392 1260 lurisprudcnteS,
1433 1204 1672 1261 quorum
1713 1198 1798 1245 est
1837 1189 1908 1245 de
1953 1187 2246 1244 verborum
2292 1188 2693 1262 significatione

172 1270 423 1344 iudicare,
457 1289 575 1329 non
602 1274 771 1330 aliter
800 1290 831 1329 a
859 1284 1082 1347 recepta
1112 1275 1408 1332 verborum
1436 1276 1774 1348 proprietate
1806 1275 2178 1333 recedendum
2203 1275 2432 1344 docent,
2460 1291 2625 1349 quam
2649 1274 2692 1329 si

169 1374 305 1415 mens
334 1360 619 1433 loquentis
647 1362 753 1418 alia
788 1361 959 1418 fuisse
993 1363 1081 1419 vel
1112 1380 1180 1419 ex
1215 1364 1461 1435 ipsarum
1488 1378 1676 1419 rerum
1716 1362 2056 1420 absurditate
2083 1364 2172 1419 vel
2198 1378 2265 1419 ex
2301 1364 2426 1419 aliis
2461 1361 2694 1419 manife-

174 1448 409 1505 stissimis
448 1448 672 1505 indiciis
710 1448 1053 1521 deprehendi
1078 1450 1252 1523 possit
1286 1472 1334 1508 n.
1365 1454 1551 1523 Atque
1592 1451 1688 1507 diu
1717 1460 1878 1507 antea
1905 1459 2200 1507 monuerat
2221 1452 2277 1507 S.
2303 1450 2646 1523 Augustinus
2679 1471 2690 1503 :

183 1556 201 1583 ι
232 1535 383 1605 Quod
428 1538 653 1609 proprie
686 1538 797 1592 iam
826 1547 1014 1608 sonat,
1056 1538 1207 1594 nulla
1250 1546 1474 1609 putetur
1515 1540 1754 1611 figurata
1796 1525 2088 1607 locutio'»;
2115 1538 2212 1594 sed
2255 1558 2280 1589 α
2325 1536 2426 1593 iste
2472 1538 2695 1594 omnino

169 1621 343 1678 modus
364 1631 479 1692 est,
510 1632 575 1679 ut
607 1624 879 1696 quidquid
903 1626 962 1680 in
990 1640 1246 1681 sermone
1273 1624 1459 1682 divino
1488 1641 1670 1699 neque
1699 1626 1771 1681 ad
1793 1641 2015 1683 morum
2047 1624 2392 1681 honestatem
2418 1640 2597 1696 neque
2623 1623 2692 1679 ad

166 1708 275 1764 fidei
303 1710 599 1768 veritatem
618 1716 868 1785 proprie
908 1712 1105 1769 referri
1134 1722 1336 1784 potest,
1358 1710 1696 1786 ftquratum
1720 1729 1840 1769 esse
1868 1728 2169 1787 cognoscas
2200 1734 2224 1764 >2
2259 1714 2473 1780 (Doctr.
2501 1711 2691 1768 christ.

172 1796 253 1851 ΙΙΙ.
286 1804 365 1854 11.
400 1804 499 1868 153
528 1798 610 1855 cfr
647 1800 888 1855 Tertull.
919 1798 990 1855 de
1026 1802 1203 1857 Carne
1231 1800 1432 1858 Christi
1467 1807 1552 1857 13.
1585 1806 1736 1867 etc.).

232 1948 503 2017 Quatuor
525 1954 739 2010 autem
774 1954 950 2021 sunt,
984 1951 1217 2028 quibus
1251 1950 1523 2012 maxime
1555 1968 1775 2011 sensus
1803 1949 2089 2011 vocabuli
2121 1950 2440 2024 definitur,
2473 1949 2696 2009 oratio-

178 2044 257 2101 nis
293 2048 767 2123 argumentum,
812 2047 1062 2107 occasio
1104 2050 1168 2107 et
1206 2047 1380 2118 finis,
1420 2052 1748 2107 contextus
1770 2095 1784 2122 ,
1818 2048 1939 2107 loci
1982 2046 2300 2124 paralleli,
2334 2047 2498 2106 inter
2535 2062 2696 2123 quae

176 2156 527 2218 supremum
556 2140 765 2213 locum
794 2147 1065 2221 occupat
1093 2147 1421 2204 contextus
1449 2144 1898 2221 grammaticus
1929 2148 1992 2203 et
2018 2143 2278 2221 logicuS.

225 2254 300 2306 De
338 2254 645 2310 orationis
690 2262 1079 2328 argumente,
1106 2255 1143 2311 i.
1185 2271 1235 2312 e.
1282 2254 1353 2311 de
1394 2272 1483 2325 re,
1526 2272 1692 2327 quam
1738 2256 1853 2313 sive
1893 2256 1950 2312 in
1993 2263 2111 2311 toto
2154 2255 2296 2311 libro
2324 2255 2437 2310 sive
2480 2254 2537 2309 in
2583 2254 2699 2309 eius

178 2341 367 2397 maiore
390 2342 685 2398 minoreve
723 2352 877 2414 parte
914 2352 1109 2399 auctor
1150 2342 1254 2401 sibi
1294 2341 1644 2399 tractandam
1670 2344 1983 2415 proposuit,
2024 2342 2266 2415 generali
2306 2342 2497 2413 regula
2534 2339 2698 2397 statui

175 2437 365 2497 potest,
402 2446 635 2485 omnem
671 2431 1159 2503 significationem,
1193 2446 1335 2503 quae
1362 2432 1413 2486 ei
1448 2442 1750 2503 repugnat,
1786 2446 1906 2487 esse
1931 2420 2314 2498 reficiendam,
2344 2430 2529 2498 illam,
2559 2443 2700 2501 quae

178 2514 277 2570 sola
306 2518 353 2571 ei
381 2525 681 2585 consonat,
718 2534 818 2591 pro
847 2534 977 2575 vera
1004 2534 1125 2574 esse
1153 2517 1583 2587 admittendam3
1605 2518 1701 2574 sed
1733 2516 1881 2573 haud
1910 2533 2038 2575 raro
2063 2533 2284 2590 quoque
2312 2525 2701 2589 argumentum

176 2604 423 2675 ostendit,
460 2621 637 2677 quam
666 2605 779 2661 late
808 2606 975 2662 verba
1005 2608 1115 2661 sint
1146 2606 1520 2675 extendenda,
1551 2606 1771 2677 quaein
1807 2605 2308 2676 comparationibus
2344 2614 2400 2661 et
2425 2603 2701 2677 parabolis

176 2700 371 2747 ornatus
424 2708 603 2749 causa
635 2693 745 2749 sint
772 2692 961 2749 addita
1008 2703 1111 2749 etc.
1138 2695 1220 2749 Ex
1267 2702 1385 2749 toto
1426 2702 1756 2766 argumento
1799 2692 2158 2762 epistolarum
2194 2691 2263 2747 ad
2293 2695 2458 2748 Rom.
2490 2701 2547 2749 et
2571 2692 2698 2749 Gal.

174 2776 471 2844 innotescit,
504 2778 642 2851 quid
672 2781 727 2836 S.
758 2782 967 2837 Paulus
1002 2781 1226 2837 nomine
1264 2784 1431 2853 Leyz's
1473 2790 1531 2836 et
1563 2797 1802 2853 operum
1839 2782 2011 2854 Leqis
2049 2780 2347 2852 intelligat3
2390 2796 2500 2852 quo
2537 2794 2700 2835 sensu

172 2866 336 2921 Ezod.
381 2874 513 2933 313
555 2889 580 2918 α
626 2868 847 2939 spiritus
890 2869 1023 2935 Dei,
1066 2868 1331 2939 sapientia
1372 2890 1397 2920 υ
1444 2876 1580 2933 etc„
1618 2868 1980 2940 intelligatur,
2026 2866 2268 2922 ostendit
2309 2875 2698 2939 argumentum

169 2950 301 3009 istius
326 2955 435 3012 loci
464 2964 576 3011 etc.

228 3044 490 3111 Occasio,
531 3058 641 3113 qua
668 3043 902 3114 scriptor
930 3043 1131 3117 integri
1160 3044 1286 3100 libri
1314 3045 1400 3100 vel
1430 3052 1623 3100 auctor
1647 3043 1874 3099 alicuius
1898 3043 2166 3100 sermonis
2195 3043 2252 3098 in
2277 3042 2416 3099 libro
2445 3041 2606 3097 relati
2630 3048 2700 3099 ad

174 3126 505 3185 scribendum
541 3130 626 3185 vel
662 3130 1002 3202 loquendum
1037 3131 1274 3202 permoti
1311 3140 1468 3199 sunt,
1508 3140 1677 3203 atque
1712 3128 1879 3201 finis,
1916 3146 2082 3203 quem
2119 3130 2224 3188 sibi
2259 3138 2694 3203 proposuerunt,

173 3213 429 3273 interdum
454 3217 517 3272 in
550 3215 711 3272 libris
740 3219 912 3273 sacris
938 3216 1141 3274 diserte
1169 3216 1485 3275 indicantur
1513 3218 1618 3285 (cfr
1643 3234 1730 3275 cx.
1758 3233 1843 3292 gr.
1874 3223 2044 3275 loan.
2075 3224 2267 3287 20,31;
2301 3223 2440 3273 Luc.
2473 3224 2584 3285 1,4;
2610 3218 2700 3273 in-

172 3301 533 3361 troductiones
562 3304 1023 3377 evangelistarum
1052 3304 1125 3361 ad
1146 3322 1431 3363 sermones
1452 3305 1708 3375 Domini,
1735 3307 2133 3377 prophetarum
2161 3304 2232 3361 ad
2259 3320 2388 3361 suas
2410 3307 2702 3361 conciones

174 3390 287 3461 etc.)
306 3393 391 3447 vel
411 3408 479 3448 ex
500 3392 575 3447 iis
597 3390 752 3447 facile
778 3402 1189 3465 cognoscuntur
1212 3397 1319 3461 (ex.
1340 3410 1425 3469 gr.
1454 3410 1521 3449 ex
1546 3394 1790 3465 epistolis
1807 3397 1864 3451 S.
1891 3394 2048 3449 Pauli
2077 3393 2390 3465 plerisque),
2423 3392 2699 3449 interdum

178 3474 391 3535 aliorum
416 3477 754 3536 testimoniis
783 3480 945 3537 nobis
976 3480 1328 3538 innotescunt
1354 3485 1459 3548 (ex.
1493 3497 1577 3553 gr.
1611 3482 1766 3554 origo
1789 3484 1997 3553 Evang.
2029 3483 2085 3537 S.
2117 3480 2317 3538 Matth.
2347 3489 2405 3537 et
2429 3484 2485 3537 S.
2525 3481 2702 3537 Marci

182 3570 313 3631 etc.).
342 3570 463 3623 Iam
492 3583 629 3623 vero
658 3568 875 3641 cognita
903 3569 1215 3639 occasione,
1246 3570 1306 3625 in
1329 3585 1438 3641 qua
1463 3570 1632 3625 verba
1662 3568 1932 3641 quaedam
1955 3568 2102 3625 dicta
2125 3577 2255 3624 sunt
2282 3573 2388 3635 (ex.
2421 3585 2502 3641 gr.
2530 3572 2698 3624 Ioan.

176 3654 297 3719 6,5a
336 3670 484 3728 sqq.‚
530 3654 750 3711 Matth.
806 3661 930 3725 10,5
972 3660 1133 3725 etc.)‚
1176 3665 1274 3713 aut
1314 3665 1604 3729 perspecto
1645 3656 1775 3725 fine,
1824 3670 1988 3729 quem
2035 3664 2229 3712 auctor
2268 3656 2373 3713 sibi
2417 3656 2704 3727 proposuit

178 3740 355 3802 (Hebr.
388 3748 502 3813 1,5.
538 3748 571 3797 7
600 3746 755 3810 etc.)‚
791 3741 953 3799 facile
991 3742 1341 3817 intelligitur,
1376 3759 1515 3799 num
1548 3743 1718 3801 verba
1756 3745 1978 3815 proprio
2012 3760 2084 3799 an
2110 3743 2380 3800 translato
2401 3758 2570 3799 sensu
2593 3743 2703 3799 sint

178 3828 451 3901 sumenda,
479 3844 773 3903 quousque
800 3829 1174 3901 extendenda,
1202 3848 1312 3903 quo
1339 3847 1506 3887 sensu
1532 3829 1914 3903 intelligenda.

238 3910 393 3973 Velu‘t
418 3918 787 3990 praecipuum
812 3928 1005 3975 autem
1032 3917 1415 3975 adiumentum
1442 3919 1513 3974 ad
1544 3933 1766 3973 sensum
1795 3920 1942 3974 vocis
1971 3918 2346 3973 definiendum
2372 3921 2566 3974 Patres
2588 3916 2702 3974 iam

186 4004 519 4061 considerant
536 4012 897 4071 contemtum,
914 4008 952 4061 i.
977 4022 1027 4061 e.
1052 4006 1446 4062 vocabulorum
1459 4022 1634 4079 quum
1649 4007 1792 4062 inter
1809 4022 1868 4061 se
1887 4016 2007 4061 tum
2027 4022 2154 4062 cum
2179 4004 2632 4061 antecedentibus
2648 4014 2706 4061 et

188 4092 636 4166 consequentibus
670 4110 900 4150 nexum.
932 4096 1075 4150 Nam
1108 4114 1133 4145 ι
1165 4092 1445 4150 dictorum
1472 4094 1895 4165 intelligentiam
1923 4102 2020 4149 aut
2053 4110 2120 4149 ex
2155 4091 2476 4165 praepositis
2503 4100 2601 4147 aut
2635 4109 2701 4149 ex

191 4168 633 4252 consequentibus
676 4181 1043 4253 expetendam
1085 4196 1205 4237 esse
1240 4200 1266 4235 n
1300 4189 1491 4238 monet
1517 4184 1574 4239 S.
1607 4180 1887 4237 Hilarius
1931 4180 2022 4249 (de
2063 4182 2219 4237 Trin.
2265 4180 2368 4236 IX.
2415 4184 2490 4249 2),
2537 4188 2706 4252 atque

184 4264 235 4319 S.
264 4264 707 4339 chrysostomus
744 4284 935 4325 severe
959 4268 1217 4341 prohibet
1250 4284 1323 4326 ne
1348 4288 1373 4322 ι
1404 4270 1722 4341 scripturae
1759 4270 2062 4325 sententiae
2099 4278 2308 4325 temere
2347 4268 2701 4338 arripiantur,

186 4357 331 4423 atque
348 4372 391 4411 a
416 4358 574 4413 serie
604 4358 893 4414 samonis
918 4364 975 4414 et
1002 4360 1345 4428 arqumenti
1374 4356 1692 4432 affinitate
1718 4356 2066 4413 avellantur
2095 4364 2192 4411 aut
2219 4354 2368 4411 nuda
2406 4354 2571 4412 verba
2605 4372 2704 4412 su·-

192 4448 387 4499 mantur
412 4460 607 4501 eorum
636 4444 879 4503 subsidio
909 4443 1200 4513 destituta,
1234 4460 1375 4517 quae
1398 4452 1708 4517 sequuntur
1727 4454 1827 4500 aut
1852 4442 2191 4516 praecedunt
2219 4461 2246 4495 n
2281 4442 2468 4515 (Hom.
2499 4443 2560 4499 in
2579 4446 2702 4501 ler-

194 4528 332 4592 1⁰,23
355 4530 436 4587 cfr
456 4534 518 4589 S.
542 4538 695 4605 Any.
724 4534 901 4589 Serm.
933 4537 1096 4601 5⁰,13
1126 4536 1275 4600 etc.).

249 4613 535 4675 contextus
566 4628 753 4677 autem
783 4620 967 4677 variae
990 4629 1121 4676 sunt
1155 4621 1383 4692 species.
1410 4621 1766 4695 Quantopere
1793 4627 2086 4678 contextus
2111 4622 2550 4693 qrammaticus
2577 4618 2616 4674 i.
2647 4634 2700 4675 e.
