3050 5184
403 329 512 390 196
595 344 670 387 ΒΕ
714 345 847 388 vm.
893 345 1144 388 TESTAM.
1191 345 1385 390 umus
1429 345 1772 390 msTomcis.
1822 363 1895 372 --
1938 346 2070 390 CAP.
2114 346 2159 388 1.
2204 343 2281 388 ΒΕ
2322 343 2759 388 ΡΕΝΤΑΤΕΰῦΠΟ.

475 476 560 555 e.)
590 479 858 537 Demum
888 477 1118 538 addere
1137 478 1314 550 licet,
1339 480 1812 540 Pentateuclmm
1843 483 2020 538 etiam
2048 479 2263 556 linqua
2285 493 2395 536 sua
2416 478 2723 546 maiorem,
2748 491 2911 552 quam

397 574 656 652 reliquos
703 573 762 633 V.
797 575 864 634 Τ.
899 573 1108 646 libr-oa,
1139 575 1562 654 antiquitatem
1586 593 1807 654 praese
1832 573 2012 652 ferre.

467 687 532 742 In
560 701 762 758 genere
789 686 1012 758 quidem
1037 686 1220 758 lingua
1253 686 1507 744 hebraica
1533 690 1701 758 longo
1726 688 1820 744 illo
1846 689 2112 758 temporis
2134 687 2336 758 spatio,
2364 701 2474 757 quo
2498 701 2541 740 s.
2570 683 2697 740 libri
2721 684 2912 739 exarati

395 782 551 842 sunt,
583 772 736 830 haud
768 775 1008 829 multum
1035 783 1118 830 est
1145 784 1383 842 mutata;
1417 783 1661 831 attamen
1698 793 1809 830 non
1838 775 2036 830 desunt
2064 774 2361 840 vocabula,
2394 789 2536 845 quae
2564 773 2619 827 in
2646 771 2765 828 solo
2788 773 2914 825 Pen-

397 860 656 917 tateucho
684 862 964 933 leguntur.
994 862 1218 918 Maioris
1248 864 1513 919 momenti
1542 872 1653 932 est,
1679 862 1832 935 quod
1863 862 2051 917 formis
2078 860 2360 918 nonnullis
2388 860 2760 933 grammaticis
2787 861 2914 913 Pen-

397 955 688 1013 tateuchus
709 957 780 1014 ab
806 958 927 1013 aliis
955 957 1108 1013 libris
1139 974 1366 1030 prorsus
1398 959 1771 1032 distinguitur.
1801 960 1923 1028 Quo
1952 967 2203 1030 spectant
2236 975 2395 1030 pron.
2430 965 2546 1012 mn
2574 965 2631 1012 et
2658 955 2913 1012 substant.

398 1059 530 1130 ³3⁹3,
573 1069 718 1125 quae
755 1069 856 1126 pro
883 1063 1118 1126 utroque
1147 1071 1346 1126 genere
1376 1055 1730 1121 adhibentur,
1762 1055 2091 1128 pronomina
2122 1054 2484 1111 demonstrat.
2526 1031 2680 1146 Πτῑῖζῐ
2713 1061 2769 1108 et
2802 1031 2915 1132 ¹73qu

399 1157 508 1222 <hie
549 1166 606 1214 et
639 1157 750 1228 hi);
793 1167 1076 1230 praeterea
1117 1159 1271 1216 infin.
1313 1169 1518 1216 constr.
1564 1161 1858 1216 verborum
1897 1148 1994 1223 ΝΒ
2036 1161 2170 1216 satis
2208 1158 2525 1232 frequenter
2562 1158 2648 1221 ΠΖ.
2674 1189 2749 1198 -
2782 1156 2863 1211 vel
2898 1161 2919 1222 π’

398 1245 763 1300 terminantur
785 1247 906 1318 (pro
927 1253 998 1315 ni
1027 1251 1146 1314 ·-);
1181 1253 1230 1302 3.
1263 1263 1409 1318 pers,
1445 1249 1589 1317 plur.
1612 1248 1759 1304 liaud
1784 1264 1909 1303 raro
1942 1259 1994 1338 p
2024 1287 2094 1295 —
2120 1259 2243 1326 (pro
2274 1251 2407 1314 η--)
2432 1254 2537 1303 ete.
2568 1246 2726 1314 Quae
2748 1243 2919 1300 omnia

399 1355 656 1412 magnam
683 1341 906 1414 quidem
937 1343 1046 1399 vim
1085 1343 1357 1413 probandi
1395 1360 1492 1413 per
1534 1361 1594 1400 se
1622 1359 1733 1399 non
1772 1344 1996 1413 babent,
2028 1343 2123 1400 sed
2161 1353 2352 1398 eontra
2396 1342 2794 1404 rationalistas,
2836 1339 2919 1410 qni

397 1427 666 1484 eiusmodi
695 1429 1170 1502 singularitatibus
1201 1432 1522 1503 linguisticis
1562 1431 1878 1503 frequenter
1906 1432 2229 1498 abutuntur,
2265 1431 2489 1502 reliquis
2514 1430 2745 1486 internis
2768 1443 2919 1498 argu-

399 1516 596 1571 mentis
621 1517 1017 1574 eonflrmandis
1045 1519 1368 1574 inserviunt.

477 1665 546 1744 l'.)
577 1667 743 1736 Quae
786 1668 864 1728 de
905 1669 1312 1729 pentateuchi
1352 1669 1563 1729 indole
1603 1670 1773 1730 diota
1815 1675 1987 1742 sunt,
2018 1688 2089 1729 ea
2117 1670 2337 1747 procul
2374 1669 2570 1728 dubio
2598 1669 2775 1728 illum
2804 1683 2919 1725 mo·

398 1761 599 1823 saicae
648 1764 840 1822 aetati
884 1763 1100 1823 deberi
1147 1765 1611 1839 demonstrant3
1647 1766 1756 1826 sed
1808 1769 2047 1844 Moysen
2090 1771 2285 1844 ipsum
2334 1782 2591 1842 quoque
2638 1769 2916 1824 auctorem

395 1875 518 1917 esse
543 1862 852 1934 evincunt,
889 1864 943 1918 si
967 1863 1407 1934 comitteretur,
1438 1862 1739 1938 quodnam
1769 1880 1987 1922 munet-s
2016 1861 2175 1921 Deus
2198 1865 2254 1921 ei
2278 1864 2709 1936 assiynaverit.

467 1971 682 2026 Etenim
709 1974 959 2046 MoyseS,
991 1982 1183 2045 utpote
1211 1975 1408 2030 unicus
1433 1977 1616 2031 Deum
1657 1975 1799 2030 inter
1830 1983 1885 2032 et
1915 1975 2180 2046 populum
2216 1973 2491 2029 mediator
2518 1982 2690 2044 atque
2716 1971 2919 2043 legisla-

397 2069 484 2113 tor
510 2057 770 2116 divinitus
797 2061 1157 2128 constitutus,
1185 2077 1364 2133 neque
1392 2063 1498 2118 soli
1523 2063 1665 2119 orali
1693 2062 1978 2118 traditioni
2008 2061 2483 2118 conservationem
2516 2069 2602 2116 tot
2636 2061 2819 2132 legum
2846 2059 2918 2114 di-

399 2147 654 2202 vinarum
689 2149 1009 2219 permittere
1045 2164 1223 2220 neque
1261 2165 1453 2205 earum
1495 2150 1879 2206 collectionem
1918 2150 2077 2205 alteri
2104 2149 2413 2220 relinquere
2452 2148 2653 2220 potuit.
2698 2148 2919 2203 Maximo

396 2235 542 2290 enim
565 2235 810 2305 periculo
839 2243 952 2291 tota
983 2237 1251 2308 legislatio
1284 2247 1428 2293 esset
1453 2239 1722 2309 exposita,
1750 2239 1793 2293 si
1824 2239 2078 2309 ροριιίιιε,
2102 2239 2192 2293 cui
2221 2236 2291 2292 ad
2316 2235 2701 2307 occupandam
2730 2245 2919 2292 terram

397 2322 724 2392 promissam
761 2323 1078 2395 gravissima
1110 2333 1166 2379 et
1199 2325 1463 2381 diuturna
1495 2325 1641 2381 bella
1671 2333 1830 2381 erant
1862 2323 2131 2396 gerenda,
2165 2325 2369 2396 Legem
2401 2325 2669 2395 scriptam
2696 2340 2807 2380 non
2832 2322 2918 2377 ha-

395 2410 631 2480 buisset,
659 2425 825 2481 porro
851 2413 980 2478 Lex,
1014 2421 1074 2467 ut
1102 2422 1292 2468 contra
1317 2414 1583 2485 populum
1602 2421 1747 2469 esset
1767 2414 1827 2468 in
1850 2413 2225 2468 testimonium
2254 2414 2429 2478 (Dent.
2464 2417 2671 2478 3126),
2700 2411 2917 2466 authen-

395 2499 508 2552 tice
547 2506 669 2554 erat
707 2497 1022 2567 scribenda,
1064 2500 1098 2555 i.
1133 2517 1179 2556 e.
1225 2501 1293 2557 ab
1335 2502 1432 2557 illo
1470 2501 1609 2572 ipso,
1645 2502 1737 2573 qui
1780 2500 1935 2556 illam
1976 2517 2005 2555 a
2044 2503 2166 2556 Deo
2204 2499 2520 2557 immediate
2563 2507 2849 2571 acceperat
2874 2507 2920 2551 et

399 2593 682 2658 tamquam
718 2586 933 2658 legatus
972 2587 1191 2643 divinus
1229 2589 1695 2660 promulgaverat.
1732 2593 1993 2644 Attamen
2032 2589 2076 2643 si
2118 2589 2267 2659 leges
2305 2603 2333 2642 a
2372 2589 2563 2660 Moyse
2593 2589 2920 2658 conscriptae

395 2681 550 2742 sunt,
581 2676 924 2730 narrationes
953 2675 999 2730 ei
1033 2675 1336 2732 abiudicari
1369 2693 1482 2732 non
1513 2684 1773 2747 possunt;
1803 2684 1919 2732 tam
1950 2685 2102 2732 arcto
2133 2691 2275 2731 nexu
2302 2677 2451 2730 enim
2482 2677 2595 2730 Lex
2626 2685 2683 2732 et
2716 2673 2915 2730 historia

398 2761 810 2831 pentateuchica
836 2772 964 2819 sunt
993 2765 1344 2831 coniunctae,
1374 2772 1436 2819 ut
1459 2765 1721 2820 alterutra
1747 2764 1979 2819 alteram
2006 2772 2280 2835 supponat
2310 2773 2366 2818 et
2390 2762 2647 2834 explicet.

616 2974 658 3062 ξ
691 2981 754 3041 Io.
787 3014 874 3023 —
903 2979 993 3040 De
1011 2975 1408 3063 praecipuis
1437 2973 1947 3055 obiectz‘om'bzw,
1980 2973 2216 3064 quibus
2243 2975 2693 3042 Pentateuclze'

1173 3081 1355 3168 ore'qo
1386 3080 1681 3146 mosaica
1710 3081 2173 3169 z'mpuqnatm·.

478 3285 532 3341 1.
575 3317 654 3326 —-
689 3285 1035 3360 Postquam
1074 3284 1260 3343 certis
1289 3284 1677 3360 argumentis
1706 3283 1982 3343 mosaica
2011 3282 2419 3344 pentateuchi
2460 3284 2638 3361 origo
2680 3283 2917 3344 demon·
2998 3249 3000 3296 ἵ

397 3381 587 3438 strata
625 3383 748 3446 est.
798 3383 992 3438 restat
1031 3384 1101 3438 ut
1141 3380 1217 3439 ab
1261 3379 1764 3439 adversariorum
1804 3379 2268 3439 obiectionibus
2310 3378 2689 3440 vindicetur.
2736 3382 2917 3454 Atque

397 3475 768 3552 praeprimis
791 3475 934 3535 illae
958 3480 1140 3535 erunt
1171 3474 1444 3535 examini
1476 3475 1938 3547 subiiciendae‚
1972 3475 2200 3552 quibus
2230 3474 2571 3552 antiquitas
2602 3477 2918 3536 Pentateu-
2996 3517 2998 3550 ἢ

395 3570 494 3630 chi
519 3571 936 3649 impugnatur.

464 3683 756 3754 Duplieem
790 3684 1162 3742 obiectionum
1191 3685 1426 3741 classem
1456 3683 1905 3757 distinguendam
1941 3701 2060 3741 esse
2092 3702 2257 3757 supra
2296 3685 2608 3754 innuimus3
2639 3684 2763 3741 aliis
2788 3683 2917 3739 enim
2994 3719 2996 3742 2

399 3771 692 3827 recentiori
726 3773 892 3828 aetati
927 3772 1196 3844 originem
1231 3771 1594 3828 Pentateuchi
1628 3771 2051 3828 adscribendam
2082 3789 2203 3829 esse
2226 3772 2527 3829 adversarii
2552 3771 2919 3828 demonstrare

399 3859 607 3927 volunt,
635 3859 756 3914 aliis
775 3861 897 3916 eius
925 3863 1192 3933 originem
1223 3875 1290 3914 ex
1325 3858 1492 3916 variis
1525 3859 1872 3915 documentis
1896 3860 2049 3915 vario
2076 3868 2327 3933 tempore
2364 3869 2421 3916 et
2442 3877 2475 3916 a
2504 3861 2670 3916 variis
2701 3859 2917 3929 scripto·
2992 3921 2994 3924 Α

397 3947 550 4004 ribus
577 3949 812 4004 exaratis
839 3949 1112 4019 explicare
1151 3957 1441 4003 conantur.
1475 3949 1557 4002 De
1587 3949 1759 4002 altera
1798 3946 1903 4002 hae
1930 3948 2103 4003 classe
2130 3948 2271 4004 infra
2302 3951 2353 4015 (ς
2375 3953 2429 4016 5)
2460 3963 2710 4020 agemus.
2740 3947 2918 4002 Merito

395 4048 582 4090 antem
615 4035 743 4092 illas
785 4037 1294 4107 praetermittimuS,
1321 4035 1434 4089 sive
1457 4035 1847 4105 antiquitatem
1872 4036 1985 4091 sive
2018 4038 2285 4092 unitatem
2316 4036 2590 4092 librorum
2617 4043 2917 4092 nostrorum

396 4131 672 4193 spectant,
713 4140 855 4196 quae
883 4133 981 4179 aut
1009 4123 1290 4180 obsoletae
1311 4123 1424 4178 iam
1451 4132 1581 4178 sunt
1622 4123 1711 4188 (de
1755 4131 1873 4178 arte
1900 4123 2177 4179 scribendi
2202 4124 2381 4197 Moysi
2408 4125 2627 4196 ignota,
2660 4121 2731 4178 de
2766 4119 2912 4178 tertia
2990 4159 2992 4204 i

399 4227 660 4280 persona,
691 4226 798 4282 qua
842 4213 1062 4283 Moyses
1103 4211 1162 4265 in
1199 4226 1364 4280 opere
1393 4226 1613 4281 semper
1648 4211 1973 4282 designatur
2000 4217 2153 4280 eta),
2185 4220 2282 4266 aut
2309 4227 2377 4266 ex
2410 4211 2544 4267 solis
2580 4207 2913 4282 praeiudiciis
2990 4205 2992 4281 l

397 4298 805 4354 rationalisticis
827 4298 920 4365 (de
943 4297 1358 4365 miraculorum,
1388 4297 1790 4365 vaticiniorum,
1818 4298 2166 4354 revelationis
2190 4297 2645 4369 impossibilitate)
2674 4295 2915 4353 exoriun-

397 4393 504 4453 tur,
532 4395 629 4440 aut
657 4393 882 4457 propter
903 4386 1130 4442 nimiam
1158 4399 1318 4440 suam
1344 4383 1627 4440 levitatem
1649 4384 1979 4441 refutatione
2007 4403 2121 4442 non
2148 4386 2415 4458 indigent.

479 4535 536 4592 2.
571 4535 844 4594 —Inter
870 4552 1007 4608 eaS,
1051 4551 1212 4613 quae
1255 4552 1333 4594 Ex
1371 4551 1710 4596 mmomecs
1746 4552 1937 4598 maius
1978 4536 2415 4610 desumuntur,
2450 4535 2608 4597 duae
2640 4535 2913 4597 videntur

403 4644 538 4687 esse
566 4630 882 4706 graviores
909 4631 1140 4691 :Iosiae
1172 4631 1338 4692 enim
1371 4636 1657 4709 tempore
1690 4636 1800 4693 aut
1830 4637 2033 4694 totum
2060 4632 2556 4694 Pentateuehum
2576 4637 2685 4692 aut
2704 4631 2909 4692 saltem
2986 4653 2988 4769 κ
