3050 5184
347 301 466 360 334
516 316 593 360 nr.
632 317 768 362 var.
815 319 981 362 Tssr.
1016 318 1219 362 -unms
1270 317 1628 362 mnAcricis.
1675 334 1755 346 —
1793 317 1926 361 car.
1975 317 2060 360 ιν.
2106 301 2166 360 2.
2211 315 2286 360 nr.
2325 317 2378 358 1..
2427 309 2880 359 eccm-:susus

349 449 629 510 oratione
658 450 736 510 ad
766 468 987 511 omnes
1011 450 1359 511 rhetoricae
1384 451 1536 510 artis
1561 450 1808 528 regulas
1831 449 2183 529 composita
2206 449 2506 526 explicat,
2531 447 2644 508 sed
2673 442 2888 504 varias

349 544 428 606 de
452 545 750 606 felicitate
780 547 847 606 in
876 547 990 608 hac
1015 552 1185 608 terra
1208 546 1650 625 consequenda
1673 547 2016 607 sententias
2045 563 2121 607 eo
2152 546 2373 607 ordine
2398 543 2724 624 proponit,
2753 554 2889 618 quo

350 658 485 702 sese
514 643 725 703 animo
754 644 889 705 eius
918 645 1266 705 offerebant
1292 643 1614 704 nonnullis
1653 643 1974 704 interdum
2006 643 2293 713 insertiS,
2324 658 2485 720 quae
2523 639 2640 700 etsi
2671 637 2752 698 ad
2781 653 2886 696 ar-

345 743 715 816 gumentum
741 758 865 801 non
894 741 1281 818 pertineant,
1311 740 1420 801 illa
1448 744 1659 800 tamen
1689 740 1756 799 in
1785 739 2113 802 occasione
2147 739 2206 800 ei
2233 738 2611 799 videbantur
2645 751 2890 813 oppor-

346 839 528 908 tuna,
572 840 760 913 atque
796 837 1113 898 nonnullis
1156 837 1245 896 ita
1281 854 1532 915 quoque
1571 836 1866 914 prolatiS,
1899 841 1970 897 ut
2008 838 2174 896 inter
2209 853 2275 895 se
2313 851 2592 912 pugnare
2627 831 2895 892 videan-

350 935 483 1004 tur;
508 949 697 1008 quare
712 933 909 1010 aliqui
936 934 1315 1011 interpretes
1335 932 1776 1012 dialogismum
1798 933 2138 1010 quemdam
2154 933 2218 992 in
2234 932 2397 992 libro
2419 927 2893 992 admittendum

352 1041 487 1088 esse
514 1027 881 1107 (immerito)
913 1030 1271 1090 censebant.

421 1141 573 1195 Inter
611 1142 801 1196 Patres
842 1142 953 1196 iarn
994 1157 1106 1198 non
1147 1141 1462 1213 defuerunt,
1502 1143 1601 1214 qui
1647 1163 1672 1192 «
1703 1143 2008 1214 sapientem
2044 1142 2192 1198 hunc
2229 1141 2596 1198 Ecclesiasten
2635 1135 2817 1194 modo
2865 1152 2896 1191 e

350 1241 448 1281 sua
470 1226 643 1298 ipsius
670 1245 927 1301 persona,
956 1229 1125 1285 modo
1154 1246 1219 1285 ex
1250 1231 1503 1299 alterius,
1538 1231 1632 1302 qui
1660 1245 1747 1288 res
1770 1229 2082 1286 mundanas
2109 1229 2374 1285 attonitus
2400 1227 2728 1292 admiratur,
2759 1239 2896 1296 per-

350 1329 482 1368 sona
513 1315 665 1388 loqui
698 1335 721 1368 ι
755 1314 1001 1372 dicerent
1024 1317 1387 1390 (Olympiod.
1420 1319 1457 1373 l.
1484 1321 1562 1385 c.)
1600 1325 1696 1374 aut
1734 1318 1842 1373 alio
1874 1317 2044 1373 modo
2083 1316 2473 1389 dialogismum
2501 1315 2748 1386 aliquem
2782 1321 2896 1367 sta·

348 1407 571 1458 tuerent
597 1401 700 1470 (cfr
724 1406 782 1460 S.
811 1407 1052 1476 Greqor.
1078 1407 1160 1459 M.
1193 1405 1335 1460 Dial.
1369 1406 1465 1461 IV.
1490 1409 1527 1459 4
1555 1410 1707 1472 etc.).
1735 1405 1916 1474 Quam
1949 1404 2284 1461 sententiam
2313 1409 2714 1476 exaggerantes
2739 1415 2895 1455 non-

346 1489 487 1544 nulli
524 1488 848 1547 heterodoxi
882 1490 1139 1548 moderni
1183 1493 1391 1548 iustum
1435 1491 1721 1566 dialogum
1768 1493 2016 1550 invenire
2057 1493 2367 1559 voluerunt,
2409 1489 2546 1546 dum
2591 1489 2692 1545 alii
2717 1487 2900 1544 variis

346 1576 628 1633 variorum
651 1579 984 1650 scriptorum
1002 1579 1339 1635 carminibus
1364 1589 1459 1636 aut
1480 1581 1645 1636 variis
1665 1581 1990 1652 fragmentis
2003 1580 2358 1636 salomonicis
2383 1577 2586 1634 librum
2610 1593 2643 1632 a
2667 1576 2897 1630 iuniore

347 1665 615 1735 scriptore
643 1666 1085 1738 conglutinatum
1112 1666 1374 1724 dixerunt
1414 1667 1703 1740 ullumque
1728 1667 1981 1724 ordinem
2019 1667 2077 1723 in
2115 1683 2182 1723 eo
2210 1666 2447 1722 inveniri
2474 1672 2777 1736 negarunt.
2821 1667 2900 1718 At

348 1751 683 1824 quicumque
713 1753 914 1809 librum
939 1753 1026 1809 vel
1044 1753 1224 1811 obiter
1238 1755 1455 1828 legerit,
1472 1755 1797 1811 continuum
1820 1755 1881 1810 in
1900 1771 1968 1810 eo
1994 1769 2113 1811 esse
2137 1769 2451 1810 sermonem
2468 1749 2865 1824 deprehendet
2879 1793 2894 1818 ,

349 1840 443 1909 qui
470 1839 575 1895 etsi
599 1840 903 1909 nonnuIHS,
937 1857 1077 1914 quae
1104 1851 1259 1898 arcto
1283 1842 1461 1915 logico
1485 1859 1632 1898 nexu
1651 1859 1763 1898 non
1793 1842 2178 1910 adnectantur,
2205 1840 2485 1898 interdum
2507 1841 2895 1912 interrumpa-

344 1933 459 1994 tur,
480 1942 755 1999 nusquam
778 1936 969 1984 tamen
988 1929 1057 1984 ab
1075 1930 1472 1986 interlocutore
1498 1930 1863 2001 intercipitur,
1895 1939 1959 1985 ut
1989 1946 2059 1985 ne
2097 1931 2386 1986 minimum
2412 1927 2637 2001 quidem
2673 1926 2894 1994 dialogi

347 2023 445 2070 aut
461 2013 775 2088 dialogismi
802 2017 1095 2088 vestigium
1118 2019 1447 2088 reperiatur.
1479 2018 1664 2085 Quare
1691 2033 1864 2074 unum
1881 2016 1942 2073 in
1959 2026 2080 2074 toto
2111 2018 2253 2074 libro
2271 2029 2635 2090 agnoscamus
2653 2015 2897 2086 loquen-

346 2109 460 2157 tem
486 2119 709 2159 necesse
730 2112 829 2159 est.
857 2104 917 2159 Si
940 2105 1063 2176 quis
1082 2121 1213 2161 vero
1241 2104 1477 2178 diligens
1514 2104 1760 2162 studium
1787 2105 1930 2161 libro
1968 2105 2334 2177 impenderit,
2379 2113 2592 2161 certum
2625 2101 2898 2158 ordinem

347 2189 395 2243 ei
426 2205 538 2244 non
566 2189 757 2246 deesse
784 2190 1185 2248 animadvertet
1209 2201 1266 2248 et
1288 2201 1618 2265 apparentes
1645 2191 2110 2250 contradictiones
2138 2193 2299 2250 facile
2326 2193 2504 2250 solvet
2529 2190 2580 2264 (5
2606 2191 2791 2260 15,5).

424 2341 485 2400 3.
520 2375 599 2384 -
626 2341 797 2402 Inter
834 2342 1037 2402 varias
1060 2347 1303 2414 autem,
1337 2361 1497 2422 quae
1538 2344 1894 2422 propositae
1925 2348 2101 2418 sunt,
2134 2345 2280 2404 libri
2309 2343 2654 2404 divisiones
2685 2357 2768 2400 ea
2799 2347 2897 2401 est

348 2436 784 2514 praeferenda,
831 2453 990 2514 quae
1041 2439 1197 2499 duas
1239 2440 1607 2518 praecipuas
1654 2445 1861 2518 partes
1909 2445 2160 2519 praeter
2215 2440 2532 2518 epilogum
2582 2437 2894 2516 (129-14)

348 2534 599 2592 statuit:
629 2533 693 2592 in
719 2533 928 2611 priore
955 2533 1680 2614 (1,2-7,1)Ecclesiastes
1709 2553 1918 2597 rerum
1947 2536 2366 2597 humanarum
2396 2535 2740 2595 vanitatem
2777 2534 2894 2594 de-

332 2635 673 2712 monstrat,
706 2630 772 2689 in
800 2631 995 2691 altera
1024 2631 1344 2710 (Ul-128)
1375 2633 1708 2711 praecipit,
1742 2633 1892 2710 quid
1923 2633 2083 2693 facto
2109 2633 2195 2693 sit
2220 2649 2406 2710 opuS,
2439 2630 2494 2691 si
2518 2629 2712 2690 homo
2741 2631 2898 2692 feli-

332 2721 481 2786 'cem
511 2726 626 2787 hac
656 2726 720 2786 in
750 2729 914 2787 terra
940 2728 1133 2787 vitam
1159 2745 1342 2805 agere
1370 2729 1542 2788 velit.

336 2833 341 2840 ’
414 2842 482 2894 ln
517 2853 744 2896 rntonss
781 2853 980 2896 munz
1018 2843 1313 2908 (1,1-6,12)
1344 2840 1720 2898 Ecclesiastes
1761 2857 1956 2898 vanas
1985 2858 2106 2900 esse
2139 2859 2234 2898 res
2271 2843 2601 2897 mundanas
2639 2841 2896 2897 demon-

343 2932 533 2996 strat,
561 2931 626 2981 ut
652 2928 840 2982 nimio
858 2941 1061 2982 eorum
1090 2927 1284 2983 studio
1312 2944 1578 3000 represso
1608 2928 1904 2985 hominem
1930 2930 2018 2986 ad
2040 2930 2304 3006 quietum
2321 2946 2524 2985 rerum
2553 2945 2595 2984 a
2625 2933 2752 2984 Deo
2779 2931 2894 2985 da-

344 3019 549 3068 tarum
578 3031 753 3069 usum
781 3013 1075 3070 adducat.

418 3108 468 3156 1.
499 3102 807 3157 Praemissa
838 3101 1280 3158 consideratione
1299 3103 1369 3158 de
1395 3119 1585 3160 rerum
1609 3105 1858 3160 omnium
1887 3105 2126 3162 vanitate
2149 3106 2223 3162 ob
2246 3122 2457 3162 earum
2487 3105 2894 3163 mutabilita-

591 3194 703 3243 tem
732 3194 987 3258 (1,2-11),

415 3283 469 3331 2.
500 3274 769 3346 imprimis
796 3275 876 3331 ad
904 3293 1079 3332 suam
1111 3277 1301 3349 ipsius
1326 3281 1756 3350 experientiam
1779 3285 2058 3352 provocat
2093 3283 2427 3353 (1‚12-3,22).
2465 3313 2535 3322 —-
2561 3283 2685 3352 Qua
2715 3281 2892 3340 edoc-

592 3371 682 3419 tus
711 3365 973 3437 cognovit
1010 3381 1209 3420 vanam
1238 3380 1360 3420 esse
1392 3365 1696 3436 sapientem
1739 3383 1924 3423 rerum
1953 3369 2430 3442 investigationem
2477 3373 2750 3438 (1‚12-18)
2785 3387 2894 3428 va-

592 3467 803 3523 nasque
833 3467 951 3507 esse
980 3451 1207 3508 delicias
1234 3451 1477 3508 studiose
1505 3455 1780 3526 quaesitas
1807 3461 2070 3526 (2‚1-11);
2097 3473 2298 3514 vanam
2320 3466 2508 3513 autem
2525 3472 2646 3512 esse
2665 3459 2892 3531 sapien·

591 3539 747 3608 tiam,
784 3539 911 3609 quia
936 3539 1155 3611 sapiens
1183 3541 1351 3596 ctiam
1374 3541 1664 3606 moriatur,
1692 3550 1746 3596 et
1777 3559 1973 3598 vanam
2003 3543 2318 3601 divitiarum
2359 3545 2890 3612 accumulationem,

594 3627 722 3698 quia
747 3626 939 3697 ignoto
960 3626 1189 3683 haeredi
1209 3627 1613 3698 relinquantur.
1651 3627 1802 3684 Unde
1827 3629 2124 3700 concludit,
2152 3633 2347 3689 melius
2380 3649 2498 3688 esse
2521 3632 2690 3689 rebus
2709 3651 2742 3690 a
2769 3637 2892 3691 Deo

593 3712 867 3768 concessis
894 3711 1001 3769 frui
1027 3718 1311 3782 (zm-26),
1344 3731 1473 3770 nam
1504 3715 1886 3786 providentiae
1917 3717 2164 3774 ordinem
2206 3719 2372 3776 homo
2401 3719 2584 3776 studio
2620 3735 2724 3777 suo
2759 3738 2890 3778 mu-

592 3809 709 3854 tare
738 3801 929 3870 nequit
957 3802 1193 3873 (tm-15)
1220 3810 1275 3856 et
1296 3803 1447 3856 Deus
1466 3802 1766 3875 aliquando
1796 3803 1866 3860 de
1895 3805 2151 3862 omnibus
2177 3806 2440 3862 iudicabit
2465 3813 2762 3878 (sac-22).

418 3895 470 3946 3.
497 3887 583 3943 Ad
609 3886 845 3942 eandem
869 3887 1282 3944 conclusionem
1308 3887 1536 3944 adducit
1563 3891 1968 3947 consideratio
2003 3892 2425 3966 multiplicium
2454 3895 2884 3954 calamitatum

592 3975 896 4044 (4,1-6,12).
925 4006 997 4015 —
1024 3976 1224 4031 Variae
1253 3975 1401 4030 enim
1433 3985 1563 4032 sunt
1583 3977 1923 4034 calamitates
1950 3977 2330 4050 subditorum,
2364 3982 2454 4054 qui
2493 3986 2890 4055 opprimuntur

593 4063 805 4135 (ιω-3),
830 4060 1180 4134 diligentium
1202 4073 1257 4118 et
1286 4064 1567 4136 pigrorum
1589 4069 1810 4134 (4,4-6),
1843 4067 2215 4124 solitariorum
2237 4068 2476 4141 (alst-12),
2507 4087 2706 4144 regum
2732 4075 2886 4146 ipso-

593 4165 737 4216 rum,
772 4149 867 4220 qui
894 4151 1083 4221 populi
1112 4151 1345 4222 gratiam
1374 4151 1533 4207 facile
1558 4153 1821 4208 amittunt
1851 4157 2140 4222 (4,13-16).
2173 4187 2242 4197 -—
2271 4159 2337 4213 In
2361 4157 2730 4230 diqressione
2755 4179 2890 4234 qua·

592 4235 723 4292 dam
745 4237 761 4270 ¹
788 4245 979 4294 monet
1006 4237 1287 4292 levitatem
1315 4239 1373 4292 in
1402 4240 1556 4293 cultu
1586 4238 1774 4295 divino
1809 4257 1927 4296 esse
1966 4242 2248 4299 vitandam
2284 4254 2340 4300 et
2367 4247 2546 4302 Deum
2573 4247 2887 4306 timendum

596 4329 906 4393 (4,17-5,8).
934 4354 1007 4366 -
1035 4323 1121 4380 Ad
1151 4324 1337 4380 thema
1370 4341 1650 4396 regressus
1674 4343 1969 4384 avarorum
1999 4330 2342 4388 calamitates
2369 4331 2632 4392 describit
2655 4343 2868 4405 (5346

408 4473 473 4530 (1)
501 4473 671 4520 Nexus
698 4471 930 4522 internus
965 4471 1288 4536 digressionis
1324 4487 1441 4523 cum
1476 4475 1894 4537 praecedentibus
1933 4477 1986 4528 in
2015 4493 2076 4530 eo
2115 4479 2320 4530 videtur
2357 4495 2493 4544 esse,
2527 4483 2670 4548 quod
2707 4485 2890 4538 levitas

348 4547 667 4598 subditorum
698 4564 814 4613 erga
844 4565 985 4614 reges
1020 4551 1365 4602 concionatori
1400 4553 1646 4605 maiorem
1671 4554 1814 4605 illam
1843 4557 2103 4609 levitatem
2131 4558 2186 4610 in
2214 4561 2512 4612 memoriam
2543 4566 2888 4625 revocaverit,

348 4639 450 4689 qun
476 4627 709 4679 homines
738 4627 889 4680 multi
916 4643 998 4681 res
1021 4631 1223 4681 divinas
1248 4633 1488 4683 tractant.
