3050 5184
441 247 558 307 :258
636 261 712 305 na
752 262 888 306 νεῖ.
936 261 1190 305 ‘rasi-Au.
1238 262 1434 306 uenis
1475 261 1826 306 urs-romeis.
1858 278 1936 288 -
1960 261 2093 305 cAP.
2142 262 2225 304 vx.
2271 261 2346 304 m:
2388 261 2473 304 u„
2508 246 2566 303 l.
2598 245 2655 303 2.
2688 258 2926 302 masur.

686 392 858 449 futuri
892 394 1087 464 templi
1124 392 1431 448 ostenditur
1471 395 1811 463 (aon-221),
1844 409 2015 464 quare
2048 393 2157 449 iam
2186 394 2369 448 omnia
2405 406 2731 464 praeparare
2769 390 2933 460 incipit
3023 409 3024 438 ἢ

683 480 968 552 filiumque
990 480 1222 536 domum
1246 481 1355 536 Dei
1381 491 1663 537 exstruere
1689 481 1841 537 iubet
1869 483 2151 551 (aza-19).
3023 481 3024 484 ’

509 575 561 622 4.
594 569 836 624 Βαυίάἱε
861 569 1114 624 ultimae
1142 585 1322 624 curae
1347 569 1422 624 de
1451 570 1614 624 cultu
1635 577 1690 626 ec
1712 569 1927 642 templo
1960 569 2333 638 (23,1—29‚30).
2356 599 2425 607 —
2442 568 2579 622 Filio
2604 581 2823 638 regnum
2844 575 2933 620 tra·
3023 619 3024 630 ,

687 654 903 712 diturus
943 656 1247 712 ministeria
1274 655 1625 713 sacerdotum
1667 657 2070 728 levitarumque
2096 654 2372 712 ordinavit
2413 656 2768 725 (23,2-26‚32)
2794 662 2936 724 atque
3023 657 3024 666 ¹

685 744 839 816 regni
868 743 1341 800 administratione
1367 744 1604 800 stabilita
1634 747 1889 814 (2⁷,1-34)
1920 744 2273 800 Salomonem
2298 741 2577 815 ducesque
2602 741 2674 796 ad
2696 742 2933 812 templum
3023 733 3024 806 3

687 831 1085 887 exstruendum
1111 831 1433 888 exhortatus
1464 840 1549 888 est
1572 831 1946 906 (28,1·29,25).
1976 835 2131 888 Mors
2149 829 2376 888 Davidis
2402 831 2718 899 (29,26-30).
3023 823 3024 828 ’

509 920 744 976 Telum
779 934 936 976 PARS
962 921 1056 986 (11.
1096 920 1393 992 1,1-36‚21)
1433 937 1635 989 requm
1672 921 2100 977 davidicorum
2129 919 2451 975 historiam
2488 919 2583 974 ita
2614 921 2851 984 narrat,
2892 922 2939 968 ut
3023 931 3024 934 ¹

439 1007 796 1079 praecipuus
823 1007 980 1063 locus
1009 1010 1086 1064 iis
1110 1009 1442 1076 tribuatur,
1473 1011 1577 1081 qui
1606 1008 1681 1064 de
1710 1009 1927 1081 templo
1952 1013 2006 1063 et
2031 1007 2193 1063 cultu
2222 1011 2397 1063 erant
2422 1005 2809 1062 sollicitiores.

513 1103 564 1150 1.
601 1094 938 1151 Salomonis
981 1113 1214 1166 reqnum
1256 1097 1563 1168 (1,1·9,31).
1594 1125 1665 1138 -
1705 1096 1836 1152 Eius
1879 1096 2046 1151 initiis
2074 1094 2413 1152 adumbratis
2450 1093 2680 1166 (1,1-17)
2719 1099 2946 1148 narratur
3023 1159 3024 1182 Χ

685 1183 877 1254 templi
904 1182 1210 1240 aedifican
1239 1185 1523 1254 (zi-432)
1560 1194 1616 1240 et
1650 1183 2001 1256 inauguratio
2038 1184 2351 1254 (5,1-7,22);
2378 1181 2623 1254 reliquae
2657 1189 2837 1237 autem
2870 1193 2944 1232 res
3023 1183 3024 1262 f

684 1270 993 1327 Salomonis
1020 1272 1210 1341 paucis
1235 1271 1597 1327 absolvuntur
1624 1275 1935 1340 (8‚1-9,31).
3023 1265 3024 1308 ἶ

511 1363 563 1413 2.
591 1362 764 1428 Reges
791 1359 1068 1424 Roboanu
1099 1360 1340 1428 Abiam„
1373 1363 1523 1429 Asa,
1553 1362 1657 1432 qui
1681 1375 1811 1415 cum
1835 1358 2016 1414 Israel
2042 1359 2329 1415 continua
2359 1358 2517 1415 bella
2542 1357 2827 1430 yet-ebant
2856 1357 2945 1422 (10.

689 1455 741 1503 1-
751 1453 813 1502 16
820 1448 948 1518 ,14)
978 1479 1050 1488 -
1079 1445 1346 1516 Romam,
1376 1463 1407 1501 a
1439 1463 1549 1518 quo
1588 1446 1782 1502 decem
1819 1447 1997 1503 tribus
2020 1446 2337 1502 defecerant
2362 1451 2473 1515 (10,
2481 1453 2539 1502 1-
2546 1453 2606 1502 11
2618 1450 2716 1515 ,4)
2742 1457 2949 1516 regnum

688 1533 1034 1590 confirmavit
1058 1535 1292 1605 receptis
1314 1534 1490 1589 levitis
1516 1551 1582 1589 ex
1604 1535 1774 1590 Israel
1801 1534 2133 1608 fugientibus
2160 1536 2266 1605 (11,
2270 1541 2333 1590 5-
2344 1535 2455 1602 23),
2483 1544 2650 1606 atque
2673 1532 2745 1588 ob
2768 1533 2949 1602 Legem
3023 1529 3024 1600 1

689 1621 948 1677 violatam
976 1636 1009 1676 a
1037 1623 1200 1679 Sesac
1231 1638 1362 1694 rege
1389 1621 1627 1695 Aegypti
1656 1621 1903 1678 devictus
1933 1631 2057 1693 post
2082 1631 2263 1678 actam
2302 1621 2696 1693 poenitentiam
2734 1619 2953 1676 salvatur

691 1710 977 1780 (12,1-.16)
1007 1709 1322 1764 —Abiam
1347 1712 1463 1764 Deo
1487 1709 1730 1765 confisus
1756 1708 1999 1764 devincit
2023 1710 2412 1766 Ieroboamum
2438 1710 2546 1780 (13,
2554 1715 2606 1764 1-
2586 1711 2719 1778 -.29)
2738 1739 2806 1748 —-
2824 1711 2949 1766 Asa,
3023 1743 3024 1782 3

686 1795 1024 1852 idololatriae
1057 1797 1429 1870 impugnator,
1467 1797 1706 1854 devincit
1746 1801 1886 1853 Zara
1928 1797 2251 1868 Aethiopem
2293 1799 2685 1868 (14,1·15,19)‚
2724 1794 2815 1852 sed
2850 1791 2954 1847 finis
3023 1849 3024 1854 η

688 1885 839 1956 regni
863 1885 1045 1940 minus
1070 1883 1198 1941 felix
1225 1895 1452 1956 propter
1482 1884 1599 1940 eius
1627 1893 1851 1956 peccata
1883 1886 2162 1955 (16,1-14).
3023 1879 3024 1944 ζ

515 1979 566 2029 3.
596 1977 796 2044 Reyes,
827 1973 930 2044 qui
953 1988 1086 2028 cum
1112 1972 1301 2028 Israel
1330 1973 1675 2028 amicitiam
1697 1972 2001 2028 coluerunt
2026 1975 2403 2040 (izi-2212).
2427 2003 2499 2012 -—-
2518 1971 2824 2044 losa-pleat,
2852 1983 2954 2038 pro·
3023 1975 3024 2052 ζ

690 2068 873 2115 motor
899 2061 1079 2116 cultus
1106 2059 1295 2128 divini,
1327 2059 1456 2115 felix
1493 2061 1779 2132 (17,1-19),
1810 2059 2019 2128 infelix,
2052 2061 2272 2132 quando
2305 2076 2435 2116 eum
2458 2060 2652 2115 Achab
2682 2058 2955 2114 amicitiam
3023 2053 3024 2116 ξ

691 2147 809 2202 iniit
852 2149 1190 2216 (18‚1-19,a),
1237 2148 1306 2203 ad
1356 2151 1541 2203 Deum
1585 2164 1834 2204 reversus
1863 2149 2065 2204 iterum
2095 2148 2225 2203 felix
2265 2149 2648 2218 (19,4-20,37).
2682 2177 2753 2188 —
2776 2149 2951 2200 loram
3023 2141 3024 2208 ξ

689 2234 1004 2298 idololatra,
1030 2235 1230 2306 impiae
1251 2235 1500 2292 Athaliae
1521 2236 1773 2304 marituS,
1814 2234 2053 2292 infelicia
2074 2235 2221 2292 bella
2250 2236 2415 2308 gessit
2434 2236 2719 2304 (21‚1-2o).
2760 2265 2825 2274 —
2863 2234 2957 2287 Ne·
3023 2253 3024 2312 ἦ

689 2339 796 2394 que
814 2323 996 2378 minus
1023 2321 1211 2378 infelix
1240 2323 1358 2378 eius
1387 2323 1533 2379 filius
1557 2323 1759 2394 impius
1778 2323 2068 2380 ochozias
2095 2324 2364 2394 ‘zm-12).
3023 2369 3024 2374 ,

512 2417 566 2464 4.
601 2415 770 2479 Reyes
798 2427 840 2465 a
869 2415 978 2466 loa
1005 2427 1180 2483 usque
1205 2411 1292 2465 ad
1317 2410 1637 2466 Ezechiam
1669 2411 2043 2481 (23,1-28‚27).
2084 2443 2156 2452 -
2182 2415 2321 2466 loa-s·
2348 2427 2381 2466 a
2410 2409 2582 2466 levitis
2620 2411 2884 2466 educatus
2914 2415 2957 2460 et

689 2497 744 2554 in
771 2497 1040 2554 thronum
1069 2499 1312 2554 elevatus
1339 2499 1587 2569 primum
1617 2497 1989 2554 idololatriam
2018 2498 2360 2571 impugnavit
2381 2500 2765 2568 (23,ι-24,14),
2794 2505 2957 2568 postea

692 2584 852 2642 idolis
871 2585 1091 2642 deditus
1111 2585 1390 2642 infelicem
1410 2586 1607 2642 habuit
1624 2586 1834 2642 exitum
1860 2591 2177 2655 (tuas-2⁷).
2202 2617 2273 2628 —
2296 2585 2497 2644 Similis
2523 2585 2629 2641 fuit
2652 2586 2765 2642 vita
2788 2593 2845 2640 et
2860 2598 2961 2638 sors
3023 2575 3024 2584 ’

692 2677 974 2730 Amasiae
1005 2676 1272 2744 (25‚1·-28)
1300 2682 1357 2729 et
1387 2675 1577 2731 Oziae
1606 2673 1898 2741 (Azariae),
1931 2675 2023 2745 qui
2053 2672 2125 2730 ob
2152 2683 2471 2746 arrogatum
2496 2673 2867 2730 sacerdotium
2892 2672 2959 2725 le·
3023 2701 3024 2750 3

693 2778 792 2833 pra
819 2771 1104 2832 correptus
1133 2778 1366 2834 regnum
1397 2762 1485 2832 pio
1519 2761 1634 2816 filio
1672 2764 1874 2817 loram
1910 2759 2139 2818 tradidit
2172 2760 2519 2834 (26,1-27,9).
2545 2791 2623 2802 -
2661 2761 2893 2833 Impium
2916 2765 2961 2813 et
3023 2795 3024 2814 2

691 2849 876 2905 infelix
905 2862 1141 2922 regnum
1168 2849 1398 2914 Adeas,
1428 2848 1518 2921 qui
1550 2849 1731 2921 ipsum
1759 2849 2028 2919 templum
2055 2849 2249 2904 clausit
2278 2851 2561 2918 (28,1-27).
3023 2895 3024 2906 2

515 2945 569 2994 5.
600 2937 878 2994 Ezechias
923 2941 1158 3010 eiusque
1203 2952 1555 2993 successores
1597 2952 1776 3008 usque
1820 2935 1907 2992 ad
1933 2937 2102 3006 requi
2143 2939 2456 2992 interitum
2501 2937 2879 3007 (29,1-36‚21).
2904 2962 2961 2973 -
3023 2953 3024 3020 i

690 3025 990 3089 Ezechias,
1026 3033 1367 3080 restaurator
1394 3025 1576 3079 cultus
1612 3026 1962 3094 (29,1-30,27)
1996 3023 2291 3096 populique
2319 3023 2653 3079 reformator
2684 3025 2912 3092 (am-2¹
2927 3033 2959 3088 J,

694 3111 908 3184 magnis
949 3112 1228 3167 beneficiis
1249 3127 1280 3167 a
1303 3114 1424 3167 Deo
1465 3119 1549 3166 est
1577 3120 1771 3166 auctus
1796 3116 2078 3181 (32,1-33).
2111 3112 2319 3182 Impius
2364 3112 2482 3167 eius
2508 3111 2657 3166 filius
2686 3113 2961 3168 Manasses

691 3200 936 3270 captivus
962 3200 1020 3254 in
1049 3199 1406 3272 Babyloniam
1430 3197 1703 3256 abductus
1726 3199 2119 3270 poenitentiam
2148 3199 2257 3271 egit
2286 3199 2575 3271 (33‚1-2o),
2604 3199 2664 3254 id
2694 3197 2841 3272 quod
2868 3211 2962 3251 non
3023 3211 3024 3250 ς

693 3286 822 3342 feeit
849 3286 1012 3342 huius
1041 3286 1187 3342 filius
1215 3293 1409 3342 Amon
1438 3287 1774 3358 (33‚21-25).
1807 3287 1991 3342 [osias
2015 3295 2201 3343 autem
2231 3286 2425 3343 foedus
2452 3302 2583 3342 cum
2610 3287 2735 3342 Deo
2760 3299 2961 3341 renova·

690 3375 766 3429 vit
805 3373 1127 3445 cultumque
1164 3374 1430 3444 restituit,
1468 3382 1524 3428 at
1559 3375 1618 3428 in
1658 3374 1805 3430 bello
1852 3375 2173 3447 aegyptiaco
2216 3374 2429 3430 occisus
2470 3383 2551 3430 est
2602 3375 2961 3445 (34,1·35,27).

693 3461 876 3518 Secuti
919 3470 1047 3516 sunt
1091 3461 1366 3530 Ioacliaz,
1413 3461 1668 3528 Ioakim,
1705 3462 2011 3517 Iecltonias
2040 3461 2321 3532 (Ioachin),
2350 3462 2641 3530 Sedecias,
2670 3461 2767 3536 qui
2796 3475 2965 3516 omnes

691 3550 841 3620 impii
872 3549 1092 3605 fuerunt
1119 3551 1386 3623 regnique
1414 3549 1702 3604 interitum
1728 3550 2109 3606 accelerarunt
2138 3555 2421 3620 (36,1-21).
3023 3553 3024 3574 ³

519 3639 822 3694 Emmaus
849 3642 1053 3706 (36‚22.
1080 3643 1171 3705 23)
1193 3638 1411 3692 initium
1436 3635 1655 3692 exhibet
1673 3636 1878 3692 decreti
1902 3638 2027 3710 Cyri
2052 3638 2120 3693 de
2143 3637 2549 3694 reaedificando
2572 3639 2809 3710 templo.

528 3798 584 3854 3.
617 3827 696 3840 -
723 3799 812 3856 Ex
841 3797 1050 3873 operis
1077 3801 1448 3874 argumento
1478 3799 1543 3855 et
1563 3794 1773 3856 indole
1804 3801 2091 3874 apparet,
2116 3801 2432 3858 auctorem
2460 3797 2527 3857 id
2556 3797 2681 3858 sibi
2714 3796 2966 3856 maxime

447 3893 880 3970 proposuisse,
927 3898 997 3954 ut
1038 3910 1110 3953 ex
1153 3909 1375 3970 regum
1415 3891 1849 3953 davidicorum
1895 3893 2159 3953 historia
2201 3893 2312 3955 illa
2352 3893 2707 3973 colligeret,
2757 3894 2967 3972 quibus

449 3989 625 4066 regni
657 3994 892 4049 sortem
921 3989 1175 4049 felicem
1206 3988 1306 4048 vel
1353 3988 1671 4048 infelicem
1702 4007 1740 4048 a
1767 3989 2068 4050 fidelitate
2103 3990 2166 4049 in
2206 3990 2409 4050 cultus
2447 3991 2643 4050 divini
2686 3989 2967 4052 exercitio
3023 3992 3024 4042 1

448 4089 510 4144 et
539 4085 722 4163 Legis
750 4085 1184 4146 observatione
1217 4084 1580 4162 dependere
1622 4085 1895 4159 doceret,
1928 4091 2117 4164 atque
2160 4085 2277 4148 hac
2321 4088 2561 4148 ratione
2605 4087 2870 4148 ludaeos
2906 4101 2969 4144 ex

447 4181 666 4241 exsilio
695 4182 958 4268 reduces
981 4181 1060 4241 ad
1097 4181 1336 4243 cultum
1363 4181 1484 4241 rite
1517 4181 1959 4244 celebrandum
2002 4185 2359 4262 Legemque
2394 4184 2850 4246 observandam
2878 4199 2969 4241 ex·

446 4276 798 4338 hortaretur
828 4295 1063 4355 eosque
1091 4296 1130 4338 a
1171 4278 1469 4338 societate
1498 4277 1852 4340 infidelium
1881 4284 2211 4340 averteret.
3023 4271 3024 4274 ¹

517 4390 722 4446 Mirum
751 4392 882 4446 satis
927 4399 1037 4459 est,
1076 4390 1226 4462 quod
1273 4390 1484 4461 antiqui
1512 4391 1838 4462 interpretes
1882 4401 2169 4448 auctorem
2212 4391 2268 4448 id
2314 4393 2637 4464 praesertim
2688 4393 2969 4449 intendisse

449 4477 653 4545 opinati
682 4479 810 4546 sint,
842 4487 904 4534 ut
931 4494 1016 4548 ea,
1051 4492 1193 4550 quae
1221 4477 1280 4532 in
1311 4477 1370 4532 ll.
1397 4478 1621 4534 Samuel
1650 4487 1705 4534 et
1728 4480 1948 4551 Regum
1977 4482 2359 4551 praetermissa
2388 4491 2545 4537 erant
2576 4481 2657 4552 (τὰ
2682 4479 2969 4552 παραλειπό-

452 4567 590 4632 μενα)
619 4565 929 4635 suppleret3
961 4564 1112 4622 haud
1145 4580 1316 4636 pauca
1347 4565 1571 4637 quidem
1600 4567 1793 4638 procul
1822 4565 1988 4623 dubio
2022 4567 2201 4639 addit,
2234 4569 2332 4626 sed
2363 4568 2515 4625 haud
2540 4571 2803 4642 pauciora
2832 4567 2969 4624 omit·
