3050 5184
403 294 483 353 90
564 314 718 359 msT.
752 317 1093 364 vnnsloNUM
1122 321 1180 366 U.
1215 323 1272 365 Τ.
1304 340 1384 351 -
1416 324 1545 369 ΟΑΡ.
1579 324 1671 368 111.
1705 324 1780 367 DE
1813 323 2211 369 (zameis-vm.
2245 324 2410 369 TEST.
2445 322 2863 367 VERSIONIBUS.

482 448 539 505 2.
572 482 651 490 —
682 450 1097 515 Nihilominus
1126 456 1385 517 omnino
1422 458 1890 519 concedendum
1917 463 2043 532 est,
2077 458 2374 536 singulari
2413 456 2678 534 quadam
2715 456 2954 533 provi-

404 541 615 603 dentia
634 548 829 608 Deum
856 549 1237 629 invigilasse,
1261 571 1338 613 ne
1367 555 1570 631 prima
1595 555 1704 615 illa
1723 554 2184 632 Scripturarum
2206 555 2430 625 versio,
2457 570 2611 631 quae
2641 554 2958 611 nascenti

402 642 671 702 maxime
708 648 771 703 et
796 646 1177 708 adolescenti
1202 650 1512 711 Ecclesiae
1537 652 1846 711 destinata
1873 656 2040 726 erat,
2073 652 2138 711 in
2168 652 2356 711 rebus
2387 650 2534 710 fidei
2575 653 2635 709 et
2677 665 2954 708 morum

400 738 753 813 pernicioso
790 760 997 804 errore
1027 744 1385 808 foedaretur
1421 754 1529 808 aut
1557 748 1624 808 in
1664 749 1772 819 iis,
1806 766 1966 827 quae
1996 747 2074 808 ad
2103 748 2310 827 operis
2341 746 2754 807 substantiam
2785 763 2956 823 per-

399 832 630 907 tinent,
664 855 700 897 a
741 840 1117 919 primigenio
1161 847 1329 903 textu
1376 844 1679 922 inspirato
1723 845 2042 905 deficeret.
2085 846 2281 915 Quare
2329 844 2557 903 merito
2599 843 2951 907 asseritur,

401 929 865 995 alexandrinam
892 937 1244 999 versionem
1288 957 1424 1001 esse
1467 941 1894 1002 authenticum
1927 942 2322 1002 revelationis
2351 940 2596 1003 Veteris
2623 938 2798 998 Test.
2841 940 2958 997 in-

402 1030 856 1106 strumentum,
890 1034 930 1093 i.
961 1052 1016 1094 e.
1050 1052 1187 1096 eam
1230 1042 1435 1097 textus
1477 1038 1840 1115 primigenii
1885 1056 2138 1099 sensum
2181 1043 2310 1098 tam
2344 1036 2616 1098 fideliter
2659 1038 2724 1095 et
2772 1036 2958 1095 olim

400 1125 689 1185 retulisse
721 1133 783 1187 et
810 1128 999 1190 hodie
1027 1132 1229 1193 adhuc
1258 1134 1521 1204 referre,
1548 1139 1617 1195 ut
1647 1134 1724 1195 de
1759 1134 2157 1195 substantiali
2188 1134 2322 1195 eius
2351 1150 2495 1195 cum
2523 1131 2955 1210 autographis

400 1220 719 1299 inspiratis
749 1226 1181 1289 conformitate
1212 1229 1486 1290 dubitari
1516 1248 1642 1291 non
1671 1232 1890 1309 possit.

468 1336 615 1404 Quin
638 1338 990 1397 alexandrina
1016 1344 1191 1399 versio
1218 1343 1413 1414 primis
1434 1342 1562 1399 fidei
1588 1344 1926 1416 temporibus
1955 1354 2012 1401 et
2031 1354 2146 1401 tota
2169 1348 2395 1401 Patrum
2419 1351 2598 1400 aetate
2629 1346 2838 1414 (usque
2871 1342 2955 1399 ad

397 1428 449 1479 6.
481 1438 623 1480 saec.
656 1427 872 1495 saltem)
909 1429 1222 1486 authentica
1252 1429 1440 1498 fuerit,
1480 1447 1646 1487 nemo
1684 1430 1918 1499 dubitat,
1950 1434 2044 1504 qui
2086 1431 2424 1501 considerat,
2455 1429 2754 1503 Apostolos
2785 1429 2954 1486 hanc

397 1512 705 1569 versionem
731 1516 976 1573 ecelesiis
1004 1526 1154 1573 extra
1183 1519 1553 1575 Palaestinam
1581 1518 1823 1576 fundatis
1847 1520 2137 1576 tradidisse
2165 1528 2328 1593 atque
2355 1534 2550 1575 omnes
2576 1517 2854 1574 ecclesias
2887 1520 2952 1573 in

396 1608 513 1655 toto
559 1600 692 1657 orbe
740 1602 1012 1675 dispersas
1061 1606 1295 1680 (syriaca
1337 1613 1585 1679 excepta)
1631 1608 1782 1663 illam
1825 1609 1997 1663 solam
2040 1617 2135 1664 aut
2195 1609 2329 1664 alias
2385 1605 2660 1662 versiones
2711 1620 2780 1661 ex
2841 1606 2950 1661 illa

395 1687 667 1745 derivatas
707 1689 1037 1749 adhibuisse.
1087 1693 1221 1750 Inde
1256 1708 1289 1749 a
1318 1710 1461 1751 saec.
1512 1701 1566 1750 6.
1613 1696 1780 1751 latina
1810 1694 2032 1767 quidem
2079 1696 2304 1751 ecclesia
2348 1696 2406 1751 S.
2453 1692 2784 1765 Hieronymi
2827 1710 2950 1749 no-

382 1792 521 1831 vam
560 1777 1067 1850 interpretationem
1103 1781 1365 1840 adhibere
1400 1784 1608 1854 coepit,
1656 1792 1713 1839 at
1747 1781 1874 1839 ideo
1921 1783 2275 1855 approbatio,
2304 1798 2470 1855 quam
2519 1784 2788 1837 continuo
2831 1797 2952 1836 suo

391 1871 449 1918 et
490 1865 783 1921 universali
829 1884 931 1923 usu
980 1870 1217 1926 Ecclesia
1265 1870 1637 1928 alexandrinis
1681 1871 1979 1942 Scripturis
2021 1869 2274 1937 dederat,
2328 1886 2444 1926 non
2483 1878 2568 1925 est
2610 1868 2942 1937 infirmata,

392 1949 598 2006 nedum
656 1963 970 2011 retraetata.
1034 1958 1483 2015 permittentibus
1552 1959 1698 2014 enim
1751 1959 1992 2015 Summis
2057 1958 2414 2015 Pontificibus
2464 1958 2605 2013 aliae
2658 1957 2948 2012 ecclesiae

394 2053 586 2094 omnes
612 2039 853 2111 pristinis
876 2044 988 2099 suis
1016 2044 1345 2102 editionibus
1372 2046 1450 2101 uti
1478 2062 1591 2102 non
1623 2056 1905 2103 cessarunt
1930 2062 2034 2102 nec
2062 2054 2307 2111 coesant;
2337 2046 2506 2101 tacita
2532 2044 2699 2116 igitur
2727 2044 2946 2101 Eccle-

392 2128 505 2182 siae
528 2128 850 2198 approbatio
878 2142 1164 2203 permanet
1188 2150 1292 2189 nee
1312 2132 1466 2189 deest
1491 2149 1766 2205 expressa.
1795 2133 2010 2190 Etenim
2039 2133 2258 2205 quando
2281 2133 2466 2189 Sixtus
2491 2134 2562 2187 V.
2591 2146 2754 2186 suam
2785 2134 2946 2187 vati-

390 2230 587 2271 canam
616 2216 915 2275 editionem
945 2221 1215 2291 vulgavit,
1246 2220 1503 2278 brevibus
1526 2221 1699 2277 literis
1723 2221 2034 2293 praemissis
2056 2222 2248 2277 statuit
2271 2237 2334 2277 ac
2357 2222 2568 2285 sanxit,
2607 2239 2632 2269 α
2663 2226 2728 2274 ut
2751 2220 2948 2275 Vetus

392 2319 653 2375 graecum
671 2307 1084 2363 Testamentum
1111 2308 1261 2365 iuxta
1289 2310 1641 2381 Septuaginta
1667 2310 1742 2365 ita
1760 2310 2108 2381 recognitum
2135 2316 2190 2365 et
2211 2309 2515 2380 expolitum
2543 2308 2624 2362 ab
2645 2308 2950 2362 omnibus

390 2395 733 2464 recipiatur
760 2400 815 2449 et
842 2398 1186 2466 retineatur,
1217 2412 1327 2467 quo
1350 2398 1694 2468 potissimum
1722 2396 1792 2453 ad
1818 2398 2018 2453 latinae
2041 2397 2311 2468 vulgatae
2339 2406 2395 2452 et
2418 2403 2665 2451 veterum
2693 2404 2945 2450 saneto-

390 2496 515 2534 rum
541 2482 769 2536 Patrum
812 2482 1226 2555 intelligentiam
1264 2493 1568 2552 uterentur,
1597 2486 1908 2557 prohibens
1944 2500 2014 2539 ne
2055 2487 2186 2555 quis
2229 2484 2302 2540 de
2342 2484 2458 2539 Ιιαο
2502 2498 2658 2537 nova
2700 2498 2942 2554 qraeea

390 2566 649 2624 editione
672 2570 904 2628 audeat
926 2571 991 2626 in
1010 2580 1311 2645 posterum
1338 2571 1424 2627 vel
1447 2572 1719 2628 addendo
1745 2574 1832 2629 vel
1854 2572 2137 2628 demendo
2163 2572 2490 2645 quidquam
2513 2572 2856 2627 immutare
2883 2593 2910 2622 n
2925 2616 2938 2625 .

390 2658 630 2711 Demum
658 2658 909 2726 attende,
940 2658 1235 2717 hodiernas
1262 2659 1530 2716 editiones
1557 2659 1944 2715 alexandrinae
1979 2660 2244 2715 versionis
2279 2676 2346 2715 ex
2383 2657 2664 2714 codicibus
2692 2656 2942 2714 haustas

390 2759 527 2813 esse,
556 2746 651 2816 qui
671 2751 725 2802 4.
758 2748 843 2802 vel
872 2752 924 2803 5.
957 2764 1101 2804 saec.
1128 2747 1311 2820 scripti
1340 2757 1486 2817 sunt,
1514 2748 1549 2803 i.
1583 2764 1633 2803 e.
1660 2763 1726 2803 eo
1756 2757 2022 2819 tempore,
2055 2763 2164 2819 quo
2193 2746 2448 2803 omnibus
2473 2744 2776 2802 fatentibus
2801 2762 2938 2802 ver-

388 2832 469 2887 sio
504 2832 599 2888 illa
640 2834 742 2889 suit
766 2834 1109 2905 authentica,
1140 2852 1243 2891 nec
1279 2836 1698 2907 diligentissimo
1727 2835 1976 2891 examine
2005 2834 2421 2891 substantialem
2446 2834 2623 2889 ullam
2651 2832 2937 2890 differen-

386 2920 520 2976 tiam
546 2921 693 2977 inter
716 2938 809 2979 eas
830 2924 1083 2996 interque
1110 2924 1327 2981 codices
1354 2923 1423 2979 ab
1452 2924 1733 2995 Apostolis
1757 2922 2117 2995 Patribusque
2150 2922 2388 2994 antiquis
2413 2920 2687 2977 adhibitos
2717 2918 2940 2992 depre-

387 3007 577 3065 hendi.
624 3041 696 3051 -—
732 3012 1023 3067 variarum
1059 3012 1355 3067 lectionum
1404 3020 1587 3067 autem
1633 3009 1959 3079 multitudo,
2005 3026 2147 3083 quae
2181 3010 2238 3066 in
2285 3008 2566 3066 codicibus
2613 3007 2936 3072 habentur,

387 3096 701 3153 authentiae
727 3115 842 3154 non
870 3099 1070 3167 obstat,
1093 3098 1363 3170 siquidem
1381 3101 1608 3154 Patrum
1628 3108 1803 3155 aetate
1823 3099 2054 3155 eandem
2074 3099 2183 3154 iam
2203 3096 2462 3167 adfuisse,
2486 3095 2715 3152 historia
2733 3104 2939 3153 textus

388 3181 711 3241 adumbrata
742 3185 874 3240 satis
901 3185 1082 3242 docet.

737 3416 773 3501 ἓ
804 3421 909 3481 12.
944 3446 1033 3465 -ι
1058 3418 1154 3481 De
1188 3414 1594 3515 versionibus
1624 3438 1710 3482 ex
1743 3414 2190 3482 alexandrina
2227 3412 2568 3481 dertbatis.

466 3638 523 3695 1.
556 3671 633 3680 —
661 3637 889 3696 Primis
932 3636 1079 3697 fidei
1128 3636 1397 3696 saeculis
1441 3653 1516 3695 ex
1552 3634 1952 3695 alexandrina
1987 3634 2224 3694 multae
2253 3650 2451 3693 novae
2482 3636 2738 3692 exortae
2770 3642 2928 3693 sunt

382 3734 699 3792 versiones
719 3778 733 3804 ,
768 3732 845 3791 de
877 3748 1145 3810 quarum
1172 3732 1413 3811 origine
1453 3736 1516 3793 et
1544 3731 1756 3792 indole
1787 3730 2082 3791 nonnulla
2110 3734 2256 3791 sunt
2282 3729 2613 3798 tradenda,
2648 3733 2721 3789 ut
2759 3731 2926 3805 quid

382 3829 457 3889 ad
478 3830 821 3905 genuinum
850 3828 1310 3907 Scripturarum
1341 3833 1585 3889 textum
1612 3827 2076 3888 restituendum
2111 3827 2394 3887 conferre
2423 3826 2699 3904 possint,
2731 3842 2927 3887 accu-

382 3926 575 3985 ratius
602 3925 953 3987 definiatur.

452 4040 629 4107 Quam
660 4037 897 4109 primum
940 4038 1083 4094 inter
1124 4047 1341 4109 genteS,
1372 4052 1514 4109 quae
1555 4036 1803 4107 linguam
1849 4050 2104 4108 graecam
2159 4034 2505 4107 ignorabant,
2549 4036 2924 4107 Evangelium

382 4126 671 4198 propagari
700 4135 957 4195 coeptum
994 4134 1102 4195 est,
1142 4140 1318 4181 novae
1358 4126 1762 4195 seripturarum
1801 4122 2078 4179 versiones
2104 4122 2353 4179 redditae
2390 4130 2519 4178 sunt
2545 4124 2919 4181 necessariae.

382 4213 577 4284 quibus
619 4218 863 4284 (excepta
893 4214 1123 4286 syriaca)
1152 4214 1363 4269 cunetis
1386 4210 1741 4268 alexandrina
1786 4209 1886 4266 fuit
1922 4219 2120 4278 mater,
2159 4226 2330 4283 quum
2363 4212 2481 4266 sola
2518 4219 2676 4266 extra
2712 4212 2912 4267 Palae-

380 4300 577 4356 stinam
600 4309 742 4356 esset
761 4302 999 4372 cognita.
1025 4302 1107 4357 lta
1132 4317 1277 4357 saec.
1304 4307 1353 4356 1.
1380 4300 1466 4356 vel
1488 4306 1544 4353 2.
1578 4298 1799 4365 latina,
1829 4313 1970 4353 saec.
2002 4303 2055 4355 2.
2089 4298 2176 4353 vel
2201 4304 2250 4353 3.
2284 4298 2682 4369 aeyyptiacae
2709 4301 2918 4371 (copti—

380 4392 524 4455 cae),
556 4402 697 4444 saec.
728 4394 784 4443 4.
814 4389 1047 4461 qotltiea
1072 4397 1129 4444 et
1170 4388 1536 4460 aethiopica,
1563 4401 1707 4441 saec.
1734 4391 1788 4441 5.
1835 4387 2220 4454 armeniaea,
2249 4400 2391 4441 saec.
2425 4390 2478 4439 6.
2511 4384 2600 4440 vel
2639 4392 2694 4441 8.
2743 4404 2917 4459 qeor-

378 4477 592 4548 qiana,
631 4492 775 4531 saec.
801 4483 854 4531 7.
888 4478 1138 4546 syriaca
1166 4476 1546 4547 Iteaeaplaris,
1591 4488 1728 4529 saec.
1776 4478 1831 4529 9.
1876 4472 2190 4529 slavonica
2216 4482 2272 4530 et
2300 4472 2592 4529 arabicae
2635 4473 2916 4544 quaedam

380 4562 708 4619 recentiores
736 4562 1083 4633 prodierunt,
1116 4579 1258 4636 quae
1286 4561 1604 4618 immediate
1632 4560 1789 4616 nobis
1819 4568 2109 4630 testantur,
2141 4561 2262 4632 quis
2297 4560 2364 4615 iis
2399 4560 2746 4632 temporibus
2791 4561 2916 4617 sue-

380 4651 453 4706 rit
471 4648 859 4706 alexandrinus
892 4660 1103 4722 textus,
1136 4650 1373 4706 mediate
1402 4658 1587 4705 autem
1613 4664 1716 4703 nos
1742 4648 1813 4704 ad
1841 4656 2025 4704 textus
2053 4649 2358 4721 primigenii
2395 4649 2773 4721 cognitionem
2801 4648 2910 4707 du·
