3050 5184
208 324 325 383 332
405 340 477 382 na
506 339 641 382 var.
676 338 930 383 rasum.
962 337 1155 382 uanis
1184 334 1533 380 nlnAc‘rIOES.
1559 353 1636 361 —
1657 334 1786 379 aar.
1817 336 1902 379 tv.
1936 321 1994 379 1.
2029 334 2105 379 nn
2132 330 2508 377 raovsanns.

207 470 445 525 maxime
485 471 632 526 viros
676 484 805 540 prae
849 469 1023 525 oculis
1053 467 1394 534 habuerunt,
1433 480 1602 538 quare
1630 482 1662 522 a
1691 466 2100 523 difficilioribus
2139 466 2252 520 illis
2279 460 2606 536 recipiendis
2631 477 2754 516 non

208 557 611 613 abstinuerunt.
640 558 901 613 Ceterum
923 554 993 611 de
1021 556 1133 611 illis
1167 576 1192 605 az
1222 554 1353 609 viris
1378 554 1651 610 Ezechiae
1673 574 1702 607 n
1735 554 1874 609 nihil
1903 554 2039 610 certi
2068 553 2228 608 nobis
2251 560 2336 607 est
2355 551 2647 608 traditum.
2674 576 2755 589 —

211 644 411 700 lisdem
443 645 573 700 viris
600 644 873 701 Ezechiae
915 643 1087 715 aliqui
1129 640 1554 713 appendiculam
1597 646 1904 711 (24,23-a4)
1935 641 2247 697 attribuunt
2283 647 2511 711 propter
2549 638 2748 693 inscri-

208 732 463 803 ptionum
496 731 917 788 similitudinem
958 732 1140 800 (24,23
1184 738 1239 785 et
1275 733 1453 798 25,1);
1488 736 1550 785 at
1591 729 1878 787 infirmum
1904 728 2122 785 videtur
2149 735 2543 800 argumentum
2580 733 2752 796 atque

209 818 546 890 probabilius
568 828 672 890 est,
702 818 1126 891 appendiculam
1150 818 1303 873 illam
1330 817 1439 871 iam
1468 825 1598 872 ante
1625 816 1896 873 Ezechiae
1925 824 2166 872 aetatem
2193 816 2407 887 primae
2429 813 2752 869 collectioni

207 905 453 963 additam
474 922 613 963 esse.
642 938 716 947 —-
741 907 852 961 Alii
876 904 1167 973 Ezechiae,
1200 905 1290 961 alii
1312 903 1518 960 Esdrae
1545 913 1798 976 tempore
1827 920 1967 975 opus
1995 902 2205 959 ultimis
2231 901 2451 958 duobus
2477 900 2750 970 capitibus

208 993 409 1051 additis
445 995 807 1051 terminatum
830 992 1045 1049 dicunt.
1076 992 1131 1049 Si
1156 992 1425 1065 genuinus
1452 1002 1596 1047 esset
1624 990 1761 1048 ordo
1804 990 2226 1058 alexandrinus,
2252 998 2369 1045 tres
2393 989 2618 1045 ultimas
2641 1004 2748 1059 ap-

210 1081 463 1152 pendices
487 1083 602 1139 iam
634 1098 668 1138 a
691 1082 987 1139 Salomone
1018 1096 1151 1149 suae
1175 1080 1483 1152 primitivae
1521 1078 1832 1136 collectioni
1860 1079 2104 1136 adiectas
2135 1087 2304 1150 atque
2334 1078 2612 1149 integrum
2637 1075 2748 1131 ho-

210 1169 463 1225 diernum
500 1184 641 1241 opus
681 1185 714 1225 a
756 1169 885 1225 viris
926 1168 1199 1237 Ezechiae
1239 1183 1339 1223 sua
1380 1167 1704 1224 collectione
1749 1167 1892 1223 inter
1920 1182 2060 1238 opus
2087 1165 2490 1223 salomonicum
2517 1174 2574 1220 et
2597 1166 2752 1219 inter

208 1258 327 1312 eius
350 1256 678 1329 appendices
707 1256 917 1313 inserta
944 1256 1305 1313 terminatum
1335 1254 1518 1311 dicere
1547 1254 1758 1312 liceret.
1792 1254 1900 1311 Sed
1937 1255 2019 1311 rei
2044 1263 2162 1310 tam
2188 1253 2432 1310 incertae
2458 1253 2750 1309 immorari

210 1360 323 1399 non
350 1352 533 1414 vacat,
563 1344 763 1401 Esdras
789 1343 994 1400 librum
1028 1344 1365 1415 completum
1392 1342 1596 1398 canoni
1627 1342 2018 1413 palaestinensi
2048 1340 2344 1397 inseruisse
2375 1340 2496 1396 iure
2521 1339 2746 1396 dicitur.

288 1517 345 1572 4.
374 1548 453 1557 —
480 1513 1024 1595 Quemadmodum
1054 1528 1397 1591 synagogae
1427 1511 1723 1588 antiquae
1749 1510 2218 1589 persuasionem
2241 1510 2314 1569 de
2333 1508 2475 1569 libri
2496 1509 2752 1569 Prover-

210 1610 439 1669 biorum
468 1610 679 1669 divina
706 1609 1062 1669 auctoritate
1087 1608 1513 1668 dubitationes
1537 1607 1896 1683 aliquorum
1918 1607 2327 1667 rabbinorum
2355 1624 2480 1665 non
2500 1610 2749 1684 pertur-

209 1705 467 1776 barunt,
502 1705 590 1764 ita
620 1704 884 1765 eandem
914 1704 1105 1763 fidem
1132 1704 1212 1763 ab
1244 1704 1564 1781 Apostolis
1593 1706 1915 1780 acceptam
1955 1701 2231 1762 Ecclesia
2263 1700 2493 1762 Christi
2527 1707 2750 1762 contra

208 1802 616 1877 antiquorum
646 1805 708 1861 et
738 1800 1189 1861 modernorum
1218 1799 1678 1860 haereticorum
1716 1799 2105 1859 obiectiones
2144 1816 2396 1876 semper
2438 1798 2742 1858 defendit.

278 1911 583 1969 Thalmude
604 1920 747 1968 teste
778 1912 937 1984 pauci
961 1912 1212 1979 rabbini,
1241 1913 1369 1983 quia
1395 1912 1696 1968 nonnullas
1729 1911 1856 1968 libri
1883 1912 2189 1968 sententias
2216 1913 2364 1967 inter
2403 1927 2462 1969 se
2499 1927 2750 1984 pugnare

211 2006 315 2068 (ex.
359 2018 444 2073 gr.
496 2006 645 2069 26,4.
690 2005 745 2067 5)
786 2008 953 2071 atque
1000 1999 1305 2055 meretricis
1346 1999 1776 2071 descriptionem
1811 2002 1962 2067 (⁷‚1o
2004 2005 2153 2072 sqq.)
2183 1999 2527 2069 scripturam
2569 1998 2748 2056 dede-

208 2105 334 2144 cere
391 2088 823 2157 arbitrabantur,
876 2103 1003 2144 eum
1048 2086 1195 2141 inter
1244 2086 1594 2159 apocryphos
1640 2086 1940 2143 amandare
1990 2088 2314 2155 voluerunt,
2364 2084 2462 2143 sed
2515 2106 2542 2137 α
2591 2087 2746 2158 quod

207 2176 265 2233 id
296 2177 471 2231 facere
494 2176 832 2249 cogitarunt,
862 2189 969 2230 nec
998 2173 1246 2231 fecerunt
1270 2182 1477 2244 tamen,
1511 2174 1715 2229 indicio
1747 2183 1850 2242 est,
1876 2174 2148 2231 nefariam
2177 2188 2371 2231 eorum
2401 2176 2748 2230 voluntatem

208 2266 261 2320 vi
282 2263 525 2319 veritatis
552 2261 717 2318 fuisse
746 2278 1062 2335 oppressam
1091 2269 1148 2318 et
1169 2262 1447 2335 utrimque
1474 2262 1760 2332 pensitatis
1786 2262 2096 2318 rationibus
2121 2262 2250 2318 libri
2273 2262 2622 2317 sanctitatem
2649 2278 2751 2317 eos

205 2350 431 2407 tandem
458 2351 745 2422 agnovisse
784 2371 809 2401 n
845 2354 1081 2417 (fluet).
1113 2351 1328 2405 Revera
1356 2358 1565 2420 quanto
1594 2349 1651 2404 in
1683 2350 1895 2405 honore
1923 2357 2174 2420 tempore
2200 2349 2410 2406 Christi
2436 2349 2576 2405 liber
2601 2352 2748 2405 Pro-

204 2438 522 2494 verbiorum
556 2437 629 2493 sit
657 2437 904 2505 habituS,
936 2454 1048 2493 non
1076 2447 1194 2503 tam
1220 2453 1511 2509 expressae
1538 2438 1934 2510 Apostolorum
1963 2438 2324 2509 allegationes
2347 2436 2552 2493 docent
2589 2440 2742 2505 (Iac.

206 2532 329 2595 4,6;
363 2527 541 2581 Hebr.
578 2532 701 2593 125
748 2530 897 2593 ete),
932 2542 1097 2597 quarn
1127 2524 1604 2598 frequentissimae
1645 2524 1868 2581 illorum
1912 2525 2207 2581 allusiones
2235 2530 2284 2593 (1
2315 2529 2475 2581 Petr.
2521 2531 2650 2594 2,st
2688 2534 2752 2582 et

208 2618 379 2669 Prov.
410 2619 603 2683 2431,
644 2620 666 2669 1
702 2618 855 2669 Pecr.
885 2620 979 2682 4,ss
1013 2622 1069 2669 et
1106 2617 1275 2669 Prov.
1315 2619 1504 2681 10‚12;
1541 2620 1566 2668 1
1610 2618 1768 2668 Pecr.
1808 2619 1938 2681 4,18
1977 2622 2032 2668 et
2065 2617 2238 2669 Prov.
2281 2620 2474 2682 11,31;
2507 2622 2533 2670 1
2579 2618 2744 2671 Petr.

202 2709 294 2772 5‚5
323 2710 379 2757 et
403 2705 573 2757 Prov.
606 2708 735 2769 3,34
763 2705 914 2769 etc.).
965 2702 1255 2772 Apostolos
1280 2701 1455 2756 secuti
1489 2707 1620 2756 sunt
1646 2702 1839 2757 Patres
1880 2700 2169 2771 apostolici
2207 2704 2283 2765 (S.
2326 2705 2510 2757 Barn.
2543 2703 2643 2772 Ep.
2671 2708 2744 2771 53

201 2794 257 2845 S.
294 2790 471 2846 Clem.
494 2794 657 2845 Rom.
690 2796 713 2845 1
748 2790 875 2845 Cor.
908 2796 993 2845 14.
1043 2796 1131 2845 21.
1176 2794 1263 2844 30.
1308 2794 1378 2845 56
1422 2804 1539 2861 sq.;
1583 2789 1638 2842 S.
1687 2792 1882 2861 anat.
1928 2790 2003 2844 M.
2051 2786 2252 2859 EpheS.
2283 2795 2346 2855 53
2393 2792 2582 2861 Magn.
2644 2795 2744 2859 123

202 2879 259 2933 S.
287 2878 482 2949 Polyc.
511 2878 655 2934 Phil.
683 2882 735 2944 6)
756 2877 1137 2948 iunioresquc3
1159 2876 1486 2932 Theodorus
1512 2878 1813 2948 Mopsuest.
1837 2885 2040 2944 autem,
2066 2892 2239 2947 quum
2256 2877 2555 2933 Proverbia
2579 2892 2610 2931 a
2637 2878 2744 2932 Sa-

202 2966 423 3021 lomone
455 2981 529 3020 ex
556 2968 679 3019 eius
701 2980 947 3035 perso-na
972 2972 1136 3036 atque
1176 2964 1293 3021 sola
1328 2963 1688 3036 prudentiae
1715 2967 1926 3035 qratia
1968 2964 2276 3033 composita
2305 2978 2422 3019 esse
2449 2973 2746 3031 assereret,

202 3052 499 3107 damnatus
529 3061 613 3107 est
635 3068 667 3107 a
716 3052 881 3107 Cone.
932 3056 1005 3106 V.
1038 3054 1335 3106 Constant.
1374 3056 1448 3107 II.
1482 3051 1833 3107 Obiectiones
1860 3060 2200 3106 renovarunt
2235 3054 2370 3106 Ben.
2403 3052 2642 3122 Spinoza
2685 3060 2748 3107 et

204 3140 246 3193 Ι.
271 3140 515 3195 Clericus
533 3148 842 3205 monenteS‚
880 3160 905 3189 α
926 3138 1195 3194 eiusm'odi
1220 3140 1521 3194 sententias
1551 3154 1580 3193 a
1611 3139 1806 3210 quovis
1834 3138 2056 3194 homine
2087 3140 2204 3194 sine
2222 3139 2586 3210 inspiratione
2607 3154 2746 3209 pro-

200 3226 332 3280 l'erri
372 3226 619 3298 potuisse
668 3246 727 3293 »ς
765 3225 965 3297 quibus
1000 3235 1151 3282 recte
1189 3225 1474 3297 respondit
1515 3231 1580 3283 B.
1625 3228 1850 3295 Simon,
1909 3227 2104 3283 eadem
2142 3227 2656 3299 argumentatione,
2696 3229 2748 3284 si

199 3312 331 3383 quid
360 3313 587 3382 valeret,
616 3314 921 3369 multorum
948 3314 1187 3369 aliorum
1214 3313 1486 3370 librorum
1518 3314 1939 3385 inspirationem
1967 3312 2198 3380 destrui,
2245 3314 2342 3385 qui
2370 3314 2536 3369 etiam
2569 3328 2746 3385 quam

198 3401 431 3470 plurima
454 3400 790 3471 contineant,
821 3400 892 3457 ad
922 3417 1065 3473 quae
1092 3402 1473 3473 cognoscenda
1500 3418 1644 3458 nova
1683 3402 1950 3457 revelatio
1979 3418 2093 3457 non
2130 3401 2463 3474 requiritur-3
2495 3400 2742 3473 inspira-

196 3487 401 3542 tionem
428 3494 615 3544 autem
638 3504 749 3543 non
778 3498 1106 3561 argumento
1143 3488 1272 3545 libri
1315 3505 1433 3545 esse
1471 3488 1908 3557 diiudicandam‚
1942 3488 2038 3546 sed
2077 3487 2280 3544 divinis
2307 3489 2640 3545 testimoniis
2679 3490 2743 3545 in

194 3575 490 3646 scripturis
517 3582 573 3629 et
598 3574 895 3632 traditione
921 3577 1273 3633 conservatis
1309 3575 1472 3646 Quod
1502 3592 1830 3647 responsum
1866 3576 2034 3632 etiam
2071 3574 2472 3633 modernorum
2497 3577 2742 3633 rationa-

190 3662 443 3717 listarum
474 3661 875 3718 obiectionibus
908 3663 1217 3719 refutandis
1245 3663 1470 3721 sufficit.

272 3833 361 3890 De
390 3830 877 3902 sententiarum,
910 3848 1063 3909 quas
1088 3832 1489 3893 alexandrina
1517 3832 1726 3893 versio
1755 3832 1956 3893 textui
1988 3832 2285 3893 hebraico
2311 3832 2517 3903 addit,
2544 3834 2744 3912 inspi-

192 3928 434 3987 ratione
464 3925 871 3987 iudicandum
897 3933 995 3987 est
1022 3928 1369 3988 secundum
1395 3929 1649 3989 criticos
1679 3944 1970 3989 canones,

266 4038 577 4095 Nonnullae
623 4040 833 4096 scilicet
873 4056 941 4095 ex
984 4040 1054 4095 iis
1082 4057 1194 4096 non
1235 4049 1455 4097 tantum
1502 4042 1672 4097 etiam
1709 4042 1770 4095 in
1810 4041 2048 4113 Vulgata
2087 4050 2142 4097 et
2177 4043 2394 4113 syriaca
2436 4044 2691 4100 versione
2717 4084 2734 4113 ,

194 4125 290 4180 sed
318 4126 375 4180 in
404 4126 523 4197 ipsa
550 4126 831 4183 chaldaica
869 4128 1193 4199 paraphrasi
1225 4128 1515 4202 leguntur3
1559 4128 1694 4201 quin
1731 4128 1890 4195 illae,
1929 4129 2030 4185 etsi
2063 4129 2122 4185 in
2151 4130 2552 4187 massorethico
2581 4139 2742 4187 textu

194 4212 593 4283 desiderentur,
628 4231 726 4286 pro
755 4217 1035 4271 canonicis
1061 4216 1172 4271 sint
1207 4217 1619 4289 agnoscendae,
1648 4232 1764 4271 non
1785 4225 1872 4272 est
1903 4215 2155 4285 dubium,
2197 4234 2369 4289 quum
2399 4218 2652 4274 unanimi
2681 4228 2742 4275 et

194 4301 467 4356 constanti
488 4302 765 4359 Ecclesiae
792 4318 895 4359 usu
924 4304 1035 4359 sint
1063 4302 1398 4375 approbatae
1428 4313 1596 4375 atque
1619 4302 1886 4359 Chaldaei
1913 4304 2236 4360 testimonio
2271 4304 2572 4361 accedente
2600 4322 2738 4363 casu

194 4384 483 4444 dumtaxat
522 4405 591 4445 ex
634 4397 789 4445 textu
817 4390 1077 4447 hebraico
1106 4390 1372 4447 excidisse
1412 4389 1883 4448 demonstrentur.
1915 4393 2062 4460 Quin
2105 4394 2272 4448 etiam
2316 4392 2618 4449 nonnullae
2667 4411 2737 4449 ex

194 4473 321 4541 inis,
346 4490 489 4546 quae
505 4484 591 4532 tot
610 4478 941 4533 testimoniis
960 4495 1071 4534 non
1096 4479 1513 4547 confirmantur,
1541 4479 1695 4535 iuxta
1719 4479 1942 4535 criticos
1961 4494 2202 4535 canones
2226 4478 2447 4536 defendi
2471 4492 2733 4551 possunt,

194 4577 363 4630 quare
390 4571 517 4618 ante
546 4563 799 4620 sedulum
828 4581 1061 4621 examen
1090 4565 1417 4622 reiiciendae
1440 4581 1556 4621 non
1583 4575 1729 4623 sunt.
