3050 5184
369 273 494 338 51‘2
577 296 650 340 ne
693 296 834 341 novt
881 299 1044 342 'res-r.
1089 300 1274 344 manis
1319 301 1671 345 uis-rosicis.
1714 317 1793 327 —
1838 299 1966 342 car.
2013 298 2104 342 111.
2150 297 2227 343 ns
2268 297 2502 351 cusum
2544 297 2877 343 svssssuo.

372 427 540 480 toan.
573 432 694 494 ³22⁴
726 428 809 484 cfr
835 430 1046 485 Matth.
1077 437 1207 499 4,12
1237 438 1292 487 et
1319 434 1510 487 Marc.
1549 437 1702 500 1,14;
1729 439 1833 486 etc.
1872 431 1937 484 In
1974 429 2093 484 sola
2136 428 2407 500 passionis
2438 439 2495 484 et
2534 429 2883 484 resurrectio-

370 511 458 566 nis
483 511 711 569 historia
741 517 1042 573 nonnullae
1065 517 1418 575 difficultates
1445 517 1807 590 explicatione
1834 515 2073 588 quadam
2102 515 2367 589 indigent.

443 601 529 670 a.)
558 601 892 660 Gravissima
927 604 1023 660 illa
1061 615 1482 670 essecensetnr,
1512 603 1662 677 quod
1700 605 1929 660 ultimae
1962 619 2169 660 coenae
2204 604 2376 659 alium
2418 602 2565 660 diem
2594 603 2886 676 Synoptici,

371 686 542 742 alium
572 690 805 745 loannes
831 693 1111 763 assignare
1145 691 1452 748 videantur.
1482 694 1645 748 luxta
1682 693 1894 763 priores
1923 691 2075 746 enim
2107 711 2134 741 α
2162 691 2341 762 prima
2377 690 2468 746 die
2497 695 2839 763 Azymorum
2864 711 2885 740 ι

371 775 642 831 Dominus
685 777 886 846 pascha
925 778 1278 834 manducavit
1311 780 1543 845 (Matth.
1575 786 1769 846 26,17;
1802 782 1995 835 Marc.
2043 785 2232 848 14,12;
2270 783 2409 834 Luc.
2444 785 2623 846 22⁷),
2666 779 2889 833 loannes

371 876 501 918 vero
531 865 951 932 praecedentem
984 865 1130 921 diem
1169 863 1460 938 designare
1487 866 1712 934 dicitnr,
1744 867 1825 922 ita
1852 875 1916 922 ut
1943 866 2122 937 prima
2152 880 2475 938 azymorum
2504 866 2596 920 die
2624 865 2889 920 Dominus

371 947 442 1004 sit
468 951 794 1020 crucifixus,
826 971 850 1004 ‹
875 961 1004 1009 ante
1045 952 1193 1008 diem
1234 951 1432 1010 festum
1470 954 1708 1026 paschae
1733 975 1760 1005 n
1790 953 1937 1010 enim
1978 952 2234 1009 coenavit
2270 953 2539 1008 Dominus
2574 957 2773 1020 (13,1),
2800 967 2887 1023 po-

371 1035 562 1092 stridie
594 1037 782 1094 Iudaei
809 1041 1151 1112 praetorium
1185 1041 1394 1098 intrare
1419 1042 1741 1108 noluerunt,
1794 1062 1818 1091 α
1862 1051 1923 1096 ut
1964 1056 2078 1096 non
2124 1040 2655 1108 contaminarentur,
2698 1039 2801 1096 sed
2836 1047 2889 1094 ut

371 1123 769 1181 manducarent
798 1128 998 1198 pascha
1031 1149 1056 1179 ι)
1089 1133 1292 1197 (18,28)
1322 1137 1379 1184 et
1411 1127 1627 1185 Pilatus
1670 1127 1816 1184 sedit
1864 1143 1962 1198 pro
2008 1127 2271 1184 tribunali
2316 1125 2409 1181 die
2448 1126 2568 1194 illo,
2602 1147 2627 1176 ι
2654 1127 2757 1198 qui
2782 1135 2889 1182 erat

370 1225 662 1280 parasceve
698 1213 936 1287 paschae
963 1236 987 1267 υ
1019 1215 1242 1286 (19.14).
1270 1246 1339 1257 -—
1365 1216 1641 1272 Omnibus
1667 1216 1924 1272 Patribus
1956 1223 2013 1271 et
2044 1212 2450 1287 antiquioribus
2474 1213 2882 1284 interpretibus,

371 1313 510 1368 quos
537 1298 674 1355 haec
706 1299 1002 1358 difficultas
1032 1320 1144 1359 uon
1174 1303 1417 1376 fugerat,
1446 1303 1931 1375 persuasissimum
1959 1310 2106 1372 erat,
2134 1301 2241 1358 hac
2267 1301 2327 1356 in
2356 1301 2681 1372 quaestione
2710 1317 2885 1356 veram

369 1386 859 1444 contradictionem
905 1390 1098 1447 adesse
1137 1407 1252 1447 non
1292 1406 1482 1463 posse,
1534 1390 1781 1463 profecto
1830 1392 1875 1446 si
1916 1389 2339 1446 concedendum
2379 1397 2550 1457 esset,
2596 1390 2883 1461 Evangelia

369 1487 478 1528 non
522 1475 628 1531 nisi
666 1475 852 1533 medio
900 1494 1045 1534 saec.
1085 1485 1140 1535 2.
1181 1495 1300 1536 esse
1346 1478 1690 1550 conscripta,
1719 1477 1969 1534 nondum
2014 1475 2241 1534 concedi
2286 1487 2501 1550 posset,
2526 1492 2595 1532 eo
2640 1483 2883 1548 tempore

366 1559 707 1619 Christianos
746 1580 858 1620 non
899 1566 1136 1637 amplius
1177 1566 1426 1634 scivisse,
1467 1574 1659 1623 utrum
1698 1566 1969 1622 Dominus
2012 1563 2215 1638 inipso
2257 1564 2533 1636 paschatis
2572 1562 2698 1632 die,
2731 1577 2881 1635 quem

369 1663 559 1704 omnes
590 1650 778 1707 ludaei
818 1652 1234 1709 celeberrimum
1277 1652 1587 1722 habebant,
1612 1668 1683 1709 an
1708 1653 1767 1708 in
1809 1653 1919 1709 alio
1947 1651 2231 1708 communi
2261 1651 2351 1708 die
2392 1651 2690 1708 crucifixus
2726 1659 2877 1706 esset.

366 1735 548 1803 Quare
576 1738 879 1810 antiquitus
919 1739 1027 1795 iam
1068 1740 1252 1796 variae
1299 1739 1615 1812 propositae
1652 1747 1782 1796 sunt
1827 1737 2172 1795 difficultatis
2216 1738 2536 1807 solutiones,
2566 1738 2717 1794 inter
2758 1751 2879 1808 quas

367 1821 504 1878 haec
532 1832 616 1880 est
638 1825 992 1896 probabilior.
1027 1828 1271 1884 Omnino
1301 1826 1663 1896 admittimuS,
1690 1827 1994 1883 Dominum
2021 1842 2149 1882 cum
2176 1825 2461 1896 discipulis
2479 1840 2669 1882 veram
2690 1833 2750 1881 et
2768 1841 2877 1898 pro·

367 1910 544 1980 priam
573 1912 889 1982 paschalem
931 1929 1162 1970 coenam
1202 1913 1507 1970 secundnm
1548 1916 1753 1987 Legem
1795 1914 1883 1970 die
1925 1915 2167 1987 legitimo
2196 1913 2255 1980 (i.
2286 1929 2337 1970 e.
2378 1928 2603 1985 vespere
2640 1912 2757 1968 diei
2799 1920 2875 1968 1⁴.

365 1997 556 2066 Nisan)
581 2000 970 2070 manducasse,
997 1999 1056 2058 id
1090 2001 1240 2058 enim
1267 2003 1417 2058 clare
1445 2001 1634 2058 dicunt
1668 2002 1949 2075 Synoptici
1981 2001 2215 2069 (Matth.
2246 2006 2439 2070 26,17;
2470 2005 2658 2058 Marc.
2696 2005 2873 2070 1⁴,12;

364 2090 494 2140 Luc.
521 2091 669 2156 22,7.
703 2093 817 2157 15);
854 2104 1032 2161 neque
1071 2089 1256 2145 minus
1283 2089 1663 2160 concedimus,
1696 2089 1931 2146 Iudaeos
1960 2106 2025 2146 eo
2054 2089 2175 2160 die,
2204 2105 2315 2162 quo
2350 2086 2605 2145 Christus
2630 2097 2875 2144 mortuus

363 2182 472 2240 est,
495 2174 744 2231 nondum
786 2190 988 2250 agnum
1029 2177 1346 2246 paschalem
1372 2176 1761 2247 manducasse;
1791 2177 1851 2234 id
1890 2177 2039 2234 enim
2080 2176 2231 2233 clare
2272 2174 2405 2232 dicit
2446 2178 2603 2232 Ioan.
2640 2181 2802 2242 18,Ξὸ
2825 2183 2875 2230 et

363 2261 543 2316 elucet
589 2277 656 2316 ex
696 2269 814 2318 tota
855 2263 1198 2332 narratione;
1241 2280 1374 2320 nam
1414 2263 1562 2334 dieS,
1612 2265 1706 2338 qni
1752 2281 1907 2322 esum
1950 2264 2227 2336 paschatis
2270 2262 2623 2334 sequebatur,
2664 2263 2873 2320 ludaeis

363 2356 483 2403 crat
513 2348 665 2404 velut
690 2348 1048 2420 sabbathum,
1073 2351 1134 2406 in
1171 2367 1281 2423 quo
1309 2351 1380 2408 ab
1421 2352 1576 2408 omni
1604 2368 1770 2423 opere
1812 2352 1995 2408 servili
2024 2359 2143 2407 erat
2182 2350 2589 2407 abstinendum.
2619 2355 2693 2407 At
2733 2353 2873 2407 iuxta

363 2434 686 2492 traditiones
723 2451 878 2506 suaS,
921 2438 1004 2493 uti
1046 2444 1329 2510 Repertus
1373 2441 1512 2496 Tuic
1554 2441 1665 2495 iam
1712 2439 1927 2496 monuit
1964 2439 2038 2506 (in
2081 2437 2283 2494 Matth.
2328 2439 2405 2493 X.
2438 2443 2524 2504 13)
2562 2447 2622 2494 et
2662 2438 2873 2495 Paulus

361 2527 536 2595 Bury.
568 2524 895 2580 testimoniis
924 2525 1220 2583 rabbinicis
1243 2527 1590 2583 confirmavit
1614 2525 1915 2598 (Additam.
1940 2526 2011 2582 ad
2042 2527 2243 2599 Lyran.
2266 2527 2418 2581 Post.
2448 2525 2507 2580 in
2534 2525 2739 2582 Matth.
2768 2533 2869 2590 26),

363 2608 551 2666 Iudaei
578 2610 724 2668 diem
763 2613 1002 2683 primum
1031 2613 1336 2686 paschatiS,
1363 2613 1412 2670 si
1443 2615 1500 2669 in
1531 2615 1725 2671 feriam
1752 2621 1807 2670 6.
1838 2613 2059 2683 incidit,
2087 2614 2145 2668 in
2183 2611 2515 2669 sabbathum
2550 2623 2871 2685 sequentem

359 2697 777 2769 transtulerunt,
801 2717 872 2756 ne
897 2700 1112 2757 duobus
1137 2701 1364 2774 integris
1391 2701 1585 2757 diebus
1612 2702 1681 2756 ab
1707 2701 1858 2756 omni
1886 2715 2051 2771 opere
2079 2699 2263 2756 servili
2286 2698 2565 2756 abstinere
2589 2698 2871 2766 deberent,

359 2785 416 2841 id
443 2785 594 2858 quod
629 2785 760 2842 satis
794 2788 1020 2844 difficile
1057 2797 1112 2844 et
1141 2789 1559 2845 incommodum
1595 2797 1730 2844 erat.
1767 2789 2037 2844 Dominus
2077 2796 2263 2843 antem
2298 2787 2406 2843 hac
2439 2787 2745 2843 traditione
2778 2805 2870 2844 ne-

357 2873 534 2945 glecta
581 2875 886 2932 secundum
931 2877 1134 2949 Legem
1183 2893 1406 2947 vespere
1453 2876 1543 2932 die
1588 2883 1667 2932 14.
1710 2877 1910 2941 Nisan,
1952 2891 2093 2948 quae
2129 2875 2226 2932 illo
2268 2891 2413 2931 anno
2452 2883 2573 2931 erat
2620 2874 2759 2932 feria
2797 2883 2866 2943 5.,

358 2977 562 3032 agnum
600 2962 916 3033 paschalem
940 2963 1209 3033 comedit,
1241 2965 1430 3019 ludaei
1463 2972 1677 3033 autem,
1704 2979 1773 3019 ne
1802 2967 1912 3018 duo
1942 2960 2211 3018 sabbatha
2249 2962 2574 3018 continuare
2610 2977 2869 3036 cogeren-

357 3057 466 3111 tur,
498 3049 651 3104 iuxta
695 3049 1022 3108 traditiones
1065 3067 1192 3106 suas
1228 3066 1460 3107 coenam
1496 3050 1808 3122 paschalem
1847 3052 1904 3105 in
1936 3065 2223 3122 vesperam
2250 3048 2361 3105 diei
2388 3055 2472 3104 15.
2506 3049 2709 3118 Nisan,
2738 3066 2869 3122 quae

358 3144 475 3191 erat
519 3135 650 3192 seria
692 3143 770 3208 6.,
802 3140 1235 3209 transtulerunt,
1273 3149 1442 3211 atque
1487 3139 1565 3194 ita
1608 3139 1814 3195 sactum
1858 3145 1973 3207 est,
2019 3147 2080 3193 ut
2118 3137 2258 3193 illud
2297 3135 2630 3192 sacrificium
2676 3153 2870 3194 cruen-

355 3231 493 3291 tum,
525 3225 681 3280 cuius
703 3233 864 3298 typus
893 3235 1011 3282 erat
1040 3241 1213 3298 agnus
1240 3225 1543 3298 paschaIiS,
1574 3225 1719 3283 circa
1747 3227 1981 3282 eandem
2010 3223 2207 3281 horam
2241 3224 2301 3280 in
2331 3223 2609 3297 Golgotha
2638 3223 2713 3280 sit
2742 3241 2867 3281 eon·

355 3320 690 3366 summatum
705 3351 721 3380 ,
741 3328 850 3384 qua
873 3313 1068 3369 Iudaei
1094 3314 1150 3370 in
1179 3314 1322 3370 atrio
1349 3314 1545 3386 templi
1564 3329 1693 3370 suos
1710 3327 1883 3386 agnos
1901 3311 2244 3370 occidebant.
2266 3311 2709 3369 Translationem
2731 3312 2869 3370 hanc

352 3412 542 3453 revera
565 3398 661 3454 illo
689 3415 835 3456 anno
864 3401 1068 3458 factam
1097 3419 1246 3471 esse,
1275 3406 1512 3464 innuunt
1541 3409 1717 3464 Lucas
1745 3419 1800 3465 et
1832 3413 2079 3478 Marcus,
2111 3408 2207 3465 ubi
2232 3407 2455 3479 dicunt,
2487 3411 2797 3464 Dominum
2820 3423 2880 3463 eo

350 3479 441 3536 die
469 3481 828 3540 manducasse
853 3486 1072 3556 pascha,
1106 3507 1130 3538 «
1159 3502 1269 3558 qno
1292 3487 1492 3544 debuit
1517 3491 1689 3545 occidi
1711 3493 1911 3561 pascha
1936 3511 1959 3540 ι)
1989 3496 2037 3564 (ᾖ
2069 3492 2191 3544 ἔδει
2216 3491 2409 3543 θύεσθαι
2438 3491 2495 3544 τὸ
2524 3494 2707 3558 πάσχα.
2738 3500 2863 3548 lanc.

349 3574 516 3637 227),
557 3589 582 3620 ι
613 3585 724 3642 quo
753 3572 1000 3630 occidere
1023 3575 1298 3631 solebant
1323 3576 1529 3648 pascha
1550 3599 1575 3628 n
1601 3579 1703 3645 (ὅτε
1724 3579 1899 3630 ἔθυον
1928 3579 1985 3631 τὸ
2004 3579 2193 3649 πάσχα.
2212 3580 2399 3634 Marc.
2432 3585 2643 3646 14,123·;
2672 3582 2865 3636 tunda-

351 3664 538 3712 mento
561 3657 730 3730 igitur
757 3659 1158 3728 scripturistico
1187 3662 1326 3719 haec
1353 3663 1695 3720 difficultatis
1728 3665 1931 3722 solutio
1954 3681 2065 3721 non
2094 3674 2263 3720 caret.

430 3744 505 3810 b.)
534 3746 741 3802 Multae
764 3745 1119 3804 difficultates
1145 3751 1202 3805 in
1227 3751 1631 3807 narrationibus
1660 3752 1729 3808 de
1754 3752 1954 3822 triplici
1982 3754 2129 3807 Petri
2164 3751 2457 3824 negatione
2492 3755 2863 3820 inveniuntur,

363 3845 531 3900 quum
557 3834 837 3905 Synoptici
862 3851 965 3892 nec
991 3836 1137 3893 inter
1164 3853 1222 3892 se
1249 3854 1350 3894 nec
1378 3853 1506 3894 cum
1536 3841 1741 3896 Ioanne
1764 3855 2069 3896 consonare
2097 3839 2389 3895 videantur
2413 3840 2603 3897 sivein
2624 3849 2867 3913 tempore

359 3918 746 3988 praedictionis
769 3924 922 3991 (Luc.
954 3929 1116 3988 2234
1156 3933 1212 3980 et
1247 3928 1414 3980 Ioan.
1450 3932 1611 3996 13,38
1652 3931 1812 3996 ante,
1860 3935 1958 3981 sed
2002 3930 2211 3983 Matth.
2254 3931 2417 3996 26,33
2460 3943 2542 4000 sq.
2588 3936 2647 3982 et
2691 3933 2863 3986 Marc.

362 4011 518 4074 14,29
543 4023 627 4080 sq.
651 4015 788 4082 post
815 4025 1096 4082 egressum
1122 4027 1154 4067 e
1177 4013 1526 4082 coenaculo),
1556 4014 1669 4070 sive
1695 4014 1751 4068 in
1780 4013 1948 4069 modo
1975 4013 2367 4084 praedictionis
2394 4013 2565 4081 (solus
2590 4017 2773 4072 Marc.
2802 4015 2869 4071 de

355 4091 555 4165 duplici
584 4096 714 4166 galli
741 4107 906 4154 cantu
935 4099 1222 4170 loquitur),
1255 4100 1368 4156 sive
1395 4100 1452 4155 in
1486 4100 1611 4157 loco
1644 4101 1875 4172 triplicis
1912 4100 2223 4174 negationis
2252 4104 2430 4170 (loon.
2464 4108 2728 4170 18‚12-14
2756 4107 2869 4158 An-

353 4196 481 4246 nae,
514 4184 792 4254 Synoptici
837 4185 1076 4258 Caiphae
1121 4187 1324 4243 atrium
1371 4187 1658 4260 designare
1700 4186 1999 4258 videntur),
2028 4188 2140 4246 sive
2168 4189 2228 4244 in
2265 4190 2513 4261 personis
2551 4192 2855 4264 negatione.

353 4270 798 4339 provocantibus,
841 4275 1040 4344 quippe
1071 4290 1210 4346 quae
1241 4276 1436 4331 saltem
1467 4276 1525 4331 in
1556 4274 1795 4332 secunda
1824 4277 2119 4349 negatione
2150 4277 2397 4334 diversae
2428 4277 2539 4334 sint
2570 4281 2719 4352 apud
2750 4293 2859 4334 om-

351 4370 466 4411 nes.
493 4388 564 4398 —
589 4358 698 4414 Sed
724 4359 866 4416 duae
895 4363 1104 4432 priores
1132 4360 1482 4419 difficultates
1519 4364 1725 4421 nullius
1762 4373 1890 4421 sunt
1934 4365 2227 4434 momenti,
2268 4381 2441 4438 quum
2478 4366 2619 4422 nihil
2654 4366 2854 4428 obstet,

348 4445 640 4512 quominus
671 4447 964 4516 Dominus,
997 4450 1126 4520 quia
1167 4451 1364 4506 Petrus
1405 4451 1589 4522 priore
1632 4451 2009 4523 praedictione
2050 4467 2161 4508 non
2196 4453 2331 4509 satis
2372 4463 2492 4509 erat
2528 4454 2849 4516 admonitus

344 4529 494 4584 illam
529 4532 809 4600 repetiisse
850 4532 1083 4606 dicatur,
1115 4545 1171 4592 et
1205 4540 1424 4594 Marcus
1453 4547 1671 4610 tempus
1702 4539 1960 4612 gallicinii
1989 4539 2093 4608 (cfr
2118 4543 2301 4598 Maro.
2346 4546 2525 4612 1³3⁵)
2556 4539 2854 4598 accuratius

345 4613 652 4672 definivisse
693 4626 991 4692 statuatur,
1042 4627 1204 4681 tertia
1253 4626 1400 4682 enim
1445 4627 1627 4683 noctis
1673 4627 1854 4701 vigilia
1884 4631 1936 4696 (α
1967 4629 2295 4702 gallicantus
2334 4633 2387 4697 ι)
2428 4629 2575 4687 eirca
2624 4627 2853 4686 mediam
