3050 5184
431 290 511 350 86
593 304 752 349 ms'r.
787 304 1131 350 VERSIONuu
1161 306 1222 348 U.r
1250 306 1308 349 T.
1335 322 1416 333 -·-
1439 304 1571 348 CAP.
1602 304 1697 347 111.
1728 302 1804 347 ΒΕ
1832 301 2083 347 GRAECIS
2109 299 2246 343 vm.
2281 298 2447 342 TEST.
2482 293 2878 339 vssRsIomBUS.

437 446 556 517 pria
593 444 878 501 interdum
912 446 1259 501 transtulerit
1291 448 1456 511 (Gen.
1489 451 1542 513 3,
1577 448 1647 499 20
1675 450 1813 529 ΜΠ,
1846 446 2005 511 Eva;
2036 444 2191 513 Sym.
2215 438 2508 510 Ζωογόνος),
2540 435 2635 493 sed
2664 434 2827 492 etiam
2854 434 2951 489 fre-

435 550 730 623 quentibus
755 549 1183 621 paraphrasibus
1211 558 1398 606 utatur
1427 550 1588 619 (Gen.
1618 556 1705 618 18,
1736 556 1833 615 25;
1860 548 2059 605 Exod.
2094 552 2181 615 15,
2212 552 2273 602 11
2298 548 2447 611 etc.),
2470 541 2667 614 quibus
2691 538 2951 596 interdum

437 638 708 713 genuinus
735 654 928 695 sensus
947 638 1183 694 laeditur
1211 642 1379 705 (Ge-n.
1406 644 1458 701 1,
1480 643 1549 692 27
1586 658 1612 689 α
1632 637 1837 692 creavit
1852 639 2003 691 Deus
2030 634 2315 691 hominem
2334 631 2407 687 ad
2425 629 2722 701 imaginem
2738 642 2889 684 suam
2910 649 2951 691 ι,

431 728 590 798 Sym.
626 747 645 779 .·
665 726 748 779 καὶ
777 726 966 779 ἔκτισεν
987 726 1016 779 ὁ
1036 726 1145 789 θεὸς
1169 725 1256 780 τὸν
1287 726 1545 797 ἄνθρωπον
1568 724 1619 778 ἔν
1640 724 1791 777 εἰκόνι
1810 726 2047 795 διαφόρῳ·
2078 722 2242 793 ὄρθιον
2270 720 2300 773 ὁ
2317 720 2425 782 θεὸς
2448 718 2637 771 ἔκτισεν
2654 716 2841 785 afa-cdv),
2864 730 2953 769 an-

439 814 1020 886 thropomorphismos
1045 823 1346 885 troposque
1375 813 1591 869 auferat
1617 822 1723 868 etc.
1752 814 1809 870 S.
1840 808 2232 883 HieronymuS,
2255 808 2352 880 qui
2378 822 2507 864 eum
2534 806 2591 861 in
2614 820 2713 861 sua
2741 802 2953 859 transla-
3017 838 3018 841 η

433 902 580 957 tione
621 900 942 973 frequenter
969 902 1239 977 sequitur,
1267 910 1456 957 tamen
1492 916 1621 957 eum
1649 908 1899 968 accusat,
1934 897 2084 972 quod
2112 896 2342 954 subdola
2365 893 2816 965 interpretatione
2842 906 2951 961 my·

433 989 600 1045 steria
623 988 832 1045 Christi
859 989 1124 1045 celaverit
1149 998 1206 1045 et
1230 989 1443 1045 iudaice
1465 988 1810 1044 transtulerit
1839 986 2041 1053 (Praei.
2070 987 2129 1041 in
2156 984 2286 1053 lob;
2317 986 2383 1039 In
2409 981 2555 1039 Hab.
2586 987 2640 1050 3,
2676 980 2793 1050 13);
2824 987 2877 1033 at
2905 979 2953 1031 in

440 1075 765 1149 fragmentis
789 1076 1175 1146 superstitibus
1198 1081 1436 1148 (praeter
1461 1080 1537 1131 1³.
1567 1082 1621 1141 7,
1649 1080 1735 1142 14)
1761 1074 2125 1130 accusationis
2153 1072 2318 1129 huius
2342 1086 2460 1127 non
2483 1069 2766 1125 invenitur
2782 1064 2955 1120 sunda·

431 1174 702 1222 mentum.

516 1334 576 1391 5.
623 1364 705 1377 —
738 1334 1066 1393 Praeterea
1105 1332 1422 1393 versiones
1455 1332 1615 1392 aliae
1657 1336 1785 1392 tres
1818 1331 2178 1410 aliquorum
2220 1329 2447 1389 saltem
2491 1326 2797 1386 librorum
2836 1322 2951 1379 sue-

433 1433 603 1501 runt,
640 1445 819 1506 quae,
854 1430 1149 1506 quoniam
1181 1434 1466 1489 auctores
1494 1428 1960 1507 ignorabantur,
1993 1428 2069 1487 ab
2100 1425 2342 1498 ordine,
2372 1439 2563 1502 quem
2587 1423 2653 1481 in
2682 1417 2953 1495 Hexaplis

436 1526 869 1597 obtinuerunt,
906 1524 1154 1605 Quinta,
1188 1526 1408 1597 Sexta,
1437 1526 1707 1605 Septima
1736 1526 2153 1585 nominantur.

505 1648 766 1720 Quinta,
821 1661 988 1718 quam
1037 1646 1096 1702 in
1138 1646 1298 1701 doliis
1344 1645 1727 1703 absconditam
1772 1644 2039 1719 Origenes
2097 1644 2349 1715 Nicopoli
2400 1641 2471 1698 ad
2513 1641 2735 1696 Actium
2788 1640 2946 1703 (Eu-⁹..

439 1735 498 1790 S.
533 1738 718 1802 Hier.)
745 1734 828 1789 vel
857 1733 1168 1790 Ierichunte
1198 1740 1273 1801 (S.
1314 1735 1552 1807 Epiph.)
1582 1735 1852 1806 reperisse
1884 1733 2106 1801 dicitur,
2137 1740 2357 1804 praeter
2391 1728 2693 1801 prophetas
2728 1725 2952 1781 minores

430 1831 487 1877 et
510 1828 543 1877 4
572 1825 790 1894 Regum
821 1820 1023 1879 librum
1045 1822 1317 1877 continuit
1345 1832 1584 1894 quatuor
1612 1823 1856 1893 poeticos
1874 1820 2045 1877 libros
2074 1820 2323 1888 (Psalm.,
2347 1816 2467 1887 Iob,
2492 1820 2683 1883 Prov.,
2705 1812 2945 1876 Cantic.)·,

429 1910 562 1965 satis
588 1909 821 1965 liberam
845 1925 948 1966 nec
975 1910 1168 1965 literae
1195 1910 1518 1966 adstrictam
1547 1926 1669 1966 eam
1700 1908 1897 1976 fuisse,
1920 1918 2107 1965 censet
2132 1906 2302 1964 Field
2328 1904 2633 1961 secundum
2662 1902 2947 1973 fragmenta

433 1998 747 2069 superstita.
772 2028 844 2038 —
865 1999 1108 2055 sextam
1135 2012 1355 2070 quoque
1383 1997 1442 2051 in
1471 1996 1633 2053 doliis
1656 1998 1920 2053 latentem
1944 1998 2213 2068 Origenes
2234 1993 2483 2065 Nicopoli
2510 1994 2591 2059 (S.
2617 1989 2848 2063 Epiph.)
2872 1986 2947 2039 vel

436 2084 760 2141 Ierichunte
801 2088 981 2153 (Eas.)
1008 2084 1278 2140 invenisse
1306 2084 1593 2150 asseritur;
1624 2085 1889 2141 lectiones
1924 2084 2040 2140 eius
2077 2082 2147 2138 ad
2178 2081 2477 2154 prophetas
2512 2080 2787 2143 minor-m,
2819 2074 2947 2131 Psal-

433 2187 584 2241 moS,
634 2172 951 2238 Canticum,
995 2179 1163 2243 atque
1212 2188 1324 2230 una
1364 2173 1605 2228 alterave
1643 2171 1715 2228 ad
1750 2170 1962 2239 Exod.,
2010 2178 2041 2227 3
2078 2172 2219 2242 Reg.
2270 2178 2325 2224 et
2362 2169 2401 2224 l.
2446 2166 2565 2224 lob.
2611 2166 2949 2223 inveniuntur

429 2260 564 2315 Eam
595 2275 770 2331 aeque
797 2275 864 2315 ac
889 2258 1131 2331 reliquas
1158 2274 1191 2315 a
1219 2259 1438 2315 Iudaeis
1468 2258 1795 2315 adornatam
1822 2258 1956 2315 dicit
1982 2261 2040 2315 S.
2070 2258 2473 2329 Hieronymus,
2505 2254 2601 2311 sed
2638 2270 2708 2311 ex
2732 2250 2871 2309 Hab.
2899 2254 2944 2313 3,

438 2354 502 2403 13
541 2346 658 2414 (ubi
705 2348 870 2403 vertit
908 2364 924 2403 τ
972 2348 1238 2419 Egressus
1278 2364 1365 2414 eS,
1413 2356 1473 2402 ut
1517 2348 1762 2403 salvares
1804 2348 2069 2420 populum
2111 2355 2269 2401 tuum
2316 2360 2417 2416 per
2451 2345 2637 2400 Iesum
2688 2341 2945 2398 Christum

426 2445 585 2490 tuum
610 2438 663 2501 n)
697 2426 990 2491 ¹auctorem
1035 2433 1200 2490 fuisse
1244 2435 1619 2491 Christianum
1662 2443 1911 2507 apparet.
1956 2466 2030 2475 —
2074 2434 2339 2503 Septima
2376 2432 2530 2487 iuxta
2580 2434 2637 2487 S.
2690 2430 2944 2496 Hierony-

427 2538 581 2578 mum
617 2544 642 2573 «
669 2523 909 2578 maxime
936 2521 1124 2590 libris,
1152 2524 1246 2593 qui
1273 2522 1420 2594 apud
1447 2522 1735 2579 Hebraeos
1758 2538 1920 2579 versu
1943 2520 2232 2593 compositi
2257 2528 2385 2575 sunt
2415 2541 2465 2587 a»,
2494 2528 2615 2575 erat
2640 2517 2856 2581 addita;
2884 2512 2944 2566 de.

426 2610 542 2666 eius
567 2609 754 2666 indole
781 2619 965 2667 autem
987 2609 1126 2665 nihil
1153 2611 1318 2666 statui
1365 2620 1563 2681 potest,
1596 2626 1766 2682 quum
1804 2610 2136 2682 paucissima
2172 2617 2229 2665 et
2262 2608 2631 2664 minutissima
2659 2606 2778 2662 eius
2811 2601 2940 2671 frag-

423 2706 608 2754 menta
631 2698 930 2770 supersint.

794 2920 830 3004 §
869 2926 972 2985 10.
1013 2956 1102 2969 —
1131 2919 1427 2985 Historia
1465 2930 1685 2985 textus
1714 2918 2029 2984 versionis
2063 2916 2573 2984 alexandrinae.

502 3142 559 3198 1.
595 3172 672 3182 —
715 3138 1020 3209 Quoniam
1049 3138 1448 3200 alexandrina
1493 3138 1875 3217 exemplaria
1913 3139 2133 3200 multis
2181 3138 2430 3199 mendis
2479 3137 2934 3210 arbitrariisque

416 3235 921 3295 correctionibus
950 3236 1199 3295 foedata
1228 3241 1405 3296 erant
1431 3240 1619 3313 atque
1648 3236 1863 3297 Iudaei
1894 3236 2249 3296 versionem
2278 3235 2453 3295 illam
2472 3280 2487 3307 ,
2521 3235 2757 3313 quippe
2794 3243 2932 3309 quae

413 3335 526 3392 aut
553 3330 914 3391 abundaret
942 3338 1048 3392 aut
1076 3332 1397 3403 deiiceret,
1431 3332 1498 3391 in
1525 3333 1962 3393 testimonium
1989 3349 2026 3391 a
2054 3329 2423 3393 Christianis
2452 3331 2738 3391 adhiberi
2766 3340 2932 3408 posse

411 3428 750 3505 negabant,
784 3428 1083 3506 Origenes
1123 3444 1419 3507 magnum
1462 3446 1622 3505 opus
1664 3428 2069 3507 excogitavit,
2102 3429 2169 3488 in
2212 3446 2336 3505 quo
2384 3428 2587 3487 varias
2631 3426 2932 3489 versiones

415 3540 666 3601 graecas
697 3541 839 3584 cum
881 3526 1020 3603 ipso
1058 3530 1230 3585 textu
1263 3526 1561 3586 hebraico
1590 3526 1681 3586 ita
1712 3526 2098 3603 composuit,
2134 3530 2203 3586 ut
2242 3525 2427 3586 unico
2464 3525 2644 3601 quasi
2682 3522 2928 3585 intuitu,

414 3620 566 3697 quid
608 3621 674 3679 in
704 3619 968 3699 singulis
999 3622 1462 3699 exemplaribus
1492 3623 1823 3699 legeretur,
1847 3622 2121 3700 conspici
2152 3626 2387 3699 posset.
2412 3624 2464 3682 Α
2493 3622 2925 3682 columnarum,

411 3717 646 3793 quibus
694 3721 896 3778 textus
950 3723 1124 3778 erant
1171 3718 1493 3796 dispositi,
1533 3736 1796 3779 numero
1844 3736 2005 3799 opus*
2035 3736 2263 3779 nomen
2308 3720 2719 3780 HExArtonuu
2760 3711 2927 3775 sorti-

412 3817 549 3873 tum
582 3818 698 3873 est.

482 3925 674 3981 Primis
696 3924 824 3982 fidei
846 3928 1204 3999 temporibus,
1237 3928 1460 4000 quando
1487 3938 1571 3984 tot
1596 3930 1757 3984 novis
1780 3930 1985 3986 exortis
2006 3928 2245 3986 ecclesiis
2272 3944 2467 4001 graeca
2488 3931 2667 3986 versio
2686 3930 2923 3983 innume-

405 4014 482 4069 ris
527 4014 640 4070 sere
689 4016 894 4070 vicibus
935 4017 1263 4085 transcripta
1307 4024 1406 4084 est,
1437 4017 1645 4072 mirum
1682 4032 1795 4072 non
1836 4026 1948 4083 est,
1986 4017 2135 4088 quod
2164 4018 2341 4073 multa
2366 4018 2427 4073 in
2455 4034 2577 4073 eam
2623 4010 2925 4087 irrepserint

301 4159 306 4167 ,
407 4101 626 4157 menda.
659 4105 920 4159 Attamen
941 4102 1252 4175 frequentes
1271 4120 1492 4175 quoque
1511 4104 1811 4161 hebraismi
1835 4113 1893 4160 et
1910 4104 2258 4174 barbarismi,
2282 4105 2377 4177 qui
2404 4120 2527 4161 eam
2556 4105 2920 4175 deturparunt,

405 4189 653 4246 ethnicos
682 4189 754 4246 ad
783 4190 954 4246 fidem
992 4199 1244 4247 recenter
1278 4190 1548 4248 adductos
1584 4192 1841 4247 videntur
1872 4193 2149 4257 turbasse3
2181 4207 2352 4264 quare
2388 4208 2483 4249 cos
2520 4194 2737 4249 auferre
2768 4199 2919 4244 cona-

404 4276 624 4346 bantur,
663 4278 758 4334 sed
796 4275 1228 4336 correctionibus
1261 4281 1394 4345 suiS,
1439 4280 1498 4336 in
1532 4279 1731 4351 quibus
1764 4279 1835 4335 ad
1867 4279 2257 4352 primigenium
2282 4289 2499 4337 textum
2536 4297 2650 4337 nou
2685 4272 2920 4336 attende-

406 4364 567 4431 bant,
595 4365 921 4435 effecerunt,
953 4374 1017 4421 ut
1043 4367 1244 4439 singuli
1279 4365 1500 4423 codices
1531 4375 1587 4422 et
1621 4368 1765 4423 iuter
1793 4383 1851 4423 se
1880 4366 2168 4423 differrent
2196 4377 2251 4424 et
2278 4368 2525 4440 longiuS,
2558 4384 2721 4441 quam
2748 4371 2915 4423 antea,

407 4450 474 4507 ab
496 4450 998 4510 hebraiealectionc
1016 4454 1358 4511 recederent.
1386 4458 1464 4510 Eo
1487 4454 1699 4510 facilius
1722 4454 1889 4527 igitur
1913 4454 2105 4511 Iudaei
2125 4456 2437 4513 testimonia
2460 4472 2527 4511 ex
2552 4457 2663 4513 illis
2682 4454 2917 4511 desumta

407 4537 692 4608 repudiare
720 4550 990 4612 poterant,
1031 4558 1134 4598 nec
1159 4544 1270 4598 ulla
1296 4543 1519 4614 patebat
1546 4541 1869 4598 Christianis
1897 4544 2013 4607 via,
2044 4558 2153 4615 qua
2182 4543 2625 4600 adversariorum
2655 4536 2915 4609 excepti&-

405 4638 503 4677 nes
547 4626 737 4681 inanes
777 4644 894 4683 esse
939 4629 1403 4686 demonstrarent.
1435 4630 1536 4686 Cui
1572 4630 1720 4686 malo
1748 4640 1811 4685 ut
1848 4629 2181 4699 mederetur,
2212 4632 2480 4704 Origenes
2516 4629 2789 4703 Hexapla
2825 4634 2911 4679 sua

2288 4740 2310 4769 ἱ
