3050 5184
685 291 762 334 ns
803 287 1134 334 eumaem
1178 285 1486 334 secui-mun
1530 287 1915 338 nar-russum
1958 295 2117 340 rme.
2553 279 2669 337 463

164 425 289 484 olim
304 427 686 504 promissum3
715 440 904 503 neque
931 427 1132 482 tamen
1159 438 1284 480 esse
1314 421 1695 495 mirandum,
1728 426 1887 503 quod
1916 425 2011 486 hic
2037 429 2281 488 Messias
2308 445 2347 486 a
2375 426 2670 506 principi-

166 519 255 578 bus
272 520 473 598 populi
495 525 592 582 sm·
617 537 955 600 maynaque
983 518 1345 579 Iudaeorum
1361 521 1541 595 parte
1558 536 1683 579 non
1704 525 1783 580 sit
1806 526 2044 599 aquilus
2060 568 2073 594 ‚
2101 527 2385 604 quoniam
2410 523 2531 582 suis
2556 525 2672 602 ipsi

159 617 520 694 praeiudiciis
547 623 605 678 et
625 617 892 696 peccatis
919 635 958 676 a
983 613 1179 675 salute
1206 617 1568 676 messianica
1590 633 1708 677 sese
1738 619 2103 681 excluserint
2136 643 2187 680 ι.

223 737 396 794 ludaei
415 737 482 794 ad
505 738 672 794 fidem
689 739 746 794 in
776 740 961 794 lesum
983 745 1270 808 tamquam
1291 736 1349 791 in
1369 737 1629 792 Messiam
1644 737 1749 793 sibi
1764 739 2097 810 promissum
2122 740 2326 796 adduci
2349 756 2464 796 non
2487 749 2672 812 potue·

163 834 291 892 runt,
321 825 420 881 nisi
453 841 648 882 eorum
685 824 756 882 de
784 824 982 880 Messia
1011 839 1296 896 regnoque
1319 823 1645 880 messianico
1686 825 1846 882 ideae
1883 827 2322 900 corrigebantur.
2360 829 2673 900 Scripturas

163 914 430 969 carnaliter
457 913 805 985 interpretati
833 911 1091 968 Messiam
1121 910 1225 968 sibi
1257 910 1535 968 finxerant
1562 928 1594 967 e
1616 911 1869 970 davidica
1892 916 2067 986 stirpe
2094 914 2413 979 oriundum,
2446 915 2540 987 qui
2568 914 2669 970 da-

164 999 314 1055 vidico
339 999 538 1056 throno
563 1001 865 1058 restabilito
896 1015 1090 1056 omnes
1115 1007 1306 1071 gentes
1333 1006 1478 1054 esset
1519 998 1869 1056 subiecturus
1900 1003 2219 1075 populoque
2256 1017 2357 1057 suo
2394 1017 2669 1058 summam

163 1088 555 1158 prosperitatem
600 1089 968 1160 temporalem
1015 1087 1302 1143 allaturus.
1353 1085 1779 1144 Pharisaeorum
1824 1097 1997 1156 secta,
2046 1104 2186 1163 quae
2228 1098 2365 1146 tunc
2402 1091 2670 1160 temporis

165 1176 502 1245 praevalebat,
535 1176 605 1233 de
630 1175 898 1248 sanguine
942 1191 1044 1232 suo
1071 1173 1473 1232 abrahamitico
1502 1181 1559 1231 et
1587 1174 1658 1231 de
1694 1175 1871 1247 Lege,
1900 1193 2066 1248 quam
2094 1176 2307 1247 placitis
2348 1177 2463 1232 suis
2496 1193 2669 1248 paene

163 1271 424 1332 everterat,
457 1264 784 1336 superbiens
830 1279 1022 1320 omnes
1055 1263 1309 1319 ethnicos
1353 1278 1386 1318 a
1420 1262 1599 1318 salute
1645 1263 1969 1320 messianica
2014 1264 2363 1322 excludebat.
2406 1269 2670 1322 Attamen

163 1350 325 1418 paucis
350 1351 460 1407 iam
487 1361 610 1422 post
640 1352 866 1407 Domini
887 1351 1348 1408 resurrectionem
1377 1349 1536 1406 annis
1562 1351 1841 1406 neminem
1874 1351 2113 1423 amplius
2138 1352 2369 1421 latebat,
2400 1353 2669 1408 maiorem

164 1437 470 1496 ludaeorum
495 1449 710 1512 partem
732 1439 1090 1512 Evangelium
1109 1453 1388 1510 respuere,
1417 1438 1648 1510 gentiles
1674 1447 1861 1494 autem
1884 1453 2084 1510 magna
2104 1455 2232 1495 cum
2250 1439 2514 1496 aviditate
2530 1437 2668 1496 illud

164 1527 378 1596 recipere
396 1537 470 1596 et,
500 1543 838 1599 quamquam
865 1528 1070 1599 Legem
1091 1543 1202 1581 non
1222 1526 1607 1594 observabant,
1628 1526 1684 1582 in
1711 1526 2013 1582 Ecclesiam
2037 1526 2273 1582 admitti.
2296 1528 2452 1598 Quae
2480 1527 2668 1584 omnia

162 1627 256 1667 non
280 1623 493 1670 tantum
525 1615 760 1671 ludaeos
785 1614 1036 1670 infideles
1061 1614 1130 1670 ab
1155 1613 1454 1686 Evangelio
1482 1613 1827 1684 avertebant,
1855 1613 1953 1670 sed
1982 1616 2181 1686 partim
2215 1613 2381 1672 etiam
2411 1614 2668 1672 fidelibus

162 1701 425 1758 tentationi
453 1717 574 1758 esse
603 1711 887 1775 poterant,
914 1701 985 1757 ad
1010 1702 1146 1758 haec
1177 1701 1345 1773 igitur
1368 1702 1669 1773 ApostoliS,
1702 1700 1747 1757 si
1775 1703 1922 1758 inter
1946 1702 2283 1758 contribules
2316 1718 2446 1758 suos
2485 1704 2667 1757 Evan-

161 1787 338 1856 gelium
361 1807 673 1862 propagare
697 1800 754 1846 et
783 1791 1020 1847 Iudaeos
1048 1804 1344 1844 conversos
1369 1790 1429 1844 in
1457 1787 1567 1845 fide
1596 1789 1927 1846 confirmare
1956 1789 2232 1858 volebant,
2269 1788 2666 1846 attendendum

161 1885 277 1944 erat,
307 1886 470 1948 atque
499 1877 572 1934 ad
600 1878 794 1934 eadem
814 1877 1103 1934 attendere
1126 1875 1318 1932 debuit
1345 1878 1400 1932 S.
1429 1877 1762 1944 MatthaeuS,
1797 1879 1841 1933 si
1875 1899 1899 1929 α
1932 1875 2123 1934 domui
2154 1877 2318 1934 laeob
2360 1899 2387 1931 s
2414 1880 2665 1950 Evange-

159 1961 272 2019 lium
297 1966 644 2022 conscribere
672 1966 866 2022 voluit.
893 1967 1034 2020 Eum
1062 1973 1248 2020 antem
1273 1963 1343 2019 ad
1373 1964 1510 2020 haec
1535 1964 1833 2020 attendisse
1856 1975 1912 2021 et
1938 1966 2107 2022 finem
2134 1981 2300 2037 supra
2329 1965 2665 2036 descriptum

161 2048 206 2104 in
229 2068 320 2108 suo
345 2054 489 2110 libro
520 2069 651 2125 prae
679 2054 854 2110 oculis
882 2053 1160 2120 babuisse,
1201 2061 1413 2108 attenta
1440 2053 1557 2108 eius
1584 2052 1747 2108 lectio
1777 2052 1957 2108 docet.
1988 2055 2239 2125 Namque

216 2145 290 2207 a.)
313 2141 505 2196 multis
535 2141 802 2196 vaticiniis
831 2140 1168 2196 messianieis
1198 2141 1255 2195 in
1286 2141 1410 2194 Iesu
1434 2139 1677 2210 impletis
1705 2155 1833 2194 eum
1852 2141 2111 2196 Messiam
2140 2156 2259 2197 esse
2280 2139 2665 2197 demonstrans

160 2226 298 2283 simul
328 2244 648 2300 perversam
685 2227 1020 2285 Iudaeorum
1058 2226 1242 2284 ideam
1271 2227 1659 2284 messianicum
1686 2227 1942 2300 corrigit,
1976 2227 2254 2299 siquidem
2278 2243 2497 2300 semper
2534 2244 2663 2300 pau-

163 2323 404 2383 pertatem
432 2325 488 2372 et
513 2316 826 2388 passionem
855 2318 982 2372 Iesu
1008 2315 1281 2382 insinuem
1309 2324 1368 2371 at
1386 2331 1456 2370 ne
1486 2335 1512 2368 α
1533 2314 1799 2371 scandalo
1821 2317 1999 2371 crucis
2028 2336 2053 2366 n
2082 2315 2319 2372 ludaeos
2336 2315 2661 2386 absterreat,

160 2401 204 2454 in
229 2403 335 2474 ipso
363 2419 610 2476 paupere
637 2412 692 2458 et
715 2405 956 2475 patiente
982 2403 1183 2460 Messia
1212 2401 1456 2459 ostendit
1493 2402 1612 2458 eius
1640 2402 1890 2475 gloriam.
1922 2404 2002 2458 Ex
2029 2404 2219 2476 ignota
2244 2403 2455 2477 virgine
2480 2404 2664 2460 nasci-

159 2495 250 2556 tur,
277 2491 370 2548 sed
397 2492 559 2549 stella
581 2507 776 2564 magos
797 2507 864 2547 ex
891 2489 1118 2546 Oriente
1140 2489 1214 2548 ad
1241 2505 1370 2547 eum
1395 2489 1651 2559 adducit;
1674 2490 1733 2546 in
1750 2494 2061 2562 Aegyptum
2093 2490 2283 2564 sugere
2310 2492 2544 2564 cogitur,
2566 2492 2665 2547 sed

159 2577 286 2633 Deus
321 2596 418 2650 per
455 2579 716 2652 angelum
753 2579 869 2634 eius
908 2579 1012 2634 iter
1039 2577 1254 2651 dirigit,
1287 2577 1509 2634 adultus
1544 2578 1879 2648 baptismum
1917 2577 2287 2649 poenitentiae
2320 2577 2535 2650 recipit,
2566 2579 2664 2634 sed

161 2665 298 2722 Pater
323 2683 449 2722 eum
473 2667 673 2723 Filium
703 2683 864 2722 suum
893 2666 1168 2734 declarat3
1198 2683 1230 2722 a
1259 2665 1482 2722 diabolo
1509 2673 1776 2734 tentatur,
1802 2665 1900 2722 sed
1929 2665 2109 2738 angeli
2138 2665 2189 2720 ei
2215 2665 2531 2721 ministrant
2556 2674 2659 2721 etc.

159 2753 262 2808 Non
284 2755 506 2811 offensis
532 2755 702 2828 igitur
730 2753 1064 2811 ludaeorum
1092 2770 1305 2823 eorum,
1339 2755 1437 2826 qui
1466 2754 1646 2809 bonae
1683 2754 1983 2810 voluntatis
2012 2761 2196 2822 erant,
2224 2753 2423 2808 animis
2449 2753 2507 2808 in
2535 2767 2663 2824 pau-

159 2853 268 2905 pere
291 2851 346 2898 et
373 2843 636 2914 despecto
659 2851 714 2899 et
744 2843 985 2915 patiente
1010 2845 1136 2898 lesu
1164 2842 1417 2897 vaticinia
1445 2842 1671 2913 impleta
1696 2856 1815 2896 esse
1844 2840 2203 2896 demonstrat.

218 2927 288 2996 b.)
315 2931 490 2986 Simili
512 2931 728 2986 ratione
757 2929 826 2986 de
855 2947 1026 3000 regno
1059 2947 1156 3000 per
1184 2933 1364 2985 lesum
1397 2927 1628 2984 fundato
1659 2929 1771 3000 agit
1798 2929 1852 2984 S.
1877 2928 2191 2984 Matthaeus
2212 2943 2313 2998 pro
2330 2942 2501 3000 regno
2520 2937 2661 2983 tem-

159 3015 328 3084 porali,
361 3018 511 3089 quod
555 3017 968 3089 exspectabant,
1001 3017 1080 3072 eis
1109 3017 1391 3088 spirituale
1433 3017 1510 3072 ita
1541 3014 1864 3084 ostendens,
1901 3024 1962 3071 ut
1994 3036 2019 3066 α
2060 3013 2385 3071 scandalum
2426 3016 2603 3070 crucis
2632 3037 2657 3066 ι

157 3117 351 3176 semper
373 3105 610 3162 molliat.
641 3106 830 3176 Ipsum
855 3104 1066 3160 scilicet
1085 3121 1310 3172 nomen,
1342 3120 1454 3178 quo
1477 3104 1629 3160 solus
1647 3104 1791 3159 inter
1818 3118 2015 3159 omnes
2034 3103 2329 3173 scriptores
2348 3117 2536 3159 sacros
2562 3104 2664 3158 uti·

159 3196 249 3254 tur,
278 3193 490 3250 animos
518 3209 714 3249 eorum
741 3193 949 3261 elevat;
983 3213 1009 3244 α
1033 3209 1278 3262 reqnum
1305 3191 1601 3248 coelorum
1631 3212 1656 3242 υ
1691 3191 1840 3246 enim
1866 3206 1899 3246 a
1928 3191 2051 3246 Iesu
2074 3191 2131 3246 in
2158 3189 2263 3246 hac
2285 3199 2434 3246 terra
2464 3188 2663 3247 runda-

155 3283 258 3332 tum
283 3281 359 3335 eis
387 3281 612 3336 exhibet
634 3281 760 3352 plus
789 3283 987 3336 tricies
1015 3279 1122 3336 hoc
1144 3295 1351 3336 nomen
1373 3294 1665 3349 usurpans,
1696 3281 1806 3334 Pro
1835 3286 2052 3334 terrena
2082 3276 2341 3333 felicitate
2359 3293 2454 3334 eos
2479 3279 2538 3333 in
2559 3277 2665 3333 hoc

159 3380 308 3435 regno
333 3370 660 3424 inventuros
698 3383 815 3424 esse
851 3367 1238 3424 remissionem
1277 3375 1633 3438 peccatorum
1670 3364 1833 3421 docet
1869 3365 2057 3421 statim
2084 3380 2117 3420 a
2162 3365 2433 3436 principio
2464 3369 2659 3432 (ι,2ι);

160 3454 328 3520 primis
355 3457 539 3512 verbis
566 3457 835 3512 sermonis
863 3455 1110 3512 montani
1138 3455 1355 3512 discunt
1383 3454 1669 3526 neophyti,
1696 3468 1755 3509 se
1782 3453 1839 3508 in
1869 3453 1977 3509 hoc
2002 3468 2175 3525 regno
2204 3469 2235 3508 a
2262 3452 2665 3509 calamitatibus

157 3541 358 3611 quidem
382 3544 619 3600 terrenis
640 3560 751 3600 non
782 3542 1074 3599 liberatum
1103 3543 1194 3607 iri,
1221 3541 1318 3598 sed
1345 3541 1414 3598 ad
1462 3541 1779 3598 felicitatem
1818 3549 2099 3597 aeternam
2126 3549 2489 3613 perventuros
2522 3555 2661 3596 esse.

159 3627 212 3683 ln
247 3639 358 3688 toto
392 3631 596 3688 deinde
621 3631 766 3688 libro
802 3630 1047 3687 indolem
1089 3631 1221 3686 novi
1253 3631 1430 3702 regni,
1469 3628 1867 3685 hierarchicam
1894 3629 2013 3684 eius
2040 3627 2488 3700 dispositionem,
2518 3627 2663 3685 bona

157 3729 280 3786 quae
306 3718 501 3778 afferet
531 3727 638 3775 etc.
669 3720 745 3775 ita
774 3718 1054 3788 describit,
1085 3727 1148 3774 ut
1175 3718 1391 3774 animos
1416 3718 1688 3774 lectorum
1716 3716 1787 3772 ad
1815 3714 1953 3773 illud
1979 3716 2241 3772 attrahat.

215 3811 280 3872 e.)
307 3809 794 3864 Universalitatem
813 3823 1035 3880 quoque
1054 3806 1210 3879 regni
1237 3804 1544 3861 messianici
1565 3803 1639 3860 ita
1669 3805 1851 3874 docet,
1882 3814 1944 3860 ut
1964 3802 2295 3860 Iudaeorum
2316 3803 2529 3862 animos
2550 3819 2665 3858 non

157 3891 400 3962 offendat,
433 3911 607 3968 quum
634 3894 830 3952 eadem
859 3895 1093 3960 ratione,
1115 3909 1223 3966 qua
1243 3895 1300 3949 S.
1332 3893 1539 3948 Paulus
1562 3891 1668 3960 (cfr
1690 3897 1822 3949 Act.
1850 3898 2036 3961 13,46;
2060 3895 2223 3945 Rom.
2254 3896 2380 3958 15,8
2398 3905 2479 3961 sq.
2510 3897 2661 3957 ete),

159 3981 352 4037 ludaeis
378 3983 619 4054 primum
647 3984 732 4038 ius
760 3982 832 4038 ad
859 3997 1092 4056 regnum
1120 3981 1510 4038 messianicum
1538 3979 1823 4036 concedat.
1858 3979 2056 4035 Procul
2086 3977 2251 4034 dubio
2276 3977 2449 4032 multa
2478 3977 2659 4044 affert,

158 4067 336 4137 quibus
359 4071 566 4142 Legem
607 4070 861 4126 ritualem
891 4087 990 4143 per
1015 4071 1298 4126 Christum
1335 4068 1597 4125 abolitam
1628 4084 1745 4123 esse
1787 4069 2032 4123 insinuat
2066 4074 2124 4122 et
2160 4064 2663 4138 particularismum

155 4153 414 4214 iudaicum
444 4161 755 4231 impugnat3
787 4167 1032 4215 attamen
1059 4158 1362 4214 Dominum
1404 4171 1626 4229 quoque
1658 4171 1862 4211 nomen
1899 4169 2061 4210 suum
2100 4157 2223 4208 Iesu
2260 4151 2535 4222 accepisse
2568 4169 2663 4208 re-

157 4240 262 4312 sert,
293 4247 419 4318 quia
444 4247 614 4316 venit,
649 4267 674 4298 α
720 4255 784 4302 ut
821 4248 1036 4304 salvum
1085 4245 1290 4302 faceret
1325 4243 1616 4318 populum
1644 4261 1819 4300 suum
1866 4258 1897 4298 a
1939 4240 2181 4313 peccatis
2228 4253 2421 4294 eorum
2449 4260 2503 4307 n,
2534 4256 2663 4295 eum

155 4331 313 4401 ipsum
339 4349 606 4404 asserere,
637 4350 696 4390 se
737 4335 966 4390 missum
997 4349 1116 4390 esse
1150 4355 1174 4384 «
1207 4332 1278 4388 ad
1306 4334 1452 4388 solas
1491 4347 1649 4400 oveS,
1683 4345 1823 4402 quae
1860 4329 2139 4400 perierant
2174 4331 2398 4382 Domus
2420 4327 2603 4382 Israel
2631 4349 2656 4380 »

155 4425 356 4492 (15,24),
389 4439 516 4480 eum
555 4423 852 4495 Apostolos
893 4422 951 4478 in
980 4422 1152 4494 prima
1183 4435 1377 4476 eorum
1407 4419 1665 4476 missione
1706 4415 2016 4486 retinuisse,
2046 4431 2118 4472 ne
2154 4415 2213 4470 in
2242 4415 2389 4469 viam
2416 4415 2661 4486 gentium

154 4507 364 4581 abirent,
393 4527 496 4569 nec
523 4510 583 4568 in
607 4509 850 4566 civitates
879 4510 1352 4568 Samaritanorum
1379 4509 1671 4576 intrarent,
1700 4504 1798 4562 sed
1828 4504 2011 4577 potius
2048 4503 2194 4560 irent
2226 4501 2298 4558 ad
2328 4517 2485 4574 oves,
2520 4519 2661 4575 quae

155 4599 408 4666 perierunt
438 4599 634 4658 domus
663 4599 832 4656 Israel
864 4603 1030 4668 (10,5.
1063 4599 1118 4670 6)
1147 4606 1234 4653 etc
