3050 5184
770 332 845 374 nn
888 328 1053 372 meru
1092 324 1554 371 movsnmonmr
1597 323 1848 370 omerus
1888 328 1964 371 Er
2005 328 2446 377 Aue-romum.
2752 315 2863 373 331

320 476 388 517 ea
418 472 475 517 et
494 464 642 518 inter
673 462 851 532 prima
880 474 1083 515 novem
1122 456 1303 529 capita
1336 471 1507 529 quum
1545 456 1672 527 styli
1701 465 1824 513 tum
1851 462 2164 531 argumenti
2195 471 2250 519 et
2281 463 2410 519 finis
2447 461 2780 530 similitudo,
2807 470 2872 517 ut

320 548 507 605 eidem
534 550 751 605 auctori
779 546 1171 604 adscribantur
1204 559 1431 601 necesse
1458 544 1550 600 sit.
1583 544 1798 600 Eodem
1821 546 1973 601 enim
2008 548 2205 617 modo,
2239 567 2352 621 quo
2380 550 2573 621 primis
2599 550 2871 621 capitibus

322 647 619 709 praecepta
645 652 747 694 sua
776 634 1143 708 praeparavit,
1176 632 1395 690 duobus
1421 630 1544 687 istis
1570 633 1844 704 capitibus
1868 635 2019 690 velut
2047 638 2398 708 peroratione
2427 638 2669 710 quadan
2696 653 2759 693 ea
2788 638 2870 692 in-

322 725 582 781 culcavit.
614 754 684 767 -
718 722 1167 797 Appendiculam
1195 724 1501 789 (24,23-34)
1531 720 1784 792 plerique
1825 720 2082 781 moderni
2119 725 2406 781 Salomoni
2446 725 2767 782 abiudicant
2797 725 2868 780 ob

324 820 618 878 hebraicae
662 819 1039 892 inscriptionis
1081 818 1469 875 auctoritatem
1520 838 1536 873 ε
1590 798 1835 910 ῦῖᾩξζῂ
1889 798 2168 913 affy-ng,
2221 836 2388 894 quam
2431 823 2870 894 interpretantur

328 948 353 976 «x
398 928 569 983 etiam
612 926 751 983 haec
790 934 922 981 sunt
961 926 1331 997 sapientium
1377 944 1402 975 a
1447 938 1525 979 sc.
1568 922 1765 990 verba3
1813 924 2030 997 antiqui
2071 935 2262 981 autem
2301 926 2632 998 interpretes
2673 940 2870 985 omnes

324 1014 530 1079 (Alex.‚
560 1016 705 1087 Syr„
736 1013 960 1082 Chald„
988 1012 1178 1085 Vulg.)
1208 1018 1493 1067 verterunt
1526 1029 1553 1061 α
1584 1011 1754 1067 etiam
1786 1011 1922 1067 haec
1945 1014 2321 1086 sapientibus
2353 1035 2380 1065 ν
2408 1030 2488 1069 sc.
2513 1015 2668 1082 dico,
2701 1022 2868 1085 atque

323 1102 561 1158 eandem
602 1102 1121 1174 interpretationem
1166 1099 1425 1171 supponit
1471 1114 1707 1169 sequens
1755 1099 2002 1155 virorum
2047 1102 2323 1158 Ezechiae
2369 1102 2656 1175 inscriptio
2699 1121 2724 1152 α
2766 1100 2868 1156 hae

322 1206 549 1263 quoque
576 1188 873 1262 parabolae
902 1190 1233 1246 Salomonis
1265 1208 1318 1258 n,
1346 1202 1485 1259 quae
1512 1188 1696 1257 inepta
1721 1197 1892 1259 esset,
1917 1188 1965 1244 si
1987 1204 2100 1244 non
2131 1190 2446 1247 Salomonis
2463 1232 2478 1257 ‚
2509 1190 2608 1247 sed
2633 1189 2868 1245 aliomm

322 1278 657 1351 sapientium
681 1277 847 1333 verba
874 1276 1289 1348 praecederent.
1320 1306 1388 1315 —
1408 1272 1706 1330 Difficilior
1733 1283 1818 1330 est
1846 1276 2098 1347 quaestio
2127 1275 2196 1332 de
2218 1275 2398 1333 tribus
2420 1277 2630 1333 ultimis
2657 1292 2864 1349 appen-

322 1364 557 1422 dicibus,
593 1366 883 1433 Quomodo
925 1365 1107 1437 prima
1142 1362 1429 1435 inscriptio
1473 1367 1642 1431 <30,1)
1685 1372 1828 1419 esset
1869 1364 2198 1436 explicanda
2219 1408 2233 1435 ,
2277 1366 2492 1437 antiqui
2538 1366 2870 1437 interpretes

322 1455 680 1527 ignorarunt,
708 1462 765 1509 et
791 1452 862 1508 de
890 1468 955 1509 ea
984 1451 1269 1524 disputant
1304 1450 1582 1507 moderni.
1609 1450 1980 1507 Ptaeferimus
2001 1452 2158 1509 illam
2181 1453 2544 1520 sententiam,
2577 1468 2719 1524 quae
2751 1452 2868 1508 sola

324 1552 503 1621 prima
556 1547 721 1605 verba
754 1544 955 1636 &335po
998 1554 1229 1633 ”ETW
1266 1556 1407 1633 Ἦλζὲ
1451 1553 1594 1631 ’ῚᾏἾ
1632 1547 1838 1616 (Verba
1884 1548 2118 1622 Aguris,
2161 1548 2263 1605 filii
2311 1549 2471 1619 lake,
2517 1549 2865 1615 Massaensis)

320 1672 423 1728 pro
450 1656 619 1711 titulo
647 1654 819 1711 habet
846 1663 901 1710 et
928 1655 1139 1728 reliqua
1180 1654 1403 1711 initium
1446 1654 1847 1709 sententiarum
1887 1654 2090 1727 Aguris
2131 1670 2251 1711 esse
2296 1662 2486 1711 censet
2529 1660 2579 1723 (α
2623 1655 2868 1711 Effatum

318 1744 427 1800 viri
458 1762 472 1798 :
506 1742 805 1811 Laboravi,
830 1745 1009 1811 Deus,
1044 1742 1313 1811 laboravi,
1337 1744 1508 1808 Deus,
1539 1750 1596 1797 et
1623 1743 1821 1798 evanui
1846 1762 1872 1793 n
1903 1747 2053 1809 etc.).
2081 1744 2276 1817 Neque
2300 1742 2418 1799 ulla
2445 1751 2678 1816 apparet
2699 1742 2864 1809 ratio,

316 1847 423 1888 cur
448 1833 677 1888 nomina
710 1830 911 1905 Aguris
940 1840 995 1886 et
1029 1831 1161 1886 lake
1190 1846 1291 1901 pro
1316 1828 1635 1904 symbolicis
1665 1828 1996 1899 habeantur,
2026 1829 2158 1886 licet
2183 1831 2534 1903 ignoremus,
2569 1832 2691 1904 quis
2717 1834 2868 1903 Agar

319 1919 493 1975 fuerit
508 1928 567 1975 et
586 1919 735 1991 quod
755 1934 989 1991 regnum
1010 1920 1191 1974 Massa
1210 1917 1574 1989 intelligatur.
1599 1918 1741 1973 Item
1759 1934 1861 1974 cur
1879 1917 2057 1975 altera
2075 1918 2361 1989 inscriptio
2386 1923 2528 1987 (31‚1
2551 1918 2732 1975 Verba
2757 1920 2865 1974 'Le-

317 2007 550 2077 mueliS,
578 2007 724 2081 regis
756 2007 1109 2074 Massaensis)
1148 2006 1479 2063 auctoritate
1510 2021 1609 2062 sua
1645 2005 1892 2077 privetur
1929 2013 2026 2061 aut
2059 2005 2359 2079 symbolice
2394 2008 2718 2078 explicetur,
2751 2022 2865 2062 non

317 2094 559 2151 afl'ertur
584 2095 729 2152 ratio
754 2095 975 2151 idonea.
1008 2094 1255 2149 Dubium
1280 2102 1469 2149 autem
1496 2102 1600 2163 est,
1628 2102 1816 2150 utrum
1846 2092 1938 2149 hic
1965 2094 2164 2149 titulus
2189 2095 2354 2149 etiam
2383 2111 2609 2151 carmen
2639 2094 2708 2151 de
2739 2110 2866 2150 mu-

317 2183 459 2240 liere
500 2184 633 2240 forti
674 2184 1103 2255 complectatur,
1137 2198 1351 2249 annom
1396 2197 1495 2253 per
1536 2196 1596 2237 se
1631 2180 1770 2236 nihil
1818 2180 2028 2250 obstat,
2065 2182 2362 2253 quominus
2406 2182 2548 2239 illud
2587 2183 2868 2240 Salomoni

319 2272 540 2327 auctori
566 2270 861 2328 tribuatur.

402 2442 464 2500 3.
498 2472 579 2483 -
602 2440 755 2499 Tres
787 2439 1065 2499 diversae
1092 2437 1575 2498 Proverbiorum
1599 2436 1975 2497 collectiones
1997 2442 2170 2499 recte
2199 2439 2387 2498 statui
2417 2440 2732 2501 videntur.
2766 2442 2869 2499 At-

320 2554 451 2613 que
492 2536 665 2616 prior
708 2535 967 2613 quidem
1011 2552 1157 2614 pars
1184 2532 1571 2613 (1,1-24‚22),
1608 2550 1768 2611 quae
1813 2533 2176 2595 absolutum
2215 2537 2280 2595 et
2323 2535 2672 2613 perfectum
2712 2554 2869 2614 opus

321 2633 685 2704 constituit,
722 2632 1040 2693 Salomoni
1070 2630 1161 2692 uti
1197 2632 1433 2691 auctori
1468 2631 1558 2690 ita
1588 2629 1912 2691 collectori
1951 2631 2243 2691 debetur.
2279 2631 2488 2691 Altera
2525 2632 2865 2692 salomoni-

322 2746 546 2791 corum
572 2729 1054 2790 Proverbiorum
1085 2728 1372 2789 collectio
1405 2725 1812 2807 (25‚1-29,27)
1831 2718 1872 2779 ’τι
1898 2726 2052 2786 viris
2082 2726 2434 2787 Ezechiae»
2460 2728 2868 2805 inscriptione

318 2826 711 2899 attribuitur,
742 2842 932 2903 quam
960 2825 1083 2886 fide
1115 2824 1439 2903 indignam
1481 2841 1620 2884 esse
1658 2839 1846 2883 nemo
1884 2822 2090 2882 adhuc
2127 2822 2561 2884 demonstrare
2605 2814 2871 2885 conatus

322 2927 443 2985 est.
471 2921 769 2995 Quisnam
807 2922 1052 2983 duobus
1083 2920 1324 2981 ultimis
1355 2920 1671 2999 capitibus
1705 2919 1990 2980 collectis
2022 2924 2086 2979 et
2119 2918 2354 2979 additis
2383 2936 2542 2997 opus
2570 2920 2869 2981 termina-

318 3020 515 3093 verit,
548 3020 899 3097 ignoratum
930 3017 1041 3078 sed
1068 3018 1293 3101 saltem
1316 3017 1546 3077 Esdrae
1571 3020 1775 3077 aetate
1804 3016 1968 3078 liber
1985 3016 2473 3091 Proverbiorum
2494 3014 2868 3077 hodiernam

320 3132 501 3177 suam
531 3115 753 3175 hahuit
782 3115 1067 3175 formam.
2141 3123 2147 3129 ·

390 3238 533 3292 Cum
555 3235 825 3293 sententia
855 3234 1133 3307 proposita
1159 3235 1411 3307 plerique
1434 3235 1692 3293 moderni
1719 3236 2052 3308 interpretes
2075 3234 2334 3291 catholici
2357 3235 2471 3292 sere
2495 3237 2865 3294 consentiunt.

322 3327 405 3380 Ac
433 3323 685 3397 profecto
714 3332 869 3380 tanta
897 3324 957 3379 in
986 3322 1171 3395 priore
1195 3321 1517 3379 collectione
1545 3326 1867 3391 (1,1-24,22)
1897 3332 1980 3379 est
2007 3324 2320 3395 argumenti
2345 3332 2402 3378 et
2428 3322 2714 3379 doctrinae
2741 3326 2868 3381 uni-

318 3421 408 3469 tas
431 3428 498 3467 ac
524 3420 639 3467 tam
668 3420 857 3467 arctus
884 3411 1049 3466 trium
1080 3410 1409 3479 sectionum,
1440 3410 1642 3483 quibus
1670 3410 2044 3482 componitur,
2072 3426 2248 3467 nexus
2274 3410 2556 3481 internus,
2585 3419 2651 3467 ut
2677 3413 2732 3468 si·
2749 3414 2868 3469 sola

319 3498 391 3555 ad
419 3514 525 3554 nos
553 3499 917 3570 pervenisset,
950 3514 1114 3554 nemo
1160 3497 1401 3569 prudens
1430 3498 1586 3553 illam
1627 3498 1686 3552 in
1716 3498 1894 3553 varias
1934 3498 2235 3568 particulas
2277 3497 2594 3570 discerpere
2639 3509 2870 3557 conatus

319 3596 485 3643 oeset.
518 3586 800 3643 Salomoni
822 3595 1011 3642 autem
1040 3602 1165 3642 eam
1199 3584 1577 3653 attribuimuS,
1607 3586 1734 3657 quia
1765 3585 2092 3642 recentioris
2117 3586 2316 3642 aetatis
2343 3588 2563 3644 nullum
2595 3589 2870 3661 reperitur

321 3676 645 3747 vestigium,
679 3682 847 3745 atque
874 3690 1009 3730 sane
1041 3674 1227 3730 decuit
1261 3672 1730 3745 sapientissimum
1759 3688 1976 3746 regem,
2009 3674 2105 3745 qui
2131 3676 2238 3731 tria
2268 3675 2456 3739 millia,
2477 3674 2868 3747 parabolarum

318 3762 634 3833 composuit
662 3766 717 3830 (3
750 3766 884 3835 Req.
915 3768 1099 3831 4,32),
1122 3762 1306 3834 ipsum
1344 3776 1410 3817 ex
1439 3769 1597 3816 tanto
1627 3776 1864 3817 numero
1905 3762 2000 3819 illa
2041 3763 2273 3834 eligere,
2305 3776 2448 3834 quae
2493 3762 2728 3819 subditis
2756 3765 2868 3819 suis

318 3848 641 3907 erudiendis
685 3850 907 3905 utiliora
955 3850 1199 3918 censuit,
1249 3850 1455 3923 illaque
1505 3848 1732 3921 prologo
1779 3858 1835 3905 et
1883 3849 2098 3921 epilogo
2147 3848 2216 3905 de
2261 3850 2565 3921 sapientiae
2611 3850 2868 3907 laudibus

318 3939 559 3995 munire.
591 3937 781 4011 Aliqui
807 3940 1000 3995 Patres
1041 3941 1119 4005 (S.
1167 3937 1377 4008 Cym‘ll.
1428 3942 1540 3994 Ier.
1585 3938 1704 3993 Cat.
1750 3944 1906 4007 2,13;
1935 3938 1992 3993 S.
2021 3940 2193 3994 Hier.
2218 3938 2276 3993 in
2305 3938 2508 3994 Ezech.
2536 3944 2702 4005 43,10
2735 3944 2866 4005 etc.)

317 4042 555 4083 erronea
584 4025 790 4081 codicis
814 4026 897 4083 sui
940 4026 1171 4082 lectione
1202 4030 1386 4094 (2432
1420 4046 1447 4077 «
1485 4024 1793 4081 Novissime
1831 4040 1932 4097 ego
1979 4025 2068 4097 egi
2112 4025 2512 4097 poenitentiam
2561 4030 2612 4093 n)
2654 4026 2866 4082 seducti

315 4114 675 4172 Salomonem
702 4130 894 4169 senem
921 4114 1308 4186 poenitentem
1338 4112 1640 4169 Proverbia
1667 4113 1956 4185 collegisse
1981 4112 2236 4169 arbitrati
2273 4121 2431 4181 sunt3
2472 4121 2531 4168 at
2562 4115 2768 4169 rectius
2797 4132 2864 4169 eo

314 4214 572 4275 tempore
590 4244 605 4271 ,
637 4218 748 4274 quo
787 4202 1091 4271 sapientiae
1120 4201 1271 4257 dono
1298 4201 1588 4273 praeditus
1624 4200 1684 4256 in
1709 4201 1897 4257 divino
1940 4202 2094 4261 cultu
2135 4199 2517 4272 promovendo
2562 4211 2864 4274 occupatus

316 4300 466 4359 erat,
501 4289 647 4347 hanc
673 4290 1059 4346 collectionem
1086 4288 1325 4345 edidisse
1353 4288 1627 4356 creditum
1666 4288 1714 4345 si
1741 4304 1910 4345 senex
1939 4288 2228 4360 poenitens
2256 4304 2378 4343 eam
2407 4287 2762 4357 adornasset,
2794 4289 2864 4347 dc

316 4378 663 4435 idololatriae
693 4376 978 4449 periculiS,
1012 4392 1155 4449 quae
1186 4378 1303 4448 ipse
1336 4384 1597 4447 expertus
1626 4385 1774 4445 erat,
1805 4392 1918 4431 non
1945 4376 2228 4431 tacuisset.
2259 4406 2332 4417 -—-
2357 4376 2634 4445 Quoniam
2657 4378 2862 4449 populo

314 4468 535 4537 integro
554 4465 759 4520 librum
778 4464 1073 4521 destinavit
1088 4509 1102 4533 ,
1127 4463 1421 4535 parabolas
1444 4462 1946 4535 similitudinesque
1973 4463 2258 4520 intellectu
2279 4463 2623 4521 difficiliores
2647 4466 2858 4532 omisit;

314 4560 375 4611 at
407 4576 433 4605 α
463 4553 567 4607 viri
595 4552 865 4609 Ezechiae
895 4574 947 4623 n,
978 4552 1025 4608 si
1053 4568 1121 4609 ex
1148 4552 1341 4625 primis
1365 4552 1684 4621 sententiiS,
1716 4568 1858 4623 quae
1886 4551 1957 4607 de
1981 4566 2178 4624 regum
2204 4552 2627 4625 principumque
2655 4554 2857 4625 potiuS,

316 4656 485 4714 quam
518 4639 588 4696 de
616 4641 799 4711 populi
832 4640 1177 4696 institutione
1206 4649 1379 4712 agunt
1408 4644 1556 4707 (25,2
1585 4644 1762 4712 sqq),
1795 4641 2172 4696 coniecturam
2197 4656 2394 4712 capere
2422 4640 2572 4707 licet,
2612 4640 2860 4697 eruditos
