3050 5184
730 317 807 360 ne
848 315 1091 360 acrum(
1134 315 1567 360 Arosrotontm
1608 315 1986 360 Avi-nemu.
2507 299 2622 356 519

125 461 213 499 nus
242 447 311 500 Π.
342 461 514 518 quum
552 447 607 500 in
636 447 797 518 Apol.
840 449 889 502 1.
926 453 997 502 50
1042 449 1187 515 (Act.
1233 453 1343 514 ηε)
1377 455 1497 502 tum
1531 463 1578 502 c.
1620 447 1826 520 Tryph.
1861 453 1928 502 36
1959 451 2107 512 (Act.
2145 451 2310 514 2632
2339 444 2556 512 παθητὸς
2593 439 2644 495 δ’

123 533 331 603 Χριστός),
356 541 477 588 tum
502 535 557 588 in
585 534 812 590 Cohort.
844 533 914 590 ad
940 536 1137 591 Graec.
1175 541 1241 590 10
1264 539 1411 602 (Act.
1438 542 1469 589 7
1479 540 1587 603 ,22)
1616 539 1790 590 Actus
1817 533 2089 589 adhibuit.

179 621 311 676 Inter
331 619 639 676 haereticos
665 623 941 678 Marcion
968 637 999 676 a
1028 621 1368 677 Tertulliano
1402 623 1759 677 vehementer
1783 623 2094 692 increpatur
2118 621 2189 693 (c.
2227 623 2398 677 Marc.
2434 623 2502 674 V.
2543 627 2618 688 2),

122 706 247 776 quod
284 707 354 764 ob
394 708 737 782 dogmaticas
772 710 1015 765 rationes
1054 713 1225 764 Actus
1272 709 1554 778 reiecerit3
1603 711 1662 764 in
1703 710 1944 764 Ecclesia
1990 709 2158 780 igitur
2201 713 2374 763 Actus
2418 708 2622 778 recepti

121 803 251 850 erant
265 803 511 866 tempore
532 797 857 865 Marcionis3
882 797 1213 863 Ebionitae‚
1245 798 1337 869 qui
1354 797 1523 853 etiam
1547 801 1720 852 Actus
1747 804 1968 852 nostros
1986 796 2308 864 reiecerant,
2333 795 2454 862 sibi,
2482 804 2622 850 teste

121 884 163 935 S.
190 883 501 954 Epiphanio,
534 885 706 939 alium
730 889 971 940 Actuum
997 883 1201 940 librum
1232 884 1575 940 haereticum
1606 883 1988 940 confinxerant
2011 884 2196 950 (Haer.
2231 888 2442 950 30‚16);
2475 881 2620 938 idem

122 967 277 1040 refert,
300 971 575 1027 Valentini
606 972 931 1043 discipulum
972 971 1331 1027 Theodotum
1367 972 1648 1028 canonicis
1673 971 1905 1028 Actibus
1933 968 2006 1026 ad
2033 985 2192 1026 suam
2221 970 2474 1026 haeresin
2505 979 2622 1025 sta-

120 1056 381 1114 biliendam
409 1058 645 1115 abusum
668 1075 787 1116 esse
812 1061 1001 1128 (Haer.
1023 1065 1191 1126 54,5).
1216 1059 1612 1132 Apocryphum
1642 1063 2064 1114 Testamentum
2086 1058 2446 1125 Beniamini,
2473 1056 2620 1130 quod

122 1153 221 1199 ante
246 1147 488 1202 medium
518 1161 660 1202 saec.
694 1153 747 1204 2.
784 1147 1049 1218 scriptum
1083 1163 1201 1202 esse
1235 1161 1425 1202 omnes
1458 1147 1800 1211 concedunt,
1839 1167 1864 1196 α
1897 1146 1952 1201 in
1995 1145 2154 1201 libris
2185 1147 2352 1201 sacris
2385 1167 2408 1195 n
2450 1146 2621 1200 relata

120 1247 213 1286 esse
238 1233 373 1290 facta
402 1243 461 1290 et
484 1233 635 1290 dicta
664 1235 817 1291 Pauli
846 1251 913 1290 ex
938 1235 1149 1290 semine
1169 1236 1455 1290 Beniamin
1481 1233 1698 1290 oriundi
1727 1232 1933 1290 diserte
1960 1241 2212 1290 testatur.

181 1383 229 1440 3.
254 1417 327 1428 —-·
348 1385 723 1456 Immediate
749 1389 892 1461 post
915 1384 978 1444 S.
1010 1383 1236 1444 Iustini
1270 1387 1347 1444 M.
1381 1388 1656 1444 aetatem
1693 1383 2059 1444 testimonia
2090 1383 2447 1455 abundant,
2479 1383 2620 1460 qui-

121 1476 213 1536 hus
236 1481 419 1540 Actus
444 1481 613 1540 inter
632 1481 827 1540 libros
854 1497 1059 1541 sacros
1078 1483 1489 1541 recensentur
1508 1483 1573 1540 et
1597 1480 1658 1540 S.
1682 1482 1890 1542 Lucae
1907 1479 2145 1540 auctori
2167 1479 2618 1539 attribuuntur.

173 1592 309 1647 Circa
332 1608 381 1647 a.
413 1599 541 1648 170.
570 1593 631 1648 in
665 1593 897 1649 ecclesia
932 1608 1164 1649 romana
1194 1601 1389 1649 auctor
1422 1596 1752 1666 ftaqmenti
1777 1595 1998 1649 Mur-al.
2041 1592 2508 1662 locupletissimus
2539 1601 2623 1648 est

120 1681 263 1745 testis;
287 1681 431 1736 circa
460 1679 611 1736 idem
636 1689 853 1752 tempus
886 1683 1231 1736 Viennenses
1254 1688 1309 1736 et
1336 1681 1745 1753 Luqdunenses
1774 1680 1968 1736 fideles
1997 1680 2166 1752 (apud
2188 1682 2318 1736 Eus,
2345 1682 2419 1736 H.
2454 1683 2516 1735 E.
2550 1681 2618 1735 V.

119 1769 155 1830 2]
182 1767 228 1820 in
264 1783 355 1822 sua
399 1767 636 1839 epistola
674 1771 847 1822 Actus
876 1766 993 1822 sere
1038 1766 1241 1822 diserte
1286 1767 1556 1838 allegant,
1599 1766 2056 1840 Lugdunensium
2084 1775 2272 1824 autem
2301 1767 2617 1838 episcopuS,

118 1855 161 1907 S.
184 1859 440 1910 Irenaeus
469 1860 543 1922 (c.
576 1857 745 1912 Haer.
773 1856 880 1910 111.
916 1860 1019 1922 14),
1050 1871 1117 1910 ex
1141 1854 1369 1910 Actibus
1399 1855 1516 1910 fuse
1544 1855 1770 1925 probat,
1795 1857 2008 1910 Lucam
2037 1853 2201 1910 fuisse
2230 1855 2383 1910 Pauli
2408 1856 2620 1910 socium

118 1949 159 1992 et
178 1942 436 1998 comitem.
468 1944 539 1997 In
576 1943 823 1998 africana
853 1943 1081 1998 ecclesia
1118 1943 1511 1997 Tertullianus
1540 1949 1734 1998 contra
1763 1942 2074 1998 haereticos
2099 1943 2483 1998 auctoritatem
2513 1948 2621 1998 Ac-

118 2037 245 2083 tuum
270 2029 513 2086 vindicat
543 2030 635 2098 (de
668 2033 918 2086 Praescr.
962 2036 1048 2101 22)
1096 2046 1401 2102 eorumque
1431 2030 1761 2085 testimoniis
1808 2029 1998 2086 addito
2025 2031 2214 2086 Lucae
2252 2029 2620 2102 nominefre-

120 2125 313 2183 quenter
337 2117 523 2173 utitur
552 2117 641 2188 (de
672 2118 844 2172 Ieiun.
880 2124 974 2184 ¹03
1002 2116 1071 2172 de
1100 2119 1325 2172 Resurr.
1355 2133 1510 2172 carn.
1541 2124 1610 2173 39
1633 2122 1793 2184 etc.);
1827 2126 1994 2189 atque
2021 2117 2221 2173 eodem
2251 2115 2419 2173 modo
2450 2118 2506 2173 in
2535 2133 2620 2174 ec-

118 2201 249 2258 elesia
273 2204 635 2260 alexandrina
656 2214 828 2276 agunt
857 2205 1121 2260 Clemens
1162 2207 1335 2261 Alex.
1368 2206 1592 2274 (Strom.
1625 2207 1693 2259 V.
1727 2211 1790 2263 12
1821 2210 1951 2272 etc.)
1986 2213 2043 2260 et
2074 2207 2353 2277 Oriyenes
2377 2212 2444 2272 (c.
2478 2204 2618 2261 CelS.

120 2289 193 2344 Vl.
222 2297 275 2346 11
302 2298 451 2361 etc.).
482 2292 594 2360 Qui
618 2293 891 2347 unanimis
920 2309 1245 2360 consensus,
1281 2309 1389 2364 quo
1418 2291 1602 2348 Lucae
1631 2293 1840 2348 auctori
1867 2297 2038 2348 Actus
2067 2293 2122 2347 in
2153 2293 2410 2349 omnibns
2451 2294 2622 2349 eccle·

119 2378 190 2432 siis
220 2389 443 2436 exeunte
475 2396 624 2435 saec.
654 2387 709 2436 2.
752 2380 1147 2448 attribuuntur,
1196 2381 1455 2452 explicari
1496 2397 1612 2436 non
1659 2387 1854 2455 potest,
1901 2380 2004 2435 nisi
2036 2389 2188 2436 certa
2227 2391 2282 2437 et
2320 2383 2622 2452 apostolica

118 2465 370 2524 traditione
396 2468 661 2524 Patribus
686 2468 756 2524 de
778 2467 903 2523 libri
932 2469 1213 2524 authentia
1233 2477 1289 2524 et
1312 2469 1674 2539 inspiratione
1697 2469 2026 2523 constiterit.
2060 2499 2131 2510 —
2158 2469 2510 2526 Testimoniis
2541 2469 2624 2525 his

118 2551 351 2611 historicis
378 2558 491 2612 alia
512 2556 729 2611 interna
750 2565 1075 2628 argumenta
1098 2554 1229 2611 addi
1258 2564 1514 2626 possunt3
1548 2554 1645 2610 sed
1674 2556 1802 2626 quia
1830 2561 2003 2610 Actus
2032 2563 2089 2609 et
2115 2555 2340 2610 tertium
2370 2559 2622 2627 Evange-

117 2639 221 2696 lium
241 2659 347 2698 non
376 2651 513 2698 sunt
540 2643 644 2698 nisi
668 2643 811 2698 duae
836 2643 1000 2698 unius
1026 2644 1209 2714 operis
1236 2652 1449 2714 parteS,
1483 2643 1668 2698 omnia
1692 2643 1786 2698 illa
1813 2642 2015 2698 sufficit
2037 2643 2097 2697 in
2115 2643 2446 2698 memoriam
2469 2660 2622 2698 revo-

116 2742 255 2796 casse,
280 2731 481 2802 quibus
504 2747 669 2801 supra
696 2730 744 2802 (ἓ
773 2737 867 2794 4,4
896 2748 950 2802 p.
978 2737 1085 2787 478
1114 2731 1219 2802 sq.)
1242 2731 1389 2786 tertii
1418 2731 1697 2802 Evangelii
1725 2730 2070 2786 authentiam
2097 2729 2617 2786 demonstravimus

174 2883 223 2938 4.
248 2915 321 2926 —-
344 2882 587 2953 Quibus
609 2881 991 2941 testimoniis
1016 2899 1143 2940 non
1165 2882 1562 2942 obstantibus
1589 2883 1778 2941 Actus
1804 2882 1977 2941 socio
1999 2881 2175 2948 Pauli
2202 2883 2280 2941 ab
2306 2882 2620 2958 hypercri-

114 2976 225 3034 ticis
250 2977 708 3048 abiudicantur‚
742 2977 889 3054 quia
918 2979 1254 3037 nonnullae
1284 2994 1385 3036 res
1411 2978 1703 3055 paulinae
1735 2978 1961 3038 relatae
1991 2995 2138 3037 cum
2168 2978 2457 3055 Apostoli
2493 2979 2622 3056 epi-

114 3073 260 3131 stolis
286 3077 571 3152 pugnent
591 3077 697 3134 aut
726 3092 851 3133 non
880 3074 1028 3133 satis
1059 3079 1423 3146 consonent,
1453 3079 1645 3151 atque
1677 3074 1924 3150 aliquae
1951 3075 2362 3142 narrationeS‚
2399 3079 2618 3152 utpote

114 3184 215 3226 non
238 3169 599 3242 historicae,
626 3171 941 3229 iuniorem
982 3171 1349 3246 scriptorem
1378 3175 1659 3248 arguant.
1705 3169 1826 3230 Sed
1871 3170 2044 3248 prior
2080 3171 2381 3244 obiecti0,
2415 3175 2623 3231 aucto-

112 3279 223 3322 rem
246 3267 521 3326 Actuum
560 3267 870 3344 integram
908 3266 1101 3325 vitam
1139 3265 1316 3326 Pauli
1349 3283 1602 3325 narrare
1636 3266 1937 3338 voluisse,
1977 3283 2238 3326 erronee
2281 3268 2613 3345 supponit,

111 3359 277 3420 altera
298 3361 691 3440 praeiudicio
721 3362 1048 3422 dumtaxat
1076 3360 1527 3421 rationalistico
1555 3361 1828 3421 fulcitur.

168 3473 365 3529 Etenim
390 3474 741 3530 narrationes
770 3473 839 3529 de
880 3473 1025 3528 dono
1058 3474 1374 3545 linguarum
1408 3477 1562 3540 (Act.
1603 3477 1828 3540 2,5-113
1868 3480 2056 3542 10,46;
2092 3457 2239 3544 195)
2271 3475 2399 3531 ideo
2441 3474 2616 3532 histo-

114 3559 231 3615 ricae
256 3577 369 3617 esse
394 3570 692 3634 negantur,
725 3562 853 3632 quia
880 3562 1044 3617 nimis
1070 3575 1338 3634 magnum
1374 3559 1590 3616 videtur
1617 3575 1736 3617 esse
1771 3561 2134 3632 miraculum;
2177 3561 2480 3620 adversarii
2517 3581 2617 3620 au-

109 3655 199 3705 tem
223 3671 329 3711 non
369 3657 505 3713 satis
551 3657 874 3726 attendunt,
920 3661 975 3714 S.
1018 3659 1253 3713 Paulum
1288 3658 1347 3712 in
1393 3658 1653 3728 epistola,
1694 3654 1848 3711 cuius
1889 3653 2238 3710 authentiam
2289 3651 2616 3715 admittunt,

110 3739 273 3798 eadem
302 3745 529 3802 omnino
567 3747 779 3801 ratione
808 3745 877 3800 de
908 3746 1054 3801 dono
1084 3745 1403 3811 linguarum
1433 3741 1586 3815 loqui
1619 3749 1661 3807 (1
1702 3745 1832 3800 Cor.
1865 3749 1989 3810 14‚2
2020 3743 2189 3814 sqq.).

165 3830 238 3886 Ad
260 3833 497 3902 priorem
529 3833 895 3890 obiectionem
922 3833 1068 3907 quod
1118 3835 1335 3904 attinet,
1365 3836 1744 3906 narrationes,
1775 3855 1918 3911 quae
1941 3841 2187 3911 epistolis
2218 3842 2454 3913 paulinis
2478 3858 2613 3898 con-

110 3917 345 3976 tradicere
372 3919 652 3990 dicuntur,
684 3931 902 3978 tantum
930 3922 1115 3990 abest,
1146 3932 1208 3978 ut
1244 3933 1508 3996 pugnent,
1551 3933 1614 3980 ut
1651 3941 1710 3981 se
1745 3935 1940 3983 mutuo
1979 3928 2316 3998 compleant.
2361 3932 2614 4002 Namque

110 3999 153 4054 in
172 4009 287 4060 Act.
317 4011 549 4074 9‚19-28
572 4023 685 4062 non
708 4008 889 4068 minus
914 4007 1119 4079 duplex
1147 4010 1399 4079 Apostoli
1428 4015 1795 4069 commoratio
1825 4014 2182 4086 distinguitur
2203 4017 2352 4083 (9,19
2370 4032 2469 4086 per
2498 4016 2615 4072 dies

110 4087 340 4162 aliquan
370 4100 499 4163 9,23
538 4093 657 4150 dies
682 4095 897 4166 multi),
933 4111 1103 4167 quam
1127 4097 1189 4151 in
1217 4097 1355 4154 Gal.
1393 4105 1640 4166 1,17-19;
1687 4102 1782 4171 qui
1819 4101 1987 4172 igitur
2027 4100 2100 4156 ad
2136 4103 2320 4157 Lucae
2353 4103 2614 4160 narrandi

110 4178 306 4234 modum
339 4181 387 4254 (5
424 4189 519 4250 6,4
547 4198 601 4253 p.
631 4185 759 4253 497)
790 4183 1107 4252 attenderit,
1134 4185 1251 4240 sine
1278 4185 1387 4240 ulla
1418 4186 1745 4244 difficultate
1771 4189 1877 4244 iter
1911 4188 2196 4244 arabicum
2229 4192 2392 4246 Pauli
2417 4208 2613 4250 narra-

110 4261 224 4320 tioni
246 4269 425 4325 Lucae
462 4268 683 4325 inseret.
726 4271 901 4326 Simili
926 4272 1138 4327 ratione
1175 4276 1307 4328 Act.
1352 4279 1513 4336 17,14
1554 4290 1676 4346 sqq.
1709 4283 1768 4329 et
1796 4282 1920 4344 18,5
1961 4291 2090 4330 cum
2131 4283 2154 4332 1
2195 4277 2389 4335 Thess.
2433 4285 2544 4350 3‚1.
2579 4288 2612 4336 2

113 4352 289 4418 optime
314 4356 695 4426 conciliantur,
728 4359 775 4413 si
811 4358 955 4414 duae
999 4359 1293 4416 relationes
1340 4362 1768 4434 coniunguntur.
1815 4363 2018 4418 Paulus
2056 4364 2283 4432 scilicet,
2326 4367 2421 4439 qui
2461 4369 2614 4425 solus

110 4435 291 4497 Beroea
324 4444 571 4499 Athenas
612 4443 928 4515 advenerat,
973 4463 1143 4518 quum
1179 4463 1410 4520 magnos
1454 4449 1664 4504 fructus
1702 4448 1779 4504 ibi
1817 4465 1874 4508 se
1917 4451 2280 4509 collecturum
2321 4466 2611 4528 sperasset,

115 4523 370 4586 advocavit
393 4532 749 4588 Timotheum
774 4541 830 4588 et
855 4534 1029 4589 Silam
1057 4539 1209 4602 (Act.
1236 4541 1397 4604 17,14
1422 4540 1600 4608 sqq.);
1629 4546 1753 4608 post
1783 4553 1976 4594 eorum
2003 4548 2189 4596 autem
2217 4541 2518 4603 adventum
2545 4545 2613 4600 de

115 4619 237 4668 statu
268 4619 615 4676 ecclesiarum
660 4619 1147 4677 macedonicarum
1184 4623 1386 4679 certior
1425 4624 1600 4679 factus
1635 4625 1868 4681 Athenis
1910 4627 2061 4684 solus
2099 4644 2384 4688 remanere
2421 4634 2616 4688 maluit
