3050 5184
369 278 446 336 28
473 295 754 338 HISTORIA
781 294 1042 340 OANOMS
1073 296 1403 348 UTRIUSQUE
1451 297 1852 342 TESTAuEN'ri.
1873 315 1964 346 ‚—-·
1994 299 2123 342 CAP.
2158 299 2203 340 11
2258 295 2390 340 CAN.
2424 293 2686 340 vETEms
2714 292 2895 336 TEsT.

371 425 691 492 voluerunt,
717 441 832 480 non
864 434 1052 482 tamen
1082 427 1318 497 proferri
1347 427 1418 483 ad
1448 428 1835 484 auctoritatem
1863 445 1931 484 ex
1968 427 2058 484 his
2088 426 2218 484 fidei
2246 423 2690 484 confirmandam
2718 443 2771 490 n,
2796 421 2944 492 qui-

367 511 582 584 busque
622 512 991 583 Sapientiam,
1039 513 1231 583 Eccli.,
1285 513 1448 584 Tob.,
1499 514 1719 584 Iudith,
1762 515 1945 572 Mach.
1988 516 2159 572 libros
2203 523 2487 581 accenset,
2528 511 2945 585 apocryphos,

375 619 401 649 α
423 615 562 670 quos
583 599 635 654 in
661 600 904 656 ecclesiis
925 601 1034 673 legi
1056 602 1359 658 noluerunt
1382 621 1430 658 ι.
1459 623 1486 654 α
1511 605 1683 669 Haec,
1716 603 1913 676 inquit,
1944 603 2103 660 nobis
2131 619 2163 658 a
2192 602 2450 658 Patribus
2474 599 2679 656 tradita
2704 605 2839 654 sunt
2864 617 2895 646 n
2922 619 2939 658 ;

369 701 478 758 qua
505 687 564 742 in
591 689 892 744 assertione
923 689 1112 756 procul
1147 687 1316 744 dubio
1346 691 1577 756 erravit,
1609 691 1740 761 quia
1766 706 1838 747 ne
1864 707 2010 746 unus
2043 689 2270 763 quidem
2298 692 2464 745 Pater
2500 685 2631 743 talia
2668 683 2945 740 tradide-

367 783 454 829 rat
484 781 650 846 atque
672 774 790 845 ipse
818 775 873 830 S.
899 776 1252 842 Athanasius,
1277 792 1443 847 quem
1470 777 1533 832 in
1561 777 1685 834 aliis
1712 779 1981 850 sequitur,
2014 776 2353 834 auctoritatis
2380 774 2757 832 differentiam
2775 771 2947 826 inter

369 861 579 932 primae
605 869 662 918 et
688 861 964 919 secundae
995 861 1184 920 classis
1221 863 1392 920 libros
1433 881 1549 920 non
1586 865 1826 937 agnovit.
1866 865 2112 937 Benigna
2149 865 2319 938 igitur
2354 861 2812 934 interpretatione
2842 860 2943 913 in-

369 948 559 1021 digent
596 949 786 1004 Rufini
814 950 1008 1019 verba,
1053 952 1146 1022 qui
1183 951 1539 1022 probabiliter
1571 951 1827 1024 origenis
1853 953 2181 1008 sententiam
2198 995 2213 1020 ,
2240 957 2451 1006 contra
2484 949 2745 1005 Iudaeos
2782 945 2945 1002 deu-

366 1037 754 1092 terocanonica
790 1036 862 1092 ad
891 1037 1060 1094 {idem
1099 1037 1444 1110 probandam
1476 1056 1591 1095 non
1628 1055 1749 1096 esse
1786 1039 2071 1096 afferenda
2115 1041 2305 1112 (Orio.
2334 1037 2403 1094 ad
2440 1036 2614 1093 Afric.
2646 1037 2721 1106 5),
2753 1033 2943 1091 latius

365 1137 539 1194 quam
579 1138 681 1195 par
718 1133 801 1180 est
833 1124 1102 1181 extendit.
1137 1126 1441 1198 Benignam
1469 1136 1657 1183 autem
1686 1126 1841 1183 -hanc
1876 1127 2389 1199 interpretationem
2420 1127 2587 1181 etiam
2619 1122 2947 1183 admittunt

369 1210 533 1266 verba
561 1209 779 1277 Rufini,
807 1211 903 1282 qui
930 1217 1126 1268 contra
1149 1215 1204 1269 S.
1230 1214 1637 1286 Hieronymum
1666 1214 2089 1270 canonicitatem
2118 1212 2753 1270 deuterocanonicorum
2778 1208 2943 1280 frag-

370 1306 687 1352 mentorum
715 1300 912 1356 acriter
941 1298 1189 1356 defendit
1209 1301 1393 1372 (Apol.
1427 1304 1500 1357 11.
1529 1308 1597 1358 33
1626 1304 1769 1374 sqq.)
1800 1309 1859 1357 et
1884 1302 1943 1357 in
1970 1301 2209 1364 duobus,
2234 1316 2377 1373 quae
2404 1306 2721 1372 supersunt,
2750 1311 2943 1368 opus-

368 1384 505 1440 culis
529 1383 854 1457 dogmaticis
881 1387 966 1443 vel
997 1388 1290 1460 exegeticis
1311 1389 1579 1456 baruch,
1610 1389 2013 1461 Sapientiam,
2044 1389 2231 1445 Eccli.
2267 1388 2418 1444 velut
2442 1386 2643 1457 scripta
2672 1383 2940 1456 prophe-

367 1472 473 1526 tica
501 1481 558 1527 et
585 1472 849 1544 inspirata
877 1474 1094 1546 saepius
1116 1476 1336 1548 allegat.

438 1560 662 1626 Restat,
693 1569 755 1615 ut
796 1559 865 1616 de
893 1561 950 1616 S.
992 1562 1354 1632 Hieronymo
1388 1562 1665 1632 dicamus,
1696 1562 1787 1636 qui
1816 1579 1993 1636 aeque
2031 1573 2197 1635 atque
2236 1566 2293 1620 S.
2326 1563 2572 1619 Hilarius
2598 1570 2653 1616 et
2680 1559 2941 1615 Rufinus

369 1645 425 1700 in
452 1644 557 1700 hac
599 1647 916 1717 quaestione
951 1649 1308 1706 orientalibus
1358 1650 1567 1721 potius,
1614 1668 1784 1722 quam
1826 1649 2260 1707 occidentalibus
2302 1647 2753 1706 adnumerandus
2803 1655 2929 1705 est.

371 1735 631 1803 quoniam
657 1734 826 1790 etiam
851 1736 908 1790 in
936 1737 1161 1792 Oriente
1187 1736 1259 1793 de
1285 1738 1513 1793 canonis
1536 1739 1747 1795 ambitu
1764 1738 2019 1795 dubitare
2043 1739 2243 1811 coepit.
2271 1738 2555 1808 Quaenam
2584 1737 2659 1791 sit
2675 1735 2927 1808 genuina

371 1820 488 1876 eius
514 1822 810 1890 sententia,
840 1821 1059 1880 difficile
1087 1833 1171 1880 est
1200 1824 1378 1892 dictu;
1411 1826 1466 1880 in
1497 1827 1777 1883 nonnullis
1815 1825 1965 1882 enim
2000 1825 2133 1882 locis
2170 1823 2667 1898 deuterocanonica
2710 1820 2933 1877 diserte

373 1923 404 1962 e
431 1923 644 1963 canone
671 1909 915 1967 excludit
942 1920 998 1966 et
1035 1913 1186 1967 velut
1211 1913 1524 1985 apocrypha
1562 1913 1736 1970 reiicit
1766 1914 1933 1984 (Prol.
1962 1913 2069 1985 gal.
2098 1929 2150 1970 a.
2181 1918 2327 1981 391.;
2360 1911 2545 1968 Praei.
2576 1912 2633 1968 in
2662 1908 2829 1966 Esdr.
2868 1925 2927 1963 a.

375 1999 521 2062 39⁴4
552 1994 732 2052 Praei.
763 1997 822 2053 in
850 1998 890 2054 l.
920 1999 1075 2055 Esth.
1117 2015 1169 2054 a.
1199 2005 1336 2068 ⁴053
1362 1999 1446 2056 cfr
1479 1998 1549 2056 ad
1582 2003 1739 2058 Laet.
1774 2017 1858 2072 ep.
1896 2006 2119 2068 107,12;
2148 2000 2333 2056 Praei.
2360 2001 2419 2055 in
2454 2002 2598 2056 Dan.
2630 2001 2797 2064 etc.);
2828 1998 2930 2052 in-

373 2081 592 2138 terdum
637 2083 830 2140 eadem
888 2086 1000 2142 fere
1043 2087 1284 2155 ratione,
1331 2103 1440 2159 qua
1493 2088 1751 2157 RufinuS,
1802 2087 2299 2144 deuterocanonica
2344 2103 2377 2143 a
2420 2102 2633 2143 canone
2688 2081 2933 2156 quidem

375 2170 642 2237 excludit,
669 2170 767 2228 sed
793 2189 859 2228 ea
889 2193 915 2222 α
939 2172 1012 2230 ad
1041 2174 1480 2230 aedificationem
1519 2175 1693 2246 plebis
1730 2192 1843 2232 non
1882 2175 1954 2232 ad
1990 2176 2377 2231 auctoritatem
2413 2173 2933 2230 ecclesiasticorum

375 2256 698 2332 dogmatum
739 2259 1178 2316 confirmandam
1215 2262 1321 2334 legi
1353 2281 1378 2312 ιο
1409 2263 1666 2318 concedit
1696 2263 1901 2334 (Praei.
1936 2263 1993 2318 in
2032 2263 2093 2318 ll.
2124 2262 2331 2320 Salom.
2372 2277 2423 2318 a.
2464 2267 2595 2329 3983
2638 2258 2823 2316 Praei.
2868 2259 2933 2314 in

375 2345 410 2399 1.
441 2344 676 2414 Iudith),
707 2348 990 2403 interdum
1019 2347 1514 2405 deuterocanonica
1554 2349 1720 2406 verba
1758 2349 1957 2424 allegat
1999 2348 2183 2406 addita
2220 2349 2565 2406 dubitatione
2610 2347 2679 2404 de
2720 2362 2931 2402 eorum

375 2433 706 2489 auctoritate
740 2435 802 2504 (c.
839 2435 1026 2507 Pelag.
1057 2439 1105 2492 1.
1144 2443 1240 2504 333
1275 2434 1348 2491 ad
1377 2437 1506 2492 Fur.
1540 2451 1629 2508 ep.
1661 2443 1853 2506 54‚‡6;
1884 2439 1944 2494 in
1976 2443 2119 2510 Agg.
2154 2442 2277 2506 1,5;
2307 2437 2365 2493 in
2404 2438 2525 2493 Ion.
2565 2435 2717 2492 Prol.
2754 2439 2928 2505 etc-J.

375 2518 552 2575 multo
582 2519 924 2592 frequentius
951 2530 1137 2578 autem
1169 2523 1261 2579 ilia
1289 2523 1518 2580 adhibet
1546 2540 1661 2579 non
1688 2532 1904 2581 tantum
1933 2523 2279 2580 dubitatione
2304 2522 2457 2578 nulla
2490 2520 2797 2594 praemissa
2823 2521 2931 2576 sed

377 2615 472 2661 aut
499 2607 716 2663 disertis
739 2608 916 2665 verbis
943 2617 1040 2664 aut
1068 2608 1185 2680 ipso
1214 2611 1494 2683 allegandi
1520 2610 1690 2668 modo
1718 2610 1899 2668 divina
1930 2627 1995 2668 ea
2028 2612 2344 2676 declarans;
2376 2619 2493 2666 tam
2524 2608 2835 2680 frequentia
2868 2617 2935 2663 et

377 2693 536 2749 obvia
561 2703 690 2750 sunt
717 2695 852 2752 haec
879 2696 995 2752 eius
1021 2698 1355 2766 testimonia,
1382 2706 1445 2753 ut
1471 2699 1723 2771 exempla
1752 2698 1951 2755 afferre
1974 2699 2317 2770 superfluum
2342 2699 2433 2764 sitz,
2460 2697 2664 2752 sufficit
2692 2694 2927 2755 dixisse.

377 2797 488 2838 non
520 2798 639 2838 esse
675 2783 904 2840 secundi
931 2785 1157 2840 canonis
1189 2784 1394 2841 librum
1431 2796 1526 2841 aut
1559 2784 1948 2858 fragmentum,
1982 2801 2091 2857 quo
2120 2801 2247 2842 cum
2276 2785 2583 2842 reverentia
2614 2793 2670 2840 et
2698 2798 2803 2855 pro
2834 2783 2933 2838 di—

377 2870 500 2924 vina
529 2873 853 2926 auctoritate
879 2874 934 2928 S.
967 2874 1180 2928 Doctor
1205 2873 1422 2943 saepius
1449 2889 1563 2928 non
1589 2874 1662 2928 sit
1688 2888 1839 2929 usus.
1872 2874 1993 2929 Iam
2011 2888 2143 2929 vero
2172 2872 2309 2929 haec
2336 2873 2523 2928 omnia
2552 2873 2696 2927 inter
2722 2885 2787 2926 se
2818 2887 2937 2942 pu-

377 2973 550 3029 gnare
575 2958 802 3014 evidens
829 2968 938 3026 est;
963 2959 1148 3031 praxis
1173 2962 1230 3018 S.
1261 2961 1583 3033 Hieronymi
1612 2962 1731 3016 eius
1756 2960 2003 3017 theoriae
2032 2959 2359 3016 contradicit
2386 2969 2443 3015 et
2469 2962 2527 3015 in
2552 2958 2775 3015 theoria
2804 2959 2935 3028 ipsa

377 3044 479 3099 sibi
504 3061 618 3100 non
641 3055 878 3103 constat.
910 3051 960 3102 A
989 3063 1160 3118 puero
1183 3031 1442 3102 doctrina‘
1459 3047 1733 3104 catholica
1754 3047 1999 3104 imbutus
2023 3062 2218 3104 omnes
2244 3048 2451 3104 latinae
2476 3046 2733 3103 editionis
2753 3045 2939 3118 libros

376 3130 572 3187 eadem
608 3147 734 3187 cum
775 3135 1132 3190 veneratione
1177 3134 1433 3206 prosequi
1461 3133 1757 3201 didicerat;
1802 3135 1859 3190 in
1902 3136 2187 3191 Orientem
2228 3134 2491 3190 advectus
2538 3134 2595 3190 in
2638 3135 2937 3190 nonnullis

379 3218 622 3277 ecclesiis
652 3219 1332 3290 aliquam.distiuctionem
1369 3223 1795 3292 protocanonica
1831 3222 1978 3278 inter
2001 3231 2057 3278 et
2083 3221 2579 3278 deuterocanonica
2603 3219 2725 3276 fleri
2752 3221 2933 3286 vidit,

377 3305 523 3376 apud
552 3305 812 3362 rabbinos
835 3307 1056 3375 deinde,
1084 3325 1115 3364 a
1144 3307 1342 3379 quibus
1369 3308 1687 3365 hebraicam
1710 3310 1955 3382 linguam
1981 3308 2190 3376 didicit,
2212 3325 2327 3366 non
2350 3309 2558 3364 invenit
2586 3308 2759 3363 libros
2789 3307 2935 3390 deu·

379 3395 820 3460 terocanonicos;
858 3411 1001 3466 quac
1038 3411 1211 3468 quum
1249 3396 1542 3452 conciliare
1577 3412 1691 3453 non
1724 3405 1938 3467 posset,
1969 3397 2085 3467 ipse
2122 3398 2365 3452 incertus
2401 3396 2547 3451 inter
2584 3395 2765 3450 varias
2804 3397 2939 3452 illas

378 3481 674 3536 sententias
701 3481 938 3537 haerens
965 3499 1094 3538 mox
1119 3483 1280 3551 hanc,
1312 3499 1442 3538 mox
1475 3482 1629 3538 illam
1658 3492 1881 3539 secutus
1906 3491 2009 3539 est.
2047 3481 2162 3538 Ubi
2190 3483 2723 3540 deuterocanonicos
2752 3483 2939 3540 libros

381 3567 530 3622 velut
565 3569 859 3638 inspiratos
887 3569 1142 3640 adhibet,
1170 3587 1234 3626 ea
1265 3569 1475 3642 prodit,
1511 3587 1653 3642 quae
1682 3587 1714 3626 a
1741 3569 2043 3644 maioribus
2072 3572 2184 3626 suis
2222 3578 2512 3642 acceperat
2534 3570 2693 3626 testis
2726 3571 2935 3627 catho-

379 3656 516 3710 licae
553 3657 823 3724 veritatis3
869 3657 963 3712 ubi
1007 3674 1102 3713 eos
1146 3657 1450 3729 improbat,
1499 3659 1891 3730 magistrorum
1933 3673 2163 3712 suorum
2209 3657 2579 3712 hebraeorum
2620 3659 2939 3714 sententias

380 3745 590 3814 profert
638 3741 834 3799 doctor
876 3745 1138 3814 privatus,
1187 3745 1344 3800 cuius
1391 3746 1577 3815 opinio
1624 3745 1764 3800 tanti
1812 3744 2151 3800 aestimanda
2198 3753 2309 3811 est,
2344 3744 2535 3816 quanti
2576 3745 2767 3800 valent
2812 3747 2937 3801 eius

380 3839 734 3902 argumenta3
767 3831 864 3886 sed
892 3833 1231 3904 argumentis
1257 3847 1565 3904 numquam
1593 3831 2083 3888 deuterocanonica
2108 3831 2469 3903 impugnavit.

457 3999 516 4057 9.
543 4031 623 4041 —
659 3997 1092 4076 Singularibus
1131 3999 1480 4059 rationibus
1502 4045 1515 4069 ‚
1552 4000 1782 4076 quibus
1819 3999 2103 4058 diversae
2141 3997 2591 4057 nonnullarum
2626 3999 2939 4060 eeclesia—

379 4111 520 4153 rum
557 4111 717 4155 saec.
760 4098 818 4154 4.
862 4099 924 4154 et
960 4098 1019 4155 5.
1063 4096 1410 4155 sententiae
1457 4095 1536 4154 de
1570 4095 1827 4155 canonis
1864 4093 2105 4153 ambitu
2142 4092 2556 4169 explicantur,
2600 4097 2733 4154 tres
2770 4095 2938 4155 aliae

379 4191 800 4267 generaliores
847 4190 1154 4252 addantur
1215 4194 1495 4269 oportet,
1546 4190 1775 4266 quibus
1822 4189 1885 4248 in
1946 4189 2095 4248 satis
2147 4205 2371 4266 magna
2419 4189 2701 4250 Orientis
2752 4197 2939 4269 parte

379 4287 648 4362 genuina
699 4287 778 4347 de
837 4288 1080 4348 Veteris
1131 4287 1300 4347 Test.
1353 4302 1588 4346 canone
1638 4285 1893 4344 traditio
1954 4284 2347 4361 aliquantum
2395 4288 2492 4344 est
2542 4285 2931 4347 obscurata:

379 4379 716 4458 frequentes
745 4401 876 4442 cum
905 4381 1150 4443 Iudaeis
1172 4385 1639 4449 controversiae,
1671 4383 1886 4452 contra
1924 4396 2077 4456 quos
2108 4381 2227 4439 soli
2269 4381 2745 4458 protocanonici
2786 4383 2933 4444 libri

380 4475 664 4536 adhiberi
699 4483 1075 4555 potuerunt,
1097 4482 1461 4557 propaqatc'o
1490 4481 1690 4536 textus
1715 4475 2099 4553 haumar-is,
2138 4477 2199 4534 in
2241 4494 2369 4553 quo
2408 4476 2935 4540 deuterocanoni-

381 4573 470 4633 cis
499 4573 721 4633 eadem
744 4575 984 4635 ratione
1001 4621 1016 4648 ,
1040 4592 1165 4651 qua
1186 4573 1420 4652 spuriis
1438 4617 1452 4644 ,
1481 4572 1701 4631 obelus
1728 4575 1862 4631 erat
1886 4573 2202 4648 praefixus
2228 4571 2350 4650 (cfr
2370 4571 2624 4632 Dissert.
2652 4573 2729 4634 11.
2756 4575 2931 4655 §10),
