3050 5184
533 324 764 369 morsm<
807 323 1214 369 PENTATEUCBI
1253 322 1577 367 AUCTOREM
1616 322 1755 367 Essa
1796 324 2285 369 DEMONSTRATUR.
2458 326 2463 333 ‘
2568 311 2671 367 191

179 456 344 527 Moyse
367 454 550 526 scripti
573 455 956 523 credebantur,
988 464 1164 511 totam
1191 470 1384 510 eorum
1417 454 1587 510 vitam
1618 454 1961 527 religiosam,
1992 456 2239 524 civilem,
2280 456 2559 526 politicam
2586 472 2677 510 re—

177 541 382 613 gebant,
409 558 710 615 eorumque
747 542 1062 614 superbiam
1089 557 1256 613 quam
1285 542 1522 597 maxime
1551 540 1953 613 deprimebant.
1988 544 2137 598 Num
2168 544 2382 614 integer
2413 544 2675 614 populine,

177 630 312 685 nullo
349 630 676 687 reclamante
706 631 792 687 vel
825 638 1195 702 repugnante,
1235 629 1336 685 hos
1371 629 1546 685 libros
1583 628 1730 685 velut
1766 631 2035 687 mosaicos
2073 646 2103 685 a
2130 631 2314 686 nescio
2345 631 2544 701 quibus
2570 631 2677 686 im-

179 717 461 787 postoribus
483 718 586 775 sibi
609 716 830 775 obtrudi
853 718 1017 775 sivit?

242 870 292 926 4.
323 902 396 911 -—
420 868 631 929 Tertio
657 868 800 928 loco
829 869 1309 929 Psurnrnucuus
1337 884 1462 927 lrsn
1483 884 1665 927 suam
1696 868 2034 927 mosaicam
2055 866 2367 946 originem
2388 872 2673 928 testatur.

177 963 477 1025 Librorum
516 966 688 1025 enim
725 965 804 1025 de
844 981 911 1024 se
955 964 1106 1043 ipsis
1146 981 1378 1041 suaque
1418 964 1658 1041 origine
1699 964 2062 1024 testimonia
2098 964 2353 1023 firmum
2384 962 2681 1024 exhibent

175 1059 506 1121 authentiae
537 1064 1011 1140 argumentum,
1043 1060 1166 1120 nisi
1198 1059 1306 1120 illa
1335 1060 1487 1120 salsa
1513 1077 1650 1119 esse
1680 1060 1935 1121 aliunde
1966 1064 2135 1121 certo
2165 1064 2428 1120 constet.
2460 1061 2678 1138 Dupli-

177 1156 254 1214 cis
277 1162 479 1218 autem
507 1157 758 1236 generis
787 1161 932 1218 sunt
960 1156 1354 1229 testimonia,
1387 1174 1549 1234 quae
1593 1156 1659 1215 in
1689 1156 2121 1217 Pentateucho
2154 1156 2231 1216 de
2262 1158 2397 1216 eius
2426 1162 2679 1217 auctore

176 1250 576 1327 inveniuntur3
611 1254 676 1313 in
717 1253 860 1313 aliis
899 1252 1072 1313 enim
1120 1254 1362 1331 Moyses
1403 1256 1607 1313 certas
1637 1253 1961 1329 pericopas
1992 1252 2323 1330 scripsisse
2351 1253 2675 1322 asseritur,

176 1347 280 1407 alia
321 1349 631 1427 integrum
670 1365 830 1427 opus
869 1366 905 1408 a
945 1350 1156 1426 Moyse
1197 1348 1506 1426 scriptum
1546 1348 1783 1409 dicunt.
1828 1348 2221 1425 Quapropter
2266 1348 2677 1411 pentateuchi

175 1443 344 1520 ipsius
370 1446 734 1506 testimonio
764 1448 1019 1523 Moysen
1049 1446 1185 1505 eius
1216 1448 1538 1505 auctorem
1565 1444 2001 1517 demonstrari,
2028 1444 2162 1504 iure
2192 1444 2517 1505 asseritur.

235 1574 276 1619 1.
305 1567 504 1621 Ptioris
536 1566 754 1639 generis
789 1566 1102 1621 testimonia
1139 1574 1271 1621 sunt
1310 1573 1567 1636 quatuor.
1604 1563 1906 1620 Victoriam
1944 1564 2195 1634 precibus
2230 1566 2345 1619 suis
2385 1573 2440 1620 et
2482 1565 2680 1621 virtute

177 1652 342 1708 losuae
362 1652 430 1709 de
455 1654 772 1709 Amalccitis
799 1653 1030 1709 relatam
1051 1654 1270 1726 Moyses
1300 1672 1325 1703 α
1351 1652 1423 1707 ob
1447 1660 1870 1708 monumentum
1892 1652 1949 1707 in
1976 1651 2119 1708 libro
2140 1652 2379 1707 scribere
2405 1672 2428 1703 »
2446 1652 2486 1719 ¹,
2516 1661 2679 1723 atque

173 1739 344 1794 iterum
383 1740 576 1797 foedus
614 1750 939 1796 renovatum
975 1740 1151 1796 literis
1181 1738 1444 1795 mandare
1474 1740 1653 1795 iussus
1682 1748 1764 1794 est
1792 1738 2002 1805 (Exod.
2037 1744 2249 1808 34‚27);
2288 1746 2413 1811 post
2439 1740 2677 1810 primum

171 1835 331 1883 autem
359 1827 552 1884 foedus
587 1828 787 1883 initum
821 1848 846 1879 α
874 1829 1114 1900 scripsit
1148 1832 1376 1897 Moyses
1403 1827 1689 1882 universos
1716 1842 1996 1883 sermones
2021 1828 2245 1883 Domini
2284 1846 2305 1879 ι
2342 1827 2553 1893 (Exod.
2586 1832 2673 1893 2⁴,

169 1919 212 1979 4)
238 1924 288 1969 et
319 1931 508 1971 versus
547 1916 1052 1987 peregrinationum
1089 1914 1256 1970 linem
1301 1936 1324 1965 α
1357 1915 1675 1986 descripsit
1712 1914 1895 1970 iuxta
1932 1912 2281 1970 venundatum
2309 1916 2415 1971 Dei
2452 1936 2477 1964 n
2520 1930 2678 1969 man-

169 2000 324 2057 siones
361 2002 603 2059 filiorum
647 2003 817 2059 lsrael
855 2004 1050 2071 (Num.
1093 2008 1262 2072 333).
1303 2004 1557 2071 Quatuor
1599 2002 1821 2073 quidem
1862 2001 1997 2057 haec
2034 2003 2149 2057 sola
2194 2001 2313 2057 istis
2354 2002 2682 2058 testimoniis

167 2086 346 2146 diserte
367 2090 780 2146 demonstratur
799 2090 1078 2161 scripsisse
1093 2133 1108 2159 ,
1130 2090 1228 2145 sed
1251 2090 1465 2161 reliqua
1490 2103 1619 2145 eum
1642 2090 1807 2145 etiam
1830 2088 2109 2161 scripsisse
2129 2090 2249 2145 iure
2276 2089 2675 2145 concludimus.

169 2174 350 2233 Eadem
375 2178 526 2233 enim
553 2178 794 2248 ratione,
822 2194 931 2248 qua
967 2180 1300 2250 prophetae,
1331 2192 1672 2250 quamquam
1700 2178 1882 2233 omnia
1913 2177 2165 2233 vaticinia
2204 2192 2304 2233 sua
2336 2176 2675 2246 scribebant,

165 2265 408 2321 nonnulla
437 2274 623 2321 tamen
661 2264 910 2337 graviora
944 2264 1184 2321 scribere
1227 2264 1430 2321 diserte
1461 2263 1799 2320 iubebantur
1832 2273 1928 2320 aut
1964 2280 2023 2320 se
2060 2265 2339 2335 scripsisse
2368 2264 2567 2320 diserte
2596 2272 2680 2319 te-

167 2359 357 2407 stantur
383 2354 478 2420 (Is.
505 2358 662 2421 30‚8;
684 2356 888 2409 Ierem.
918 2357 1074 2421 30,2;
1099 2353 1302 2408 Ezech.
1331 2356 1526 2421 43‚11;
1559 2351 1713 2407 Hab.
1737 2357 1827 2418 2,2
1858 2356 2011 2419 etc),
2043 2354 2262 2425 Moyses
2291 2368 2511 2424 quoque
2542 2368 2676 2425 qua-

167 2446 276 2494 tuor
298 2441 390 2497 illa
416 2440 736 2513 gravissima
773 2439 1011 2496 scribere
1040 2439 1242 2496 diserte
1281 2438 1506 2512 quidem
1546 2448 1631 2495 est
1664 2440 1873 2509 iussus,
1916 2440 2151 2511 primam
2182 2438 2417 2495 foederis
2445 2440 2678 2495 sanctio-

167 2542 274 2581 nem
296 2530 520 2601 eiusque
547 2528 984 2597 renovationem,
1012 2528 1250 2599 primam
1291 2527 1576 2583 victoriam
1616 2526 1820 2582 auxilio
1860 2527 1963 2582 Dei
1990 2536 2362 2598 reportatam,
2388 2527 2678 2583 diuturnae

167 2616 600 2687 peregrinationis
628 2630 881 2687 poenam,
912 2614 1010 2673 sed
1041 2615 1254 2688 reliqua
1283 2630 1504 2687 quoque
1532 2614 1774 2669 scribere
1800 2613 2006 2669 debuit.

225 2707 272 2757 2.
300 2704 494 2760 Omnis
519 2700 792 2759 dubitatio
830 2702 1135 2759 excluditur
1172 2702 1294 2759 aliis
1330 2701 1507 2757 verbis
1544 2702 1599 2757 in
1638 2702 2069 2758 Deuteronomio
2110 2702 2296 2758 relatis
2328 2722 2341 2757 :
2379 2724 2403 2753 α
2436 2703 2679 2773 Scripsit

169 2790 342 2863 itaque
367 2795 592 2861 Moyses
611 2794 822 2861 Leqem
839 2792 986 2847 hanc
1005 2800 1061 2846 et
1077 2788 1305 2847 tradidit
1327 2806 1452 2846 eam
1470 2789 1916 2846 sacerdotibus...
1944 2790 2329 2861 praecepitque
2352 2790 2433 2845 eis
2449 2790 2673 2845 dicens:

166 2878 386 2947 Septimo
425 2894 648 2950 quoque
677 2892 852 2943 anno,
883 2892 1029 2934 anno
1061 2877 1426 2944 remissionis,
1455 2877 1513 2932 in
1550 2876 1919 2933 sollemnitate
1955 2875 2440 2932 tabernaculorum
2472 2893 2675 2932 conve-

165 2964 416 3023 nientibus
453 2966 670 3021 cunctis
706 2980 772 3019 ex
813 2966 1042 3021 Israel...
1076 2966 1223 3035 leges
1259 2966 1443 3020 verba
1479 2966 1649 3036 Leyis
1687 2964 1861 3019 leuius
1897 2978 2086 3019 coram
2124 2963 2271 3019 omni
2303 2964 2473 3019 lsrael
2509 2986 2533 3015 »
2567 2974 2672 3019 etc.

185 3056 332 3110 Dent.
363 3058 491 3120 31,ss
529 3068 686 3125 sqq.;
717 3052 800 3109 cir
829 3058 992 3123 31‚24
1019 3057 1186 3125 sqq.).
1217 3082 1290 3093 —-
1327 3053 1445 3107 lam
1483 3068 1613 3108 vcro
1650 3056 1732 3120 a.)
1761 3052 2112 3123 expressione
2155 3072 2183 3103 ιι
2213 3054 2419 3123 Leqem
2449 3054 2599 3108 hanc
2626 3071 2674 3117 ι»,

169 3166 188 3185 -1
209 3142 378 3198 rerba
395 3144 571 3215 Leqis
599 3141 769 3196 huius
798 3160 826 3195 ι
859 3140 1138 3212 integrum
1160 3138 1599 3195 Pentateuchum
1629 3138 1923 3212 designari,
1946 3138 2112 3195 docet
2136 3140 2413 3212 exegetica
2438 3140 2675 3196 Iudaeo-

165 3244 270 3285 uim
303 3229 556 3297 traditio,
595 3234 764 3300 quam
801 3229 860 3283 in
901 3227 1008 3283 hac
1048 3228 1366 3299 quaestione
1407 3227 1722 3299 relinquere
1763 3242 1877 3283 non
1915 3227 2072 3296 licet,
2105 3226 2231 3300 quia
2271 3226 2341 3283 de
2381 3238 2675 3300 praecepto

165 3318 370 3389 singulis
403 3316 706 3386 septenniis
738 3313 1024 3386 implendo
1062 3315 1272 3386 agitur;
1301 3315 1362 3370 in
1399 3313 1885 3372 tabernaculorum
1925 3314 2061 3370 sesto
2093 3323 2279 3371 autem
2316 3317 2446 3371 anni
2480 3316 2674 3372 remis·

163 3404 306 3459 sionis
324 3405 602 3475 integrum
625 3402 1064 3459 Pentateuchum
1089 3403 1197 3469 (vel
1221 3403 1404 3473 potius
1431 3422 1445 3458 ε
1473 3403 1763 3473 pericopas
1785 3418 1852 3458 ex
1878 3411 1997 3458 toto
2025 3402 2401 3458 Pentateucho
2426 3404 2673 3469 selectas)

165 3488 254 3561 lQi
277 3490 505 3556 debere,
533 3488 752 3545 rabbini
777 3506 998 3561 semper
1025 3488 1352 3547 docuerunt.
1377 3520 1450 3530 -
1482 3490 1559 3557 b.)
1585 3489 1693 3547 Sed
1721 3491 1768 3547 si
1797 3491 1917 3561 quis
1940 3506 2068 3545 cum
2094 3490 2374 3546 nonnullis
2396 3489 2675 3547 modernis

165 3576 532 3650 interpretibus
561 3578 838 3648 opinatur,
869 3578 1220 3648 expressione
1251 3597 1276 3629 ‹
1309 3577 1453 3633 hanc
1491 3578 1699 3651 Legem
1730 3599 1754 3629 n
1798 3579 1980 3633 solum
2002 3579 2499 3633 Deuteronomium
2526 3577 2671 3634 desi-

166 3668 322 3735 anari,
363 3668 644 3737 integrum
687 3673 874 3721 tamen
920 3673 1110 3721 manet
1155 3674 1573 3738 argumentum,
1623 3664 1895 3737 siquidem
1942 3666 2151 3737 priores
2196 3666 2365 3721 libros
2410 3682 2440 3720 a
2486 3668 2675 3737 Moyse

166 3766 260 3807 esse
294 3754 636 3824 conscriptos
671 3752 976 3809 concedere
1008 3754 1244 3825 cogitur,
1278 3753 1372 3824 qui
1407 3754 1905 3809 Deuteronomium
1943 3752 2012 3808 ab
2052 3769 2117 3808 eo
2156 3755 2527 3824 conscriptum
2556 3769 2675 3808 esse

165 3840 404 3897 concedit.
447 3839 670 3896 Etenim
707 3845 782 3907 α.)
825 3842 1322 3897 Deuteronomium
1356 3848 1541 3897 totum
1579 3856 1751 3913 quum
1790 3841 1851 3896 in
1886 3854 1987 3897 suo
2024 3840 2291 3897 historico
2333 3850 2453 3895 tum
2488 3841 2546 3895 in
2573 3856 2672 3895 suo

169 3924 440 3997 legislativo
487 3936 817 3999 argumento
859 3927 1248 3998 praecedentes
1281 3928 1452 3984 libros
1493 3928 1769 3999 supponit.
1803 3930 1985 3983 Prima
2024 3930 2215 3985 concio
2251 3929 2455 4000 Moysis
2484 3930 2669 3994 (Dent.

173 4020 300 4083 1-4.)
335 4017 500 4087 plena
544 4023 630 4071 est
665 4014 1054 4082 allusionibus,
1085 4031 1226 4087 quae
1261 4031 1329 4072 ex
1367 4015 1730 4087 praecedente
1767 4016 2082 4072 narratione
2122 4015 2477 4087 explicandae
2513 4024 2669 4083 sunt;

171 4100 314 4159 altera
340 4104 536 4159 concio
577 4104 761 4169 (Deut.
792 4108 846 4157 5.
885 4108 1060 4175 sqq.),
1092 4118 1233 4175 quae
1259 4104 1318 4158 in
1354 4104 1499 4175 Lege
1536 4102 1977 4159 commendanda
2012 4112 2281 4171 versatur,
2312 4101 2462 4157 haud
2498 4117 2671 4173 pauca

173 4200 426 4263 praecepta
453 4192 642 4263 magni
677 4192 942 4247 momenti
980 4190 1070 4257 (de
1098 4189 1447 4247 sacerdotum
1474 4191 1877 4262 levitarumque
1916 4190 2291 4257 distinctione,
2333 4189 2401 4245 de
2431 4190 2670 4245 immun—

171 4272 292 4335 ditiis
325 4279 622 4352 legalibus,
663 4277 734 4334 de
774 4277 1063 4335 connubiis
1103 4278 1392 4350 prohibitis
1429 4283 1561 4345 etc.)
1604 4287 1701 4335 aut
1740 4279 1945 4335 omittit
1986 4287 2083 4334 aut
2120 4278 2392 4333 levissime
2421 4278 2669 4355 attingit3

221 4459 272 4522 [1)
297 4462 463 4513 exod.
499 4464 661 4522 17,14.
691 4464 882 4514 Textus
921 4476 1136 4513 messor.
1175 4462 1328 4512 habet
1356 4464 1514 4535 Ἶξξῖξ.
1544 4462 1577 4511 i.
1610 4476 1655 4513 e.
1700 4462 1752 4513 in
1792 4462 1921 4513 libro
1959 4462 2055 4512 isto
2086 4461 2185 4511 iam
2223 4462 2450 4525 cognito,
2481 4462 2533 4513 in
2569 4476 2673 4527 quo

159 4564 224 4600 sc,
249 4560 407 4608 omnia
451 4559 642 4610 referre
678 4560 890 4610 solebat.
921 4558 1206 4610 Articulum
1243 4536 1571 4610 Alexandrini
1610 4558 1815 4623 quidem
1860 4572 1961 4608 non
1988 4563 2374 4623 expresserunt,
2408 4564 2673 4611 contextus

169 4636 308 4687 autem
339 4638 540 4689 ridetur
567 4638 842 4703 postulare.
