3050 5184
671 361 862 407 canon
905 365 1041 408 var.
1090 365 1257 408 rear.
1304 365 1677 410 nncnnrioan
1720 363 2010 410 murone.
2110 424 2117 432 ·
2414 365 2421 376 ·
2522 344 2599 404 35

125 492 172 552 S.
195 493 466 572 Synodus
498 496 864 556 Tridentina
905 499 1252 569 recensuit,
1285 514 1398 576 pro
1429 498 1627 560 sacris
1658 502 1721 558 et
1760 496 2075 558 canonicis
2102 511 2227 555 non
2257 493 2595 572 receperit,

123 596 204 650 aut
224 608 310 651 eos
336 590 616 652 divinitus
639 596 964 679 inspiratos
989 612 1114 654 esse
1145 599 1492 674 neqaverit,
1523 594 1853 655 anathema
1883 594 1966 653 sit
1998 615 2030 648 »
2064 589 2351 673 (Constit.
2383 590 2459 650 de
2491 587 2596 650 fid.

121 703 224 746 can.
247 691 288 748 4
308 687 385 750 de
412 688 660 769 revel.).

169 817 336 874 Multis
359 819 878 892 congregationibus
921 821 1342 892 particularibus
1381 830 1438 878 et
1477 821 1823 894 generalibus
1858 822 2050 877 Patres
2086 819 2155 876 de
2183 833 2394 875 canone
2431 815 2601 872 stabi·

119 903 262 960 liendo
293 917 552 978 egei-unu
593 908 745 964 illam
780 925 998 980 quoque
1037 909 1416 982 quaestionem
1457 909 1705 982 repetitis
1748 909 1955 966 vicibus
1998 908 2304 982 agitaruut,
2344 921 2477 961 num
2513 903 2601 960 di-

118 991 289 1050 stinctio
315 994 568 1051 facienda
592 1005 738 1052 esset
764 995 1051 1066 librorum,
1081 1016 1104 1049 α
1137 998 1234 1070 qui
1261 1007 1323 1054 ut
1351 997 1647 1054 authentici
1678 1006 1735 1054 et
1760 997 2013 1053 canonici
2038 1005 2095 1052 et
2121 1004 2183 1051 ut
2210 1011 2243 1051 a
2277 994 2475 1066 quibus
2498 1009 2597 1050 no-

117 1089 200 1134 stra
223 1081 352 1138 fides
373 1083 719 1155 dependeat,
749 1086 916 1156 recipi
944 1085 1210 1142 deberent
1236 1106 1259 1138 ι
1294 1101 1629 1158 eorumque,
1662 1106 1689 1137 α
1720 1085 1813 1158 qui
1846 1095 1906 1141 ut
1934 1084 2185 1142 canonici
2210 1092 2427 1140 tantum
2455 1091 2513 1138 et
2532 1081 2599 1140 ad

119 1165 380 1226 docendum
405 1170 596 1228 idonei
621 1180 679 1228 et
702 1173 1085 1245 adlegandum
1113 1174 1171 1229 in
1211 1174 1440 1230 ecclesia
1469 1174 1633 1230 utiles
1660 1194 1686 1225 n
1736 1172 2183 1239 admitterentur,
2212 1187 2393 1244 neque
2421 1171 2603 1227 minus

123 1256 346 1326 agitaruut
363 1259 602 1316 alteram
629 1260 1025 1332 quaestionem,
1078 1281 1103 1312 <t
1139 1277 1210 1317 an
1239 1262 1567 1335 aequaliter
1602 1267 1657 1318 et
1680 1264 1826 1335 pari
1864 1263 2202 1317 reverentia·
2242 1275 2435 1315 omnes
2477 1257 2603 1314 libri

127 1345 219 1398 aeri
242 1347 540 1418 reeipiendi
569 1357 767 1415 essent,
803 1365 976 1422 quum
997 1349 1143 1406 inter
1165 1349 1292 1406 illos
1333 1365 1535 1422 magna
1564 1359 1707 1406 esset
1740 1349 2049 1406 differentia
2090 1369 2139 1403 ιο.
2173 1346 2465 1416 Quomodo
2502 1345 2603 1402 has

133 1435 416 1498 questiones
457 1435 881 1492 diiudicaverint
901 1439 1120 1507 Patres,
1151 1436 1353 1495 docent
1394 1438 1603 1494 decreti
1636 1436 1833 1506 verba,
1865 1436 2012 1493 unde
2050 1437 2182 1492 satis
2224 1445 2392 1506 patet,
2436 1449 2599 1506 quam

129 1516 232 1592 longe
251 1538 281 1577 a
322 1539 456 1579 vero
496 1524 880 1581 aberraverint
905 1525 983 1581 illi
1009 1525 1254 1598 theologi
1289 1525 1712 1597 posttridentini,
1748 1524 1844 1598 qui
1878 1533 1973 1580 aut
2008 1541 2135 1582 cum
2163 1525 2331 1580 Sixto
2372 1524 2603 1578 Senensi

135 1607 342 1667 Bibliotb.
371 1627 522 1668 sacr.
555 1613 602 1670 1.
635 1628 689 1682 p.
717 1618 810 1678 44)
834 1614 1029 1670 saltem
1056 1612 1362 1687 fragmenta
1391 1614 1639 1672 Esther-is
1668 1631 1699 1670 e
1726 1629 1937 1670 canone
1964 1615 2161 1669 eiicere
2185 1613 2480 1667 voluerunt
2506 1620 2601 1666 aut

118 1707 204 1749 cum
217 1701 392 1772 Lamy
417 1701 652 1773 (Appar.
681 1700 866 1758 biblio.
893 1699 996 1758 Ed.
1027 1702 1324 1759 ovenetiis
1354 1709 1508 1758 1777.
1543 1718 1595 1774 p.
1626 1707 1749 1770 375)
1774 1710 1829 1757 et
1847 1702 2004 1758 [alm
2028 1701 2191 1766 (Einl.
2219 1704 2264 1756 1.
2294 1717 2344 1772 p.
2372 1703 2471 1754 140
2494 1701 2599 1770 sq.)

117 1779 582 1845 deutemcanonicis
607 1790 882 1846 minorem
905 1791 1292 1846 auctoritatem
1321 1789 1707 1846 attribuerunt.
1746 1791 1939 1862 Neque
1969 1790 2116 1845 enim
2144 1791 2336 1844 Patres
2363 1784 2599 1841 'triden-

115 1868 184 1924 tini
199 1885 548 1947 negaverunt,
575 1877 870 1933 nonnullos
889 1877 1176 1949 theologos
1191 1921 1204 1947 ,
1229 1877 1402 1933 immo
1421 1879 1719 1935 nonnullos
1740 1880 1935 1935 Patres
1956 1877 2027 1934 de
2056 1876 2322 1933 librorum
2348 1889 2601 1946 quorum-

113 1953 207 2014 dam
228 1964 552 2020 auctoritate
580 1973 636 2019 et
661 1964 1026 2022 canonicitate
1051 1965 1186 2021 olim
1213 1963 1510 2032 dubitasse,
1546 1972 1604 2020 at
1631 1963 1880 2035 diligenti
1906 1963 2153 2020 examine
2178 1963 2427 2018 instituto
2456 1963 2597 2018 anti-

113 2059 238 2113 quam
258 2049 615 2108 traditionem
645 2052 714 2108 de
741 2054 965 2128 canonis
992 2054 1274 2125 amplioris
1316 2051 1681 2119 alexandrini,
1715 2060 1903 2123 utpote
1932 2052 2001 2109 ab
2042 2050 2319 2123 Apostolis
2356 2050 2600 2107 ecclesiis

112 2133 261 2204 relicti,
297 2138 448 2196 libris
483 2139 747 2196 omnibus
774 2141 895 2213 pari
937 2141 1152 2211 pietatis
1181 2139 1384 2198 affectu
1410 2140 1739 2212 recipiendis
1767 2139 2169 2196 confirmarunt
2199 2137 2590 2211 omnibusque,

113 2229 256 2290 utpote
275 2224 536 2284 divinitus
562 2228 868 2300 inspiratis,
901 2228 1133 2285 eandem
1150 2227 1477 2302 dignitatem
1504 2227 1847 2300 eandemque
1876 2228 2264 2284 auctoritatem
2292 2226 2597 2283 attribuen-

113 2307 208 2366 dam
230 2329 336 2371 asse
358 2315 756 2373 definiverunt.

169 2507 244 2567 l'i.
271 2509 595 2572 —Sectae
639 2510 976 2588 pleraeque
1015 2511 1498 2588 protestanticae
1527 2511 1883 2588 oppositam
1920 2511 2485 2582 viam·tenuerunt;
2518 2509 2594 2569 li-

113 2599 222 2662 bros
236 2603 854 2677 deuterocanonicos‚
880 2624 1042 2684 quos
1061 2607 1328 2666 minoris
1354 2607 1679 2686 dignitatis
1705 2612 1769 2668 et
1795 2607 2183 2667 auctoritatis
2205 2607 2591 2680 iudicabant,

111 2695 184 2757 Ps,
211 2701 667 2764 Reformatores
689 2704 859 2764 velut
891 2727 922 2758 «
951 2703 1342 2781 apocryphos
1369 2728 1399 2758 »
1428 2702 1556 2764 iam
1591 2704 1655 2763 in
1683 2703 2100 2781 appendicem
2129 2703 2588 2781 relegaverant,

111 2797 156 2850 at
183 2812 272 2856 eos
310 2799 496 2860 utiles
536 2800 894 2878 legentibus
929 2801 1410 2861 declaraverant.
1443 2803 1677 2861 Eorum
1718 2804 1929 2860 autem
1976 2800 2090 2858 filii
2130 2799 2453 2878 paullatim
2488 2815 2597 2860 eos

111 2893 266 2968 magis
287 2898 620 2975 magisque
648 2897 916 2957 aversari
946 2900 1289 2974 coeperunt
1316 2901 1507 2975 atque
1539 2913 1613 2957 eo
1641 2912 1838 2974 usque
1861 2896 2177 2975 progressi
2209 2901 2351 2956 sunt
2379 2896 2591 2973 aliqui,

113 2990 264 3048 uicos
286 2993 500 3054 multis
526 2994 710 3053 libris
735 2993 1012 3072 profanis
1033 2992 1283 3072 peiores
1303 2995 1492 3071 atque
1514 2993 1657 3054 aliis
1680 2993 1861 3052 libris
1884 2992 2093 3071 pravis
2118 2992 2596 3071 periculosiores

111 3079 473 3150 declararent.
2602 3103 2611 3110 ·

159 3215 348 3275 Primae
379 3230 661 3278 sectarum
703 3239 730 3272 α
765 3219 1138 3277 consessiones
1176 3242 1201 3273 »
1226 3221 1518 3293 pleraeque
1565 3229 1879 3292 tenuerunt,
1924 3219 2447 3277 deuterocanonicos
2476 3241 2501 3271 α
2524 3221 2595 3276 ad

112 3297 323 3372 dogmata
347 3305 730 3366 confirmanda
761 3324 876 3364 non
905 3323 1066 3380 posse
1101 3307 1380 3376 adhiberi,
1412 3307 1508 3365 sed
1546 3309 1657 3380 legi
1691 3307 1762 3364 ad
1790 3308 2041 3380 exempla
2082 3309 2224 3363 vitae
2265 3316 2321 3362 et
2350 3305 2595 3364 forman-

112 3385 188 3442 dos
203 3408 408 3452 moras»
433 3395 632 3470 (conf.
657 3395 873 3454 Gallio.
900 3411 951 3452 a.
984 3401 1164 3464 1559„
1187 3405 1290 3452 art.
1314 3403 1364 3452 3.
1391 3403 1455 3465 ⁴3
1481 3394 1659 3470 ,Confi
1685 3397 1913 3469 Anqlic.
1938 3411 1989 3465 a,
2022 3401 2177 3452 1562.
2200 3403 2305 3450 art.
2332 3400 2395 3463 6;
2424 3395 2591 3470 Cous.

115 3477 168 3530 Π.
191 3483 336 3538 Helo.
359 3501 412 3540 a.
455 3491 614 3542 1564.
661 3493 766 3540 art.
803 3490 863 3552 13
899 3483 1070 3558 Cous.
1104 3484 1263 3553 Belq.
1295 3500 1347 3540 a.
1385 3489 1540 3539 1562.
1575 3491 1679 3540 art.
1720 3490 1773 3540 6.
1816 3489 1963 3551 ete.).
2004 3488 2264 3540 Attamen
2304 3484 2415 3538 iam
2448 3500 2593 3541 saec.

117 3569 178 3619 17.
199 3569 476 3629 calviniani
503 3587 727 3630 omnem
763 3587 990 3644 prorsus
1013 3573 1402 3628 auctoritatem
1437 3572 1589 3628 libris
1618 3572 1723 3627 illis
1758 3580 2033 3645 negarunt
2062 3573 2377 3644 multosque
2402 3572 2463 3628 in
2489 3572 2597 3629 illis

113 3665 285 3712 errores
301 3660 632 3718 invenerunt
653 3665 834 3728 (Acta
861 3675 988 3728 syn.
1019 3667 1148 3717 nat.
1175 3660 1468 3716 Dordrac.
1497 3676 1549 3716 a.
1582 3665 1771 3729 1618.;
1804 3659 1966 3732 Gont'.
1999 3664 2419 3716 Westmonast.
2454 3662 2499 3717 1.
2520 3661 2591 3732 3).

113 3740 179 3795 Ob
218 3745 388 3804 odium
432 3756 624 3805 autem
669 3747 1069 3814 catholicorum
1111 3748 1211 3819 (uti
1268 3748 1383 3819 ipse
1429 3747 1633 3804 fatetur
1678 3755 1989 3820 protestans
2033 3749 2235 3804 Straclt
2277 3748 2335 3804 in
2377 3750 2595 3821 Herzog

119 3827 162 3882 P.
181 3831 238 3886 R.
259 3835 319 3891 Ε.
347 3836 470 3893 VII.
502 3841 632 3904 450)
661 3835 850 3892 odium
873 3851 1096 3908 quoque
1128 3835 1396 3893 librorum
1433 3834 2057 3893 deuterocanonicorum
2094 3835 2240 3908 apud
2277 3839 2594 3892 Protestan-

117 3921 178 3970 tet
197 3923 371 3992 crevit;
399 3925 549 3981 inter
575 3937 768 3982 omnes
795 3925 1030 3980 maxime
1051 3939 1172 3982 sese
1208 3921 1454 3978 infensos
1484 3921 1849 3980 exhibuerunt
1874 3923 2268 3996 presbyteriani
2298 3925 2511 3980 scotiae
2542 3934 2597 3980 et

28 4023 30 4026 ’
127 4004 316 4075 -ἱιιςῐίειε,
346 4012 438 4082 qui
463 4012 630 4084 longe
669 4012 938 4068 maiorem
975 4011 1211 4068 aliarum
1247 4019 1524 4067 sectarum
1568 4020 1789 4083 partem
1824 4020 1949 4082 post
1984 4028 2043 4067 se
2082 4020 2395 4082 traxerunt,
2424 4013 2500 4068 ita
2534 4021 2595 4066 ut

123 4093 302 4152 Societas
323 4097 522 4156 biblica
547 4097 911 4156 Londinensis
939 4097 1028 4156 die
1063 4105 1113 4155 3.
1141 4099 1273 4156 Maii
1304 4103 1441 4155 1826
1466 4099 1645 4172 legem
1668 4099 1877 4168 tulerit,
1907 4100 2119 4156 nullam
2146 4101 2458 4170 scripturae
2486 4099 2593 4156 edi·

123 4175 306 4254 tiouun,
325 4202 484 4259 quae,
515 4207 543 4240 α
569 4188 914 4262 apocryphos
943 4208 969 4239 n
1004 4187 1300 4256 contineat,
1327 4203 1445 4243 esse
1474 4186 1907 4259 propagandam.
1930 4189 2157 4244 Frustra
2175 4187 2596 4260 presbyterianis

125 4277 212 4322 Sese
232 4285 587 4344 opposuerunt
613 4275 938 4344 Lutherani‚
970 4275 1059 4347 qui
1079 4275 1139 4331 in
1167 4274 1470 4330 editionum
1493 4291 1724 4332 suarum
1746 4275 2047 4346 appendice
2074 4275 2597 4333 deuterocanonicos

125 4353 334 4427 retinam
355 4378 486 4419 nam
513 4380 687 4436 quum
709 4379 806 4420 eos
831 4365 998 4420 etiam
1025 4385 1051 4416 α
1077 4363 1422 4436 apocryphos
1449 4383 1475 4414 a
1509 4363 1790 4435 appellent
1815 4371 1870 4420 et
1892 4364 1951 4420 in
1976 4363 2055 4420 eis
2082 4378 2297 4420 errores
2326 4361 2597 4438 falsasque

129 4437 356 4505 doctrinas
377 4451 622 4508 invenire
651 4452 848 4522 velint,
884 4452 984 4509 sibi
1025 4452 1132 4524 ipsi
1165 4467 1279 4508 non
1320 4459 1602 4522 constant,
1636 4449 1917 4524 quomodo
1954 4451 2098 4507 enim
2137 4453 2341 4524 populo
2364 4454 2596 4526 simplici

127 4521 260 4588 libros
280 4551 450 4596 sacros
475 4555 586 4597 una
608 4555 740 4598 cum
766 4541 912 4612 aliis,
940 4539 1033 4614 qui
1061 4556 1276 4598 errores
1303 4541 1641 4612 contineant,
1670 4539 1891 4598 tradere
1914 4542 2176 4612 possunt?
