3050 5184
795 314 871 358 nn
894 302 1219 360 'caninum
1262 311 1688 359 nnnnslcontm
1731 313 2066 360 srncmnus,
2587 298 2700 356 301

182 439 392 498 Cantico
435 442 638 514 cant.)‚
663 451 723 499 at
764 443 896 500 solis
942 445 1231 518 colloquiis
1270 453 1329 500 et
1372 445 1603 518 poeticis
1646 442 2110 514 descriptionibus
2137 461 2252 500 non
2298 444 2560 500 constitui
2590 442 2706 498 veri

184 528 407 584 nominis
432 529 623 586 drama
661 540 811 588 recte
836 540 1049 588 tenent.
1919 595 1924 602 ,

242 617 500 673 Nonnulli
523 626 763 690 quatuor
785 635 1014 692 poeseos
1038 620 1333 692 generibus
1360 620 1617 692 quintum
1645 620 1705 676 in
1731 619 1848 675 sola
1867 620 2148 692 Scriptura
2171 626 2504 692 usurpatum
2531 618 2698 674 adnu-

182 717 379 760 merare
415 706 633 772 volunt,
674 720 751 762 sc.
792 707 1227 780 propheticum,
1269 708 1534 780 quoniam
1575 707 1880 780 prophetae
1923 722 2038 762 non
2072 715 2290 763 tantum
2331 705 2702 779 parallelismo

182 791 377 856 poetico
405 801 461 847 et
480 793 793 849 elocutione
823 795 1037 867 poetica
1066 811 1231 867 saepe
1268 804 1523 862 utantur,
1554 793 1654 850 sed
1683 793 1942 850 vaticinia
1981 809 2202 866 quoque
2239 793 2391 850 haud
2415 809 2588 865 pauca
2613 789 2702 866 ge-

181 877 346 932 nuinis
374 880 717 937 carminibus
744 881 1049 952 proferant.
1085 885 1239 953 Quae
1268 899 1381 938 non
1409 898 1704 955 negamus3
1733 880 1832 936 sed
1871 880 2070 936 eodem
2100 881 2290 962 modo,
2316 897 2426 953 quo
2453 881 2703 936 Psalmos

180 964 543 1035 propheticos»,
575 969 742 1024 etiam
772 971 1028 1026 vaticinia
1056 971 1270 1030 noetica
1301 969 1371 1026 ad
1400 971 1633 1034 lyricum
1673 983 1849 1036 genus
1877 969 2152 1040 pertinere
2179 983 2486 1026 censemus,

246 1115 301 1172 2.
329 1147 409 1160 —
438 1115 720 1194 Lyncum
748 1136 947 1196 genus
983 1121 1189 1179 varias
1218 1119 1665 1196 complectitur
1688 1117 1961 1195 specieS‚
1983 1134 2136 1195 quas
2157 1118 2520 1178 nominibus
2544 1134 2700 1194 quo-

178 1225 283 1283 que
304 1217 531 1288 poetae
552 1216 715 1276 sacri
735 1214 1027 1276 videntur
1046 1215 1426 1277 distinxisse.
1452 1217 1535 1275 At
1554 1214 1857 1292 quoniam
1877 1213 1956 1274 de
1975 1213 2414 1275 hebraicorum
2433 1215 2702 1273 istorum

178 1307 491 1368 nominum
520 1308 981 1386 significatione
1007 1311 1167 1373 nihil
1197 1311 1351 1372 certi
1382 1316 1478 1372 est
1496 1310 1831 1383 traditum,
1861 1315 2231 1388 argumento
2255 1315 2469 1370 autem
2495 1315 2557 1370 et
2584 1309 2701 1369 for-

179 1417 271 1460 ma
294 1405 575 1464 carmina
603 1406 799 1482 lyrica
838 1408 1137 1486 pleraque
1157 1454 1173 1480 ‚
1206 1425 1367 1485 quae
1408 1407 1588 1469 nobis
1629 1411 1774 1467 sunt
1818 1410 2212 1480 conservata,
2243 1406 2408 1466 inter
2449 1423 2516 1466 se
2557 1409 2701 1466 sunt

178 1499 461 1570 finitima,
488 1503 735 1579 species
767 1504 907 1564 illae
934 1521 1117 1582 aegre
1150 1504 1644 1582 distinguuntur,
1675 1504 1766 1563 ita
1784 1507 1854 1562 ut
1880 1519 2005 1562 non
2035 1502 2156 1562 nisi
2183 1503 2384 1580 magis
2409 1502 2700 1562 minusve

176 1594 533 1657 verisimilia
566 1598 645 1658 de
670 1599 749 1658 iis
778 1601 965 1660 statui
995 1601 1261 1679 possint.

231 1715 525 1773 Communi
544 1720 767 1776 nomine
795 1722 979 1777 omnia
1002 1731 1253 1793 poemata
1282 1722 1475 1796 lyrica,
1505 1722 1676 1778 etiam
1705 1721 1816 1790 illa,
1846 1736 1987 1794 quae
2012 1720 2202 1776 cantui
2225 1735 2328 1776 nec
2347 1727 2505 1775 erant
2525 1717 2697 1774 desti-

175 1820 287 1867 nata
313 1829 417 1870 nec
438 1815 811 1871 inserviebant
838 1817 939 1882 (uti
958 1818 1246 1874 Canticum
1268 1819 1449 1886 Cant.)
1479 1817 1737 1892 Sckirim
1764 1808 2013 1897 (ol-1225,
2045 1813 2244 1888 ᾅσὲιατα
2266 1817 2352 1872 vel
2372 1815 2522 1888 ᾠδαῖς
2549 1831 2698 1870 Gan·

174 1927 285 1980 tica
311 1942 342 1982 a
365 1927 492 1983 rad.
536 1923 655 2009 Ἶῖιῤ
684 1935 917 1997 canere)
944 1931 1393 2003 appellabantur3
1416 1940 1472 1987 at
1500 1931 1698 1988 eodem
1725 1932 1950 1988 nomine
1977 1931 2254 2005 designari
2281 1931 2448 1986 etiam
2477 1929 2698 1984 videtur

171 2036 451 2088 canticum
465 2076 481 2101 ‚
503 2034 665 2106 quod
681 2034 815 2091 sola
832 2051 969 2091 voce
990 2035 1429 2094 modulabatur
1454 2036 1574 2092 sine
1601 2037 2095 2094 instrumentorum
2123 2035 2462 2092 musicorum
2489 2033 2696 2088 sociata

172 2129 456 2186 concordia
487 2132 605 2200 (Ps.
637 2134 772 2201 45.),
812 2141 978 2204 atque
1022 2132 1097 2188 ita
1138 2133 1435 2204 opponitur
1474 2131 1917 2204 frequentissimo
1943 2132 2154 2189 nomini
2181 2133 2426 2188 Mizmor
2447 2121 2692 2212 (ἾῚῺᾨῼ,

170 2232 377 2304 ᾲαλμός,
406 2236 697 2307 psalmus),
725 2253 836 2308 quo
859 2238 1169 2310 appellatur
1195 2239 1492 2295 canticum
1516 2238 1602 2294 ad
1625 2237 1978 2294 choram-um
2011 2237 2280 2310 (psalterii
2307 2237 2389 2291 vel
2426 2209 2693 2300 citharae)

170 2337 359 2377 sonum
390 2322 835 2380 decantandum
854 2329 976 2394 (Ps.
1010 2331 1065 2382 3.
1097 2332 1151 2381 4.
1185 2333 1239 2382 5.
1276 2326 1441 2398 etc.);
1468 2325 1583 2382 duo
1611 2327 1835 2382 nomina
1870 2325 2152 2382 interdum
2173 2324 2531 2380 inveniuntur
2558 2337 2694 2377 con-

171 2407 335 2466 iuncta
366 2410 514 2467 sorte
543 2410 615 2466 ad
638 2412 733 2467 illa
756 2413 1003 2470 carmina
1034 2412 1405 2486 designanda,
1430 2428 1574 2485 quae
1608 2422 1706 2469 aut
1733 2415 1849 2470 sola
1879 2429 2013 2470 voce
2045 2422 2142 2468 aut
2170 2429 2280 2470 una
2310 2428 2438 2467 cum
2467 2409 2696 2466 citharis

171 2503 593 2564 decantabantur
626 2512 740 2575 (Ps.
777 2515 867 2566 65.
898 2515 984 2566 66.
1018 2516 1107 2566 67.
1147 2514 1297 2578 etc.).
1336 2541 1409 2551 —
1444 2510 1683 2565 Nomine
1709 2511 1931 2566 Maskil
1963 2490 2218 2594 (¹72qu,
2261 2510 2494 2570 συνέσεως
2519 2507 2602 2562 vel
2627 2507 2694 2568 εἰς

168 2610 373 2682 σύνεσιν,
398 2615 583 2686 Vuly.
614 2614 927 2671 intellectus
948 2617 1035 2671 vel
1054 2615 1493 2688 intelligentiae),
1521 2631 1632 2687 quo
1661 2614 1930 2670 tredecim
1957 2593 2164 2670 Psalmi
2186 2615 2295 2686 (31.
2325 2620 2414 2670 43.
2441 2618 2530 2668 44.
2563 2614 2689 2682 etc.)

167 2697 554 2772 insigniuntur,
590 2701 897 2758 secundum
928 2703 1169 2759 nominis
1210 2703 1606 2775 etymologiam
1638 2711 1733 2758 aut
1769 2703 2014 2758 carmina
2055 2702 2330 2758 didactica
2361 2709 2458 2756 aut
2493 2700 2694 2756 rectius

162 2788 290 2856 piae
316 2789 747 2846 meditationes
774 2791 1041 2862 poeticae
1074 2791 1453 2863 designantur.
1486 2821 1559 2831 —
1585 2793 1690 2846 Sex
1721 2789 2060 2846 carminibus
2089 2791 2206 2860 (Ps.
2250 2794 2336 2846 15.
2367 2793 2572 2844 55.-59.
2610 2786 2694 2842 cfr

168 2883 316 2938 etiam
351 2891 431 2942 Is.
472 2890 621 2953 38‚9)
658 2886 981 2959 praeligitur
1026 2903 1231 2943 nomen
1276 2887 1582 2943 Miletltam
1620 2877 1853 2972 (ῦῌᾎζ),
1895 2888 2265 2959 στηλογραφία,
2319 2885 2494 2958 Vulq.
2543 2885 2690 2942 tituli

164 2987 480 3060 inscriptio),
516 2989 667 3062 quod
696 2991 1057 3064 etymologice
1096 2992 1403 3064 explicatur
1430 2991 1746 3063 ἐπίγραμμα,
1778 2992 1817 3046 i.
1851 3007 1900 3046 e.
1933 3007 2169 3047 carmen
2197 2996 2569 3046 monumento
2598 2992 2690 3046 in-

164 3076 533 3148 rmlpendum
564 3087 658 3133 aut
684 3079 859 3134 menti
884 3087 1003 3134 tam
1030 3078 1330 3151 profunde,
1363 3095 1532 3150 quam
1574 3080 1736 3151 cippo
1763 3079 2070 3150 inscriptio,
2098 3079 2471 3152 infigendum3
2503 3079 2686 3134 omnia

166 3161 583 3222 deliberatione
618 3181 681 3222 ex
720 3167 939 3239 magnis
968 3166 1413 3223 tribulationibus
1450 3175 1625 3238 agunt
1662 3176 1828 3238 atque
1864 3167 1924 3221 in
1950 3183 2051 3224 sua
2087 3175 2372 3230 structura⁸
2392 3166 2450 3222 id
2483 3165 2694 3222 habent

166 3265 478 3321 commune,
504 3261 568 3308 ut
593 3269 761 3310 unam
790 3255 1119 3310 sententiam
1149 3253 1533 3326 gravissimam
1571 3253 1838 3327 singulari
1866 3253 2032 3310 modo
2061 3255 2212 3310 velut
2240 3253 2528 3326 ἐπίγραμμα
2558 3270 2690 3325 pro-

166 3349 377 3406 ponant.
404 3369 481 3382 —
501 3342 741 3398 Nomine
768 3341 1130 3414 Schiqqaz'on
1159 3343 1275 3413 (Ps.
1306 3348 1339 3397 7
1348 3364 1385 3410 .;
1416 3343 1574 3397 Hah.
1608 3345 1681 3406 3.)
1712 3342 1952 3413 antiquis
1975 3342 2370 3415 interpretibus
2397 3341 2509 3398 iam
2535 3343 2690 3398 inco-

164 3435 304 3503 guito
332 3427 537 3523 (ῘῚῚΞὩῘ
570 3437 741 3494 Alex.
780 3438 995 3510 ψαλμός,
1025 3446 1155 3510 Aq..
1192 3438 1385 3510 ψαλμδς
1420 3438 1538 3509 ὑπὲρ
1578 3437 1830 3508 ἀγνοεὶας,
1868 3439 2086 3508 Symm.
2129 3447 2184 3494 et
2216 3441 2385 3495 Hier.
2427 3439 2687 3511 ἀγνόημα,

162 3539 447 3612 ignoratio)
480 3543 945 3614 ditltyrambum
984 3544 1160 3614 (hebr.
1197 3565 1221 3594 α
1254 3559 1479 3600 carmen
1511 3543 1811 3599 erraticum
1845 3548 1896 3610 n)
1938 3542 2214 3615 designari
2251 3543 2506 3600 moderni
2547 3561 2688 3600 non-

166 3629 288 3684 mlli
330 3649 449 3688 non
486 3631 927 3702 improbabiliter
967 3632 1341 3688 coniecerunt.
1372 3661 1445 3673 —
1470 3635 1519 3686 Α
1549 3631 1726 3688 forma
1754 3646 1853 3686 sua
1881 3630 2049 3687 etiam
2090 3631 2406 3702 quindecim
2451 3632 2690 3702 psalmos

164 3718 443 3786 graduales
480 3722 597 3788 (Ps.
645 3719 943 3789 ila-133.)
978 3734 1180 3776 nomen
1210 3735 1373 3776 suum
1402 3720 1696 3790 accepisse,
1729 3719 2000 3775 sententia
2042 3734 2157 3774 non
2191 3719 2570 3791 improbabilis
2605 3729 2690 3777 est

166 3816 520 3872 recentiorum
538 3816 937 3888 interpretum;
955 3817 1273 3872 «canticum
1292 3814 1568 3889 graduum
1589 3815 1778 3872 »enim
1817 3795 2088 3896 (Πῇ-ιζζῦζῑ
2119 3807 2260 3896 viti,
2301 3812 2405 3887 ᾠδὴ
2434 3819 2532 3866 τῶν
2561 3813 2686 3866 ἀνα-

166 3917 369 3992 εαθμῶν)
392 3921 733 3992 appellatum
760 3920 993 3992 videtur,
1028 3921 1156 3993 quia
1185 3941 1211 3973 α
1238 3921 1600 3993 qradatim»
1631 3921 1750 3977 eius
1778 3921 2028 3993 procedit
2049 3920 2243 3990 oratio,
2277 3921 2354 3976 ita
2378 3919 2600 3991 quidem
2627 3928 2686 3974 ut

166 4009 527 4066 antecedentis
563 4011 869 4066 sententiae
904 4025 1035 4081 pars
1068 4010 1139 4067 ab
1176 4009 1338 4065 initio
1374 4009 1762 4082 subsequentis
1799 4007 1974 4079 repeti
2011 4015 2068 4064 et
2101 4007 2260 4064 novis
2288 4005 2684 4063 vocabulorum

166 4104 325 4174 copiis
351 4105 544 4179 augeri
570 4115 626 4162 et
649 4107 809 4178 quasi
836 4105 1135 4162 ascendere
1164 4106 1356 4163 soleat.
1387 4137 1455 4146 —
1474 4105 1715 4162 Nomina
1750 4103 1997 4176 Tefillah
2016 4083 2236 4196 (Πῐῗξῐῇ,
2268 4104 2538 4174 aponum,
2557 4119 2685 4160 ora-

165 4215 249 4287 tio)
278 4227 333 4276 et
354 4219 631 4276 Tehillali
670 4199 891 4302 (abr-m,
930 4221 1129 4290 αἴνεσις,
1180 4220 1440 4292 laudatio)
1490 4219 1561 4276 ab
1589 4227 1916 4294 argumento
1963 4217 2142 4290 potius
2189 4227 2246 4274 et
2274 4218 2673 4288 destinatione,

166 4337 317 4391 quam
342 4341 377 4382 a
412 4335 689 4384 structura
734 4327 1073 4398 psalmorum
1118 4326 1371 4383 desumta
1414 4335 1562 4382 sunt.
1593 4355 1666 4368 ·—
1692 4325 1906 4395 Quibus
1946 4323 2264 4379 nominibus
2308 4324 2370 4378 in
2409 4325 2678 4380 Psalterio

164 4411 365 4470 usitatis
386 4415 645 4472 addimus
672 4414 851 4483 aliud,
894 4431 1007 4489 quo
1034 4413 1277 4472 maxime
1306 4415 1582 4471 carmina
1607 4413 1896 4487 luqubria
1921 4426 2018 4468 seu
2047 4411 2265 4482 eleqiae
2292 4411 2676 4483 appellantur:

162 4507 399 4567 Threnos
434 4512 701 4568 ieremias
729 4511 800 4567 ab
836 4511 1104 4568 Hebraeis
1134 4512 1321 4568 vocari
1350 4511 1568 4584 Qinotlt
1601 4503 1821 4593 (Μ’)Ῥ,
1857 4509 2053 4579 θρῆνοι,
2085 4507 2526 4576 lamentationes)
2555 4526 2682 4567 mo-

164 4604 249 4650 net
270 4600 327 4654 S.
355 4600 727 4674 Hieronymus
750 4599 853 4668 (cfr
880 4601 1047 4656 etiam
1071 4607 1104 4655 2
1131 4604 1254 4674 Req.
1288 4607 1445 4670 1,1⁷;
1474 4605 1527 4655 2.
1567 4597 1769 4655 Pan-al.
1803 4603 1964 4667 35225
1991 4597 2141 4670 etc.).
