3050 5184
418 325 537 383 1Ξο
614 338 771 383 msr.
817 338 1103 383 11111111οΜ
1144 338 1221 380 m·
1264 336 1636 381 vnnsmuun.
1679 354 1760 367 -
1799 338 1927 381 cAP.
1975 338 2054 381 vr.
2101 338 2176 382 1111
2219 338 2424 382 nomm
2467 337 2580 381 usu
2619 334 2882 381 cni-nco.

418 469 583 541 pius).
628 468 925 525 Catholicis
968 478 1158 524 tamen
1198 468 1373 539 magis
1420 467 1760 538 probabatur
1807 469 1992 524 versio
2037 472 2207 525 Ιοαπ.
2235 468 2656 540 Dietenberqer,
2707 468 2974 522 canonici

422 558 675 629 Mogunt.
722 558 1063 629 (moguntiae
1112 561 1269 611 1534.
1310 564 1366 611 01
1406 555 1770 626 saepissime),
1813 572 1956 627 quae
1979 572 2012 612 a
2043 559 2221 629 Casp.
2260 556 2606 627 Ulzlemberq
2643 555 2842 611 Colon.
2893 556 2978 609 ad

419 653 633 700 textum
658 643 929 717 Vulgatae
956 643 1333 699 Clementinae
1372 652 1630 699 revocata
1657 643 1938 715 (Coloniae
1989 650 2145 700 1631.
2193 652 2250 699 01
2289 642 2624 714 saepissime)
2667 658 2852 713 usque
2899 642 2980 697 ad

420 732 589 787 finem
622 732 828 787 saeculi
873 726 1251 803 praecedentis
1292 730 1612 801 pervulgata
1651 740 1789 799 erat,
1836 746 2008 803 quum
2029 732 2102 787 ab
2145 747 2210 787 ea
2241 732 2718 803 interpretationes
2755 730 2976 785 Thom.

422 825 532 891 Aq.
562 817 830 885 ΕνΙιανά,
861 817 1369 875 Benedictinorum
1392 818 1758 885 Etterltet'm..
1782 820 2012 889 anatiz'
2041 823 2130 873 W
2125 820 2553 875 eitenaueretc.
2579 816 2976 889 dependeant.

422 908 668 961 Exeunte
696 914 881 961 autem
928 920 1071 961 saec.
1122 903 1483 976 praecedente
1524 921 1728 961 novam
1757 906 2070 961 versionem
2095 906 2271 962 edidit
2297 911 2374 962 H.
2402 911 2612 963 Braim
2641 906 2984 977 (Augsburg

427 998 582 1049 1788.
614 994 791 1064 sqq.),
822 1008 963 1063 quae
992 1008 1028 1047 a
1053 996 1134 1047 M.
1168 992 1347 1048 Feder
1372 1000 1672 1049 retractata
1699 993 2013 1067 (Nurnberg
2051 994 2232 1065 1803.)
2263 992 2686 1050 fundamentum
2717 1002 2805 1048 est
2837 1010 2984 1048 ver-

424 1081 591 1135 sionis
618 1095 649 1134 a
675 1084 769 1137 Fr·
801 1082 917 1135 Ios.
941 1080 1159 1135 Auiola·
1190 1079 1497 1151 (Landshut
1538 1087 1694 1135 1830.
1723 1090 1779 1135 01
1814 1080 2148 1151 saepissime)
2182 1079 2483 1137 adornatae
2510 1090 2568 1137 et
2593 1079 2764 1137 hodie
2791 1096 2982 1152 quam

425 1168 663 1223 maxime
700 1167 973 1239 vulgatae.
1002 1166 1183 1223 Aliam
1218 1183 1423 1223 novam
1464 1168 1776 1223 versionem
1822 1168 2117 1225 ediderunt
2163 1174 2236 1225 V.
2283 1170 2440 1224 Locle.
2485 1178 2543 1225 et
2586 1172 2688 1223 W.
2729 1170 2984 1224 Reisclal

426 1253 808 1327 (Regensburg
839 1260 1152 1322 1818.-66.;
1186 1254 1289 1311 Ed.
1322 1261 1374 1309 3.
1418 1256 1625 1325 1886).
1655 1256 1874 1311 Novum
1899 1258 2050 1311 Test.
2083 1264 2365 1312 verterunt
2393 1261 2440 1312 l.
2472 1260 2548 1311 H.
2579 1258 2984 1311 Kistemalcer

427 1340 698 1412 (Miinster
731 1348 909 1408 1818.)
936 1351 997 1399 et
1016 1348 1088 1399 B.
1123 1342 1444 1398 Weinlaeart
1472 1342 1774 1414 (Miiucben
1806 1347 2006 1409 1865.).

496 1430 947 1487 ῙὶοιιΑΝυιοΑΜ
974 1430 1282 1486 versionem
1308 1430 1620 1502 antiquam,
1664 1444 1806 1503 quae
1839 1430 2060 1486 Delftae
2098 1437 2254 1487 1475.
2301 1430 2606 1501 prodierat,
2639 1433 2984 1487 retractavit

426 1508 557 1571 Nic.
598 1520 731 1572 Van
771 1517 997 1591 {Vinqh
1032 1517 1279 1585 (Lovanii
1316 1520 1525 1587 1548),
1566 1516 1802 1575 eandem
1837 1517 2107 1590 vulgatae
2145 1518 2520 1574 clementinae
2555 1517 2982 1590 adaptaret-unt
3040 1568 3041 1573 ,

428 1603 684 1676 tlieoloyi
706 1608 1095 1660 Lovam'emes
1118 1606 1489 1676 (Antwcrpiae
1514 1609 1714 1673 1599),
1745 1619 1886 1677 quae
1913 1606 2228 1661 retractatio
2251 1606 2422 1661 etiam
2445 1605 2610 1661 hodie
2638 1606 2694 1659 in
2723 1620 2831 1661 usu
2859 1618 2974 1661 esi.

426 1693 609 1746 Novas
654 1708 780 1747 suas
806 1692 1190 1748 translationes
1212 1707 1325 1747 non
1372 1693 1809 1747 terminaverunt
1833 1696 1902 1749 G.
1947 1696 2125 1749 Smets
2161 1700 2218 1749 et
2240 1698 2306 1748 P.
2346 1710 2465 1748 van
2499 1696 2696 1757 Hove,
2721 1695 2794 1749 Ο.
2823 1696 2978 1750 Min-
3039 1680 3041 1691 ¹

428 1779 791 1850 (Antwerpiae
822 1785 979 1835 1744.
1002 1784 1168 1851 sqq.),
1198 1779 1258 1836 S.
1290 1782 1549 1852 Lipman
1575 1780 1736 1851 (Nov.
1767 1782 1914 1839 ,Test.
1949 1780 2402 1853 Hertogenbosch
2436 1784 2644 1849 1861.)‚
2683 1781 2785 1835 Th.
2821 1787 2973 1837 Bee-

428 1866 521 1922 len
548 1866 706 1936 (Nov.
735 1870 883 1923 Test.
914 1868 1141 1922 Lovanii
1169 1873 1325 1923 1859.
1358 1884 1505 1939 sqq.;
1537 1868 1744 1923 Psalmi
1772 1876 1829 1923 et
1854 1867 1982 1924 libri
2019 1868 2236 1939 poetici.
2281 1874 2435 1924 1878.
2469 1869 2634 1939 sqq.),

496 1953 787 2010 Catholicis
811 1956 1091 2011 Auernus
1118 1954 1247 2009 inde
1292 1954 1361 2011 ab
1404 1970 1457 2009 a.
1510 1960 1668 2010 1582.
1710 1955 1797 2010 vel
1845 1960 1998 2011 1609.
2041 1957 2280 2021 (Novum
2313 1958 2464 2011 Test.
2501 1955 2972 2022 Rbemis1582.;

427 2042 743 2112 Utrumque
785 2044 936 2097 Test.
983 2042 1159 2097 Duaci
1189 2042 1368 2113 1609.)
1404 2042 1634 2097 inservit
1679 2043 1791 2098 The
1825 2047 2042 2113 Douay
2079 2042 2282 2111 Bible,·
2319 2043 2500 2098 versio
2540 2042 2677 2098 baec
2715 2058 2753 2099 a
2789 2046 2968 2099 Rich.

427 2128 723 2183 Cballoner
767 2144 817 2184 a.
852 2134 1008 2186 1750.
1040 2129 1330 2187 0111οη11313
1364 2144 1396 2185 3
1434 2130 1604 2186 Conc.
1649 2130 2140 2186 Baltimorensibus
2173 2136 2352 2197 (1810.
2393 2135 2572 2197 1820.)
2611 2130 2671 2185 111
2699 2133 2972 2188 America

428 2218 723 2286 Septemtr.
755 2224 811 2271 et
838 2216 905 2272 ab
928 2216 1226 2273 Hiberniae
1255 2217 1524 2288 episcopis
1553 2233 1606 2273 a.
1642 2223 1796 2273 1857.
1829 2218 2131 2289 approbata
2161 2227 2265 2274 est.

497 2306 649 2358 Inter
674 2304 951 2360 Gutus
979 2300 1272 2371 versione3‚
1302 2320 1443 2377 quae
1471 2304 1682 2361 multae
1709 2314 1856 2374 sunt,
1886 2305 2038 2361 nulla
2065 2304 2386 2377 pervulgata
2409 2304 2518 2360 dici
2546 2312 2758 2376 potest3
2789 2311 2974 2363 maio-

426 2406 545 2446 rem
572 2398 757 2445 tamen
783 2389 1083 2462 quamdam
1110 2391 1493 2447 auctoritatem
1518 2391 1624 2447 sibi
1649 2392 1937 2464 acquisivit
1960 2393 2248 2448 translatio
2274 2397 2396 2447 Iac.
2429 2393 2618 2449 Fabri
2645 2393 2974 2465 stapulen-
3040 2444 3041 2459 ἶ

427 2479 513 2534 sis
532 2478 882 2549 (1523.—28.)‚
911 2488 1204 2550 postquam
1226 2494 1257 2532 a
1281 2479 1716 2537 Lovaniensibus
1742 2496 1838 2551 per
1859 2480 1988 2536 Nic.
2015 2480 2090 2536 de
2112 2484 2298 2536 Leuze
2321 2488 2614 2535 retractata
2635 2488 2690 2535 et
2708 2492 2974 2537 correcta

428 2572 513 2619 est
540 2564 783 2635 (Lovauii
820 2572 977 2621 1550.
1008 2570 1168 2635 010.);
1205 2566 1275 2621 ab
1310 2567 1401 2623 illa
1438 2567 1609 2623 etiam
1647 2568 1962 2637 dependent
1999 2568 2276 2623 versiones
2310 2570 2472 2625 Petri
2513 2567 2588 2623 de
2622 2572 2800 2623 Besae
2839 2570 2972 2639 (Pa-

428 2651 505 2707 ris
542 2656 720 2717 1606.)
756 2661 813 2708 01
844 2655 1001 2709 Petri
1038 2657 1249 2709 frizon
1276 2655 1449 2719 (Paris
1491 2658 1691 2722 1621.).
1728 2656 2041 2712 Translatio
2078 2656 2364 2711 Ludovz'ci
2392 2660 2468 2710 15.
2509 2661 2580 2709 Le
2606 2657 2870 2713 Maistre
2897 2660 2976 2713 de

428 2738 602 2811 Sacy,
640 2740 793 2795 cuius
833 2742 1053 2797 Novum
1091 2744 1243 2797 Test.
1280 2743 1393 2797 iam
1434 2748 1596 2797 antea
1641 2741 1921 2814 prodierat
1963 2743 2144 2811 (Mons
2183 2747 2392 2811 1667.),
2433 2742 2646 2815 integra
2685 2742 2843 2799 edita
2887 2756 2974 2800 est

426 2827 645 2883 Parisiis
685 2833 1000 2897 1672.-85.;
1030 2829 1161 2885 licet
1189 2844 1223 2884 a
1249 2830 1534 2885 Clemente
1562 2832 1668 2885 XI.
1701 2832 2010 2901 proscripta
2038 2829 2202 2885 hodie
2231 2829 2410 2885 adhuc
2439 2838 2782 2901 propagatur
2809 2847 2842 2885 a
2873 2834 2970 2889 So-

426 2914 623 2970 cietate
646 2914 873 2971 Biblica.
899 2916 1145 2972 Eandem
1174 2922 1324 2989 Auq.
1360 2916 1595 2974 Calmet
1620 2919 1689 2973 0.
1720 2918 1776 2973 S.
1808 2919 1944 2972 Ben.
1975 2918 2148 2990 (Paris
2173 2924 2330 2973 1706.
2363 2920 2508 2989 sqq.)
2541 2925 2597 2972 et
2623 2919 2686 2973 L.
2711 2916 2792 2973 de
2819 2922 2974 2975 Car-

424 3002 600 3058 rieres
622 3003 792 3073 (Paris
820 3008 976 3059 1712.
1002 3003 1149 3075 sqq.)
1170 3012 1533 3059 correxerunt
1559 3012 1616 3059 et
1638 3004 2048 3061 commentariis
2069 3014 2360 3061 auxerunt.
2385 3006 2508 3060 Hoc
2525 3013 2716 3060 nostro
2741 3007 2976 3061 saeculo

424 3089 729 3162 Scripturas
756 3091 1157 3146 transtulerunt
1177 3094 1322 3162 Euq.
1354 3092 1431 3147 de
1459 3092 1737 3147 Genoude
1768 3093 1945 3161 (Paris
1975 3098 2130 3149 1821.
2161 3098 2328 3164 sqq.),
2362 3097 2411 3147 l.
2440 3095 2510 3147 B.
2545 3093 2760 3148 Glaire
2787 3096 2976 3161 (Paris

429 3176 631 3248 1861.),
667 3181 747 3233 Μ.
784 3182 850 3235 A.
890 3179 1077 3248 Bayle
1118 3179 1291 3245 (Paris
1323 3184 1450 3233 1871
1486 3181 1653 3251 sqq.),
1687 3182 1976 3235 Praeterea
2005 3179 2214 3235 multae
2249 3188 2378 3235 sunt
2403 3179 2547 3235 Novi
2574 3181 2716 3235 Test.
2757 3183 2970 3235 versio-

424 3278 569 3319 nes:
602 3266 901 3319 francisci
941 3269 1125 3320 Veron
1154 3266 1325 3331 (Paris
1368 3268 1574 3335 1648),
1619 3266 1798 3321 Miclc.
1841 3266 1916 3321 de
1954 3267 2222 3323 Marolles
2259 3267 2434 3335 (Paris
2463 3271 2674 3334 1649),
2713 3272 2973 3323 Antonii

424 3351 660 3407 Amelot
689 3351 859 3421 (Paris
893 3356 1101 3426 1656),
1132 3354 1385 3409 Antonii
1414 3354 1664 3409 Godeau
1695 3355 1868 3420 (Paris
1911 3359 2122 3422 1668.),
2155 3355 2460 3410 Βοηιὶηἰσί
2489 3354 2804 3409 Bouliours
2829 3358 2890 3411 S.
2927 3360 2967 3411 1.

426 3438 600 3504 (Paris
616 3444 816 3508 1697.),
836 3439 1117 3495 Riclcardi
1132 3441 1336 3496 Simon
1350 3443 1623 3508 (Trevoux
1645 3442 1850 3512 1702),
1867 3442 2108 3497 Nic-olai
2125 3446 2436 3514 Mesenquy
2459 3441 2636 3508 (Paris
2657 3444 2841 3513 1738.)
2861 3452 2968 3497 etc.

494 3526 786 3580 Pauciores
806 3541 976 3581 novas
1000 3527 1276 3583 versiones
1301 3527 1582 3597 possident
1606 3532 1824 3584 Imma
1848 3538 1904 3583 et
1926 3530 2257 3586 HISPANIA.
2285 3530 2446 3585 Prior
2469 3528 2757 3600 antiquam
2781 3539 2976 3585 trans·

424 3611 685 3667 lationem
712 3616 772 3668 P.
802 3613 1073 3681 Malermi‚
1106 3630 1247 3686 quae
1270 3614 1509 3670 editione
1538 3620 1682 3671 Ant.
1709 3616 2005 3672 Bruccioli
2027 3615 2289 3672 haeretici
2315 3614 2582 3688 (Venetiis
2607 3621 2763 3672 1530.
2797 3622 2972 3688 sqq.),

422 3698 553 3754 licet
576 3714 609 3754 3
632 3699 699 3755 S.
729 3701 1130 3767 Marmoclzini
1166 3702 1426 3773 (venetiis
1466 3708 1624 3759 1538.
1666 3708 1794 3771 010.)
1830 3703 1994 3759 fuerit
2029 3713 2306 3771 correcta,
2339 3718 2372 3758 e
2403 3704 2522 3760 loco
2559 3718 2663 3759 suo
2690 3708 2972 3759 removeri

422 3800 537 3841 non
564 3787 769 3856 potuit,
800 3802 973 3858 usque
1004 3788 1076 3845 ad
1108 3790 1272 3845 linem
1300 3790 1505 3846 saeculi
1545 3792 1928 3861 praecedentis
1965 3792 2219 3853 retinuit,
2258 3807 2368 3862 quo
2405 3799 2654 3861 tempore
2695 3791 2971 3862 optimam

422 3875 635 3944 accepit
660 3875 731 3931 ab
758 3880 1011 3931 Antonio
1048 3880 1334 3941 Martini,
1374 3878 1716 3951 Archiepisc.
1758 3879 2075 3935 Florentino
2114 3879 2360 3946 (Taurini
2403 3883 2558 3933 1776.
2599 3882 2776 3949 sqq.),
2818 3894 2969 3949 quae

430 3960 592 4017 hodie
622 3962 733 4017 l'ere
760 3965 877 4020 sola
904 3963 1213 4021 adhibetur.
1246 3967 1546 4037 Hispaniae
1573 3975 1810 4021 exeunte
1833 3981 1980 4021 saec.
2013 3972 2098 4021 18.
2130 3980 2331 4021 novam
2359 3964 2513 4021 dedit
2539 3964 2696 4020 Plau.
2727 3964 2862 4021 Scio
2893 3968 2970 4021 cle
3040 3980 3041 3983 ¹

424 4052 481 4106 S.
513 4051 736 4122 Miquel
763 4050 1000 4116 (Madrid
1031 4058 1237 4121 1794.),
1270 4054 1359 4109 cui
1392 4062 1578 4108 tamen
1618 4052 1780 4109 hodie
1807 4053 1978 4109 altera
2007 4053 2318 4125 praefertur
2344 4068 2374 4108 a
2407 4056 2468 4108 F.
2511 4058 2722 4108 Torres
2747 4060 2964 4109 Αηιαί.

427 4137 837 4208 paraphrastico
866 4139 1108 4210 quodam
1133 4138 1302 4196 modo
1334 4140 1604 4196 adornata
1641 4140 1878 4207 (Madrid
1909 4146 2108 4207 1823),
2145 4144 2444 4197 Lusium
2473 4156 2694 4211 quoque
2724 4151 2965 4196 exeunte

426 4238 571 4280 saec.
606 4231 690 4281 18.
722 4242 920 4282 novam
964 4227 1475 4299 interpretationem
1518 4237 1846 4299 receperunt
1887 4228 1958 4285 ab
2001 4233 2144 4284 Ant.
2197 4230 2443 4284 Pereira
2487 4227 2564 4283 de
2601 4228 2966 4295 Fioueiredo

428 4312 715 4377 (Lissabon
746 4315 946 4385 1784).
2513 4304 2518 4307 ’

497 4400 648 4454 Inter
676 4402 996 4459 Boumssn:
1023 4402 1245 4473 SlavoS‚
1272 4403 1366 4473 qui
1391 4418 1505 4458 non
1535 4418 1736 4473 paucas
1763 4404 2040 4459 versiones
2068 4400 2366 4473 possident,
2393 4402 2602 4458 maiore
2631 4405 2966 4459 auctoritate

428 4484 666 4557 gaudere
693 4486 891 4544 dicitur
917 4490 1030 4553 illa,
1056 4506 1219 4559 quam
1242 4492 1433 4545 Patres
1460 4492 1582 4545 Soc.
1611 4492 1735 4546 Iesu
1761 4490 2051 4546 ediderunt
2069 4476 2278 4563 Pragae
2307 4494 2484 4557 1677.;
2509 4490 2654 4545 inter
2676 4492 2960 4549 Ponoxos

428 4573 795 4645 vulgatissima
827 4576 987 4631 bodie
1014 4576 1197 4631 adhuc
1224 4585 1309 4631 051
1336 4578 1620 4633 translatio
1653 4570 1771 4634 l'ac.
1807 4580 2028 4649 qujek
2055 4581 2112 4633 S.
2144 4581 2188 4635 1.
2223 4596 2252 4633 a
2284 4578 2566 4633 Clemente
2595 4578 2732 4633 V111
2762 4593 2959 4651 appro-

422 4660 552 4717 bata
596 4662 909 4733 (cracoviae
950 4668 1105 4719 1599.
1144 4673 1199 4719 01
1235 4664 1490 4734 saepius).
1531 4696 1600 4705 —
1627 4666 1950 4723 Humanis
1991 4666 2323 4731 versionem,
2371 4682 2512 4735 quae
2550 4664 2815 4721 hodie-in
2847 4666 2954 4722 fre-
