3050 5184
373 292 490 352 236
586 308 662 352 ns
705 310 846 355 vm.
896 312 1150 356 TESTAM.
1197 312 1389 357 nnius
1431 312 1785 359 msromcrs,
1831 330 1909 341 —-
1948 314 2077 359 eff.
2126 316 2223 359 111.
2270 315 2345 359 m:
2386 316 2562 359 uano
2604 315 2779 359 nuru.

585 524 619 607 ς
652 529 758 589 17.
789 560 878 572 -
903 526 1000 589 De
1033 522 1192 590 libri
1213 524 1390 591 Ruth
1417 537 1850 613 arqumenm,
1881 526 2056 615 fine,
2087 538 2396 607 auctore,
2430 525 2682 593 indole.

448 725 502 782 1.
545 758 624 767 --
666 724 925 785 Pietatis
980 724 1188 785 filialis
1235 742 1272 785 a
1316 724 1452 787 Deo
1497 726 1789 785 maximis
1837 726 2159 787 beneficiis
2208 726 2532 788 decoratae
2580 727 2890 805 singulare

374 820 734 897 exemplum
759 820 1089 880 constituit
1117 822 1263 881 libri
1295 821 1464 882 Ruth
1493 828 1957 899 argumentum.

443 952 470 982 «ι
498 935 564 988 ln
592 932 806 1003 diebuS,
838 931 1062 1005 quando
1095 933 1316 989 ludices
1353 943 1646 1005 praeerant
1679 954 1703 987 »
1735 934 2039 991 Elimelcch
2069 934 2297 1007 quidam
2331 934 2741 992 Bethlehemita
2776 951 2902 991 cum

369 1034 540 1074 uxore
568 1034 666 1075 sua
695 1020 892 1076 Noemi
922 1018 1245 1093 duobusque
1269 1021 1396 1077 filiis
1422 1023 1480 1077 in
1503 1020 1879 1077 Moabitarum
1908 1031 2115 1078 terram
2150 1024 2545 1095 transmigrare
2568 1022 2716 1079 fame
2742 1038 2903 1079 coac-

366 1113 456 1161 tus
483 1115 583 1161 est.
626 1108 748 1163 Filii
789 1108 907 1163 eius
943 1108 1266 1165 moabiticas
1309 1124 1508 1165 uxores
1546 1108 1852 1179 duxerunt,
1883 1110 2138 1181 Orpham
2168 1120 2223 1167 et
2257 1110 2442 1179 Ruth;
2484 1109 2677 1167 decem
2716 1120 2904 1167 autem

368 1194 527 1249 annis
562 1195 788 1265 elapsiS,
821 1211 993 1267 quum
1025 1196 1325 1252 Elimelech
1371 1196 1582 1268 filiique
1614 1196 1732 1252 eius
1773 1194 1953 1253 morte
1991 1206 2175 1255 essent
2212 1198 2453 1271 abrepti,
2484 1198 2681 1253 Noemi
2716 1198 2777 1255 in
2802 1215 2903 1271 pa-

367 1282 534 1336 triam
578 1282 780 1337 reverti
819 1282 1011 1338 statuit
1051 1297 1282 1355 eamque
1325 1284 1440 1338 sola
1484 1282 1644 1339 filiali
1680 1300 1779 1339 sua
1823 1285 2026 1356 pictate
2068 1293 2321 1357 permota
2361 1284 2516 1341 Ruth
2556 1295 2745 1341 secuta
2788 1295 2902 1351 est,

368 1369 538 1425 altera
567 1386 711 1425 nuru
740 1370 794 1424 in
820 1371 984 1427 Moab
1011 1380 1351 1427 remanente.
1383 1369 1730 1427 Bethlehemi
1752 1372 1947 1428 messis
1973 1381 2224 1445 tempore
2251 1388 2473 1440 egressa
2500 1372 2675 1442 Ruth,
2700 1382 2763 1429 ut
2790 1374 2905 1445 spi-

369 1472 462 1511 cas
489 1456 786 1529 colligeret,
817 1457 890 1513 ad
917 1473 1112 1531 agrum
1142 1457 1288 1514 venit
1315 1460 1494 1528 Booz,
1523 1457 1625 1513 viri
1649 1458 1718 1514 de
1745 1459 2071 1532 cognatione
2100 1460 2422 1516 Elimelech.
2452 1462 2502 1515 A
2532 1476 2643 1533 quo
2666 1458 2905 1533 benigne

368 1553 585 1615 recepta
613 1560 711 1616 per
737 1552 911 1601 totam
940 1560 1176 1601 messem
1213 1560 1341 1601 cum
1366 1546 1484 1601 eius
1522 1546 1734 1601 ancillis
1762 1555 1978 1603 versata
2018 1555 2119 1603 est.
2159 1547 2476 1603 Terminata
2503 1556 2690 1604 autem
2724 1563 2905 1603 messe

371 1634 520 1688 Ruth
561 1648 751 1688 socrus
777 1647 910 1688 suae
954 1632 1181 1689 consilio
1217 1632 1478 1707 obsecuta
1519 1648 1551 1688 a
1591 1634 1742 1689 Booz
1781 1634 1955 1705 petiit,
1997 1643 2059 1690 ut
2094 1635 2397 1691 secundum
2432 1635 2693 1692 levitatus
2720 1636 2905 1708 legem

367 1734 597 1775 uxorem
625 1736 683 1775 se
707 1720 959 1789 duceret3
992 1736 1170 1791 neque
1199 1719 1392 1775 abnuit
1417 1720 1516 1789 vir,
1550 1719 1651 1776 sed
1680 1722 1943 1792 quoniam
1980 1722 2122 1778 alius
2150 1721 2379 1793 quidam
2414 1721 2469 1777 in
2508 1722 2727 1779 civitate
2766 1738 2904 1793 pro·

367 1806 621 1879 pinquior
665 1805 872 1875 aderat,
917 1823 1105 1862 coram
1151 1807 1459 1863 senioribus
1495 1824 1616 1863 rem
1658 1808 1796 1881 egit,
1842 1818 2009 1881 atque
2052 1812 2227 1866 altero
2262 1809 2368 1866 iuri
2414 1826 2516 1866 suo
2554 1811 2903 1866 renuntiante

367 1908 562 1965 agrum
587 1893 882 1949 Elimelech
914 1893 1015 1949 sibi
1042 1893 1332 1949 vindicavit
1358 1903 1414 1950 et
1441 1894 1591 1950 Ruth
1622 1910 1853 1951 uxorem
1892 1895 2069 1967 duxit,
2112 1913 2179 1953 ex
2216 1912 2325 1968 qua
2368 1898 2555 1969 genuit
2581 1896 2772 1966 Obed,
2806 1898 2903 1969 qui

372 1980 473 2034 ruit
500 1995 634 2035 avus
662 1978 858 2035 David.

446 2124 504 2179 2.
537 2156 617 2164 —
640 2123 826 2182 Liber
852 2122 1017 2182 Ruth
1047 2139 1192 2199 pars
1221 2123 1529 2200 quaedam
1554 2129 1615 2184 et
1646 2125 2186 2202 complementum
2206 2126 2303 2186 vel
2335 2127 2548 2204 potius
2576 2126 2765 2187 tertia
2792 2144 2903 2204 ap-

368 2218 602 2295 pendix
622 2217 768 2277 libri
795 2216 1081 2277 Iudicum
1101 2222 1271 2279 recte
1291 2220 1594 2296 appellari
1615 2220 1867 2281 videtur
1886 2240 1901 2293 3
1924 2221 2224 2282 historice
2250 2223 2419 2283 enim
2446 2226 2721 2295 constat,
2744 2223 2901 2282 olim

367 2313 608 2374 ludices
651 2318 717 2373 et
757 2314 921 2374 Ruth
956 2331 1070 2391 pro
1108 2332 1232 2375 uno
1274 2315 1437 2375 libro
1477 2332 1615 2376 esse
1660 2316 1937 2389 habitoS,
1970 2321 2158 2396 atque
2187 2318 2388 2379 libelli
2419 2319 2620 2396 ipsius
2650 2319 2901 2379 indoles

367 2410 672 2486 postulat,
709 2413 778 2469 ut
807 2428 952 2471 cum
981 2411 1022 2469 l.
1059 2409 1343 2471 Indicum
1365 2416 1533 2471 arcte
1563 2414 1992 2491 coniungatur.

435 2522 727 2593 OrigeneS,
759 2521 1124 2593 EpiphaniuS,
1155 2522 1427 2592 Hilarius,
1458 2525 1831 2597 Hieronymus
1856 2524 2059 2581 diserte
2083 2534 2379 2597 testantur,
2410 2528 2737 2584 coniunctos
2764 2544 2899 2583 onm

367 2606 528 2665 fuisse
557 2608 695 2665 duos
715 2610 914 2677 libros,
944 2626 1124 2682 neque
1167 2610 1400 2667 obscure
1427 2610 1575 2667 idem
1605 2612 1789 2668 innuit
1812 2613 1893 2668 Fl.
1929 2614 2216 2684 Iosephus,
2249 2614 2360 2670 Sed
2387 2615 2495 2671 hoc
2533 2624 2897 2687 argumento,

361 2697 491 2753 licet
531 2698 875 2769 gravissimo,
907 2699 1292 2769 praetermisso
1330 2697 1400 2753 ad
1443 2697 1570 2753 libri
1598 2698 1844 2754 indolem
1882 2699 2255 2756 attendamus
2301 2702 2427 2772 Ipsa
2452 2701 2746 2777 formula,
2779 2719 2901 2775 qua

362 2784 680 2841 inchoatur
707 2784 757 2855 (α
786 2784 846 2839 in
875 2782 1092 2853 diebus»,
1121 2783 1342 2857 quando
1373 2785 1591 2841 Iudices
1617 2796 1903 2857 praeerant
1932 2793 1983 2854 n)
2011 2788 2246 2843 similem
2272 2789 2427 2844 illam
2454 2790 2513 2844 in
2552 2788 2772 2846 duabus
2798 2806 2899 2862 ap-

363 2872 676 2942 pendicibus
701 2873 742 2928 l.
775 2871 1026 2929 Indicum
1056 2876 1105 2941 (α
1136 2873 1193 2928 in
1217 2870 1408 2927 diebus
1436 2874 1543 2928 illis
1570 2890 1667 2929 rex
1695 2890 1805 2929 non
1826 2883 1945 2929 erat
1972 2876 2029 2930 in
2057 2876 2229 2931 Israel
2260 2881 2311 2942 a)
2352 2878 2411 2931 in
2439 2878 2771 2933 memoriam
2802 2894 2893 2933 re-

362 2969 533 3029 vocat,
569 2960 840 3030 simulque
857 2960 1174 3015 manifestat
1201 2970 1589 3032 argumentum
1611 2960 1734 3016 libri
1753 2964 1824 3017 ad
1852 2970 2090 3018 aetatem
2116 2962 2369 3020 Indicum
2396 2965 2696 3035 pertinere.
2722 2967 2895 3021 Porro

359 3064 564 3119 scopus
588 3048 872 3119 utriusque
901 3048 1198 3119 scripturae
1225 3047 1376 3102 idem
1396 3054 1480 3103 est
1511 3048 1595 3104 vel
1622 3048 1821 3103 saltem
1846 3049 2005 3105 valde
2034 3050 2234 3106 affinis,
2270 3052 2349 3106 Eo
2374 3052 2521 3107 enim
2543 3051 2723 3109 tendit
2743 3053 2894 3108 libel·

331 3136 444 3195 .lus
471 3142 676 3203 noster,
705 3142 767 3187 ut
797 3134 1079 3204 ostendat,
1111 3150 1304 3190 omnes
1343 3136 1567 3190 omnino
1606 3134 1857 3192 homines
1892 3145 2057 3209 atque
2092 3137 2215 3194 illos
2259 3138 2437 3211 ipsos,
2464 3137 2559 3211 qui
2592 3154 2628 3196 a
2654 3141 2897 3195 Domino

358 3220 702 3292 longissime,
734 3222 812 3276 uti
840 3221 1115 3277 Moabitae
1144 3222 1246 3287 (cfr
1269 3226 1442 3277 Deut.
1463 3224 1639 3293 23‚4),
1662 3222 1855 3280 abesse
1880 3223 2201 3296 creduntur,
2223 3240 2255 3281 a
2283 3227 2405 3283 Deo
2430 3242 2544 3283 non
2570 3227 2754 3283 solum
2788 3244 2894 3283 non

356 3307 526 3377 reiici,
557 3306 653 3364 sed
679 3308 918 3365 maxima
950 3324 1078 3365 cum
1105 3310 1333 3365 caritate
1359 3310 1530 3381 recipi
1558 3318 1616 3367 et
1640 3311 1872 3367 summis
1906 3311 2187 3369 beneficiis
2216 3314 2421 3384 ornari,
2454 3330 2621 3386 quam
2651 3316 2891 3386 primum

357 3393 429 3450 ad
456 3410 584 3450 eum
619 3397 866 3451 conversi
894 3396 996 3452 sub
1021 3397 1138 3452 alas
1179 3396 1294 3453 eius
1322 3396 1691 3469 confugerint.
1732 3399 2108 3469 Quamobrem
2144 3401 2491 3473 aptissimum
2527 3410 2613 3457 est
2648 3404 2895 3475 comple-

354 3491 606 3538 mentum
633 3483 869 3539 duarum
917 3483 1287 3555 appendicum
1329 3485 1372 3541 l.
1404 3483 1687 3553 Indicum,
1717 3484 1855 3542 dum
1892 3488 2043 3543 enim
2078 3487 2206 3543 illae
2252 3488 2472 3556 docent,
2509 3505 2621 3560 quo
2662 3490 2889 3546 tandem

354 3568 662 3626 idololatria
694 3570 903 3639 (ludio.
935 3578 1020 3627 17.
1055 3572 1163 3644 18.)
1193 3580 1250 3628 et
1276 3587 1498 3628 morum
1522 3574 1805 3645 corruptio
1835 3571 2171 3648 dissidiaque
2198 3575 2413 3633 interna
2436 3577 2687 3649 (19.-21.)
2711 3578 2889 3649 ipsum

355 3658 618 3729 populum
650 3660 885 3715 electum
925 3658 1278 3731 adduxerint,
1307 3660 1472 3716 tertia
1508 3660 1649 3717 haec
1690 3660 1966 3733 appendix
2004 3661 2373 3733 demonstrat,
2416 3680 2526 3735 quo
2570 3663 2893 3721 idololatras

351 3746 500 3816 ipsos
527 3744 766 3801 adducat
811 3762 940 3802 vera
980 3747 1156 3818 pietas
1195 3755 1252 3803 et
1292 3747 1494 3804 fiducia
1534 3747 1592 3804 in
1627 3750 1949 3805 Dominum.
2000 3750 2223 3823 Optime
2262 3751 2432 3823 igitur
2467 3753 2747 3822 Lyranus
2784 3756 2893 3809 iam

351 3832 583 3904 monuit,
612 3854 638 3885 α
667 3832 871 3889 librum
896 3834 1048 3890 Ruth
1084 3851 1199 3890 non
1225 3850 1346 3891 esse
1373 3834 1577 3892 librum
1598 3834 1920 3893 distinctum
1938 3852 1969 3892 a
1994 3836 2137 3893 libro
2163 3837 2414 3894 Iudicum
2448 3860 2504 3907 »3
2537 3840 2724 3895 minus
2750 3850 2893 3897 recte

351 3928 537 3977 autem
564 3920 655 3977 alii
681 3929 862 3977 totum
887 3922 1056 3979 finem
1081 3922 1208 3978 libri
1234 3923 1294 3977 in
1322 3939 1388 3978 eo
1421 3921 1632 3994 vident,
1675 3922 1826 3995 quod
1863 3923 2239 3998 genealogiam
2273 3926 2527 3995 DavidiS,
2556 3943 2697 3999 quae
2728 3928 2785 3983 in
2820 3929 2891 3984 li-

351 4006 464 4063 bris
485 4009 706 4065 Samuel
733 4008 1096 4079 desideratur,
1130 4010 1366 4067 voluerit
1405 4011 1681 4083 supplere,
1714 4027 1778 4065 ac
1805 4010 1851 4066 si
1890 4012 2102 4084 integer
2146 4013 2367 4069 libellus
2398 4023 2627 4085 propter
2656 4026 2891 4087 quatuor

349 4096 574 4153 ultimos
600 4112 791 4152 versus
818 4104 961 4153 esset
983 4098 1354 4171 conscriptus3
1382 4113 1613 4170 prorsus
1641 4100 1868 4154 demum
1886 4114 1921 4155 a
1949 4115 2079 4155 vero
2109 4099 2399 4169 aberrant,
2429 4100 2521 4171 qui
2551 4102 2623 4157 ob
2656 4104 2886 4159 eandem

349 4198 574 4239 causam
598 4183 850 4240 libellum
889 4192 1144 4241 nostrum
1170 4184 1240 4240 ad
1269 4184 1440 4241 libros
1467 4186 1739 4242 Samuelis
1780 4185 2031 4255 trahunt,
2073 4203 2201 4242 cum
2246 4187 2445 4259 quibus
2482 4188 2619 4244 nihil
2665 4191 2887 4246 omnino

350 4269 518 4325 babet
544 4285 855 4337 commune,
889 4281 982 4327 aut
1010 4272 1102 4344 qui
1133 4288 1261 4329 eum
1290 4272 1361 4327 ad
1385 4273 1886 4329 commendandam
1913 4272 2141 4331 domum
2180 4274 2487 4332 davidicam
2518 4276 2793 4348 scriptum
2816 4278 2888 4333 di·

347 4367 498 4428 cunt,
536 4373 600 4413 ac
633 4359 678 4413 si
723 4359 1154 4416 semimoabitica
1203 4362 1358 4432 origo
1397 4359 1587 4417 domui
1627 4361 1909 4418 davidicae
1950 4360 2099 4433 apud
2142 4361 2377 4418 Iudaeos
2413 4363 2887 4422 commendationi

359 4444 567 4501 fuisset.
2494 4465 2507 4480 ·

435 4588 492 4644 3.
525 4620 602 4629 —-
630 4588 806 4657 Quod
849 4588 903 4647 si
941 4588 1191 4649 libellus
1235 4589 1406 4649 Ruth
1449 4606 1565 4668 pro
1607 4591 1957 4669 appendice
1990 4590 2029 4651 l.
2058 4591 2349 4652 ludicum
2396 4591 2725 4655 habendus
2760 4598 2877 4663 est,
