3050 5184
746 301 819 344 ns
862 299 1093 343 nunnus
1134 299 1435 344 smsrous
1476 300 1533 343 n.
1577 299 1760 343 parm
1800 299 2106 344 aros-rom.
2583 283 2697 342 597

146 431 242 487 cfr
258 439 291 486 2
316 436 467 488 Petr.
500 437 657 500 1,19).
684 430 895 487 Eodem
914 445 1060 486 saec.
1082 437 1133 486 2.
1155 439 1389 486 exeunte
1410 431 1760 487 Clementem
1779 429 1955 486 Alex.
1979 431 2272 502 epistolam
2297 437 2550 485 nostram
2567 443 2696 484 cum

149 521 279 574 aliis
294 520 575 576 catholicis
594 520 937 591 exposuisse,
962 526 1199 574 testatur
1227 517 1496 573 Eusebius
1519 519 1611 583 (H.
1633 521 1696 573 E.
1722 518 1817 575 VI.
1846 525 1938 586 14³
1963 517 2048 573 cfr
2069 517 2338 588 Cassiod.
2366 517 2545 573 instit.
2580 516 2687 571 div.

148 608 235 661 lit.
266 606 480 673 Praeti).
508 609 739 663 Ineunte
758 606 977 662 saeculo
998 613 1049 662 3.
1073 603 1470 664 Fivmilianus
1496 610 1662 662 Caes.
1686 609 1794 677 (ep.
1823 605 1898 662 ad
1916 607 2077 678 Cypr.
2102 607 2157 676 6)
2183 620 2305 661 eam
2333 603 2524 660 addito
2543 604 2693 660 Petri

146 695 377 750 nomine
406 694 641 767 allegat,
668 703 863 750 auctor
892 693 1459 764 Philosophumenon
1487 695 1610 760 (IX.
1645 699 1700 760 ⁷)
1729 693 1877 749 clarc
1907 692 1980 750 ad
2011 709 2134 749 eam
2161 692 2386 761 alludit,
2417 695 2692 764 Oriqenes

146 783 455 838 certissime
497 783 650 838 velut
689 783 963 853 petrinam
1006 790 1063 837 et
1104 782 1255 838 velut
1289 781 1534 836 divinam
1576 781 1958 853 eamagnovit
1996 783 2074 848 (in
2109 783 2215 838 IoS.
2260 780 2410 836 hom.
2460 787 2583 850 7,1;
2630 780 2690 834 in

148 869 327 924 Exod.
360 869 513 925 hom.
550 875 706 937 12,1;
737 871 793 925 in
821 871 953 925 Lev.
986 869 1140 924 hom.
1170 874 1292 937 4,4;
1319 869 1379 924 in
1402 870 1571 924 Num.
1599 868 1754 924 hom.
1787 875 1940 936 13,8;
1972 870 2034 924 in
2061 873 2226 925 Rom.
2259 870 2416 924 Vm.
2448 873 2526 934 ⁷).-

220 958 367 1013 Satis
388 973 565 1029 pauca
595 957 839 1029 quidem,
866 957 966 1013 sed
993 965 1181 1013 tamen
1205 955 1527 1013 sufficientia
1551 964 1680 1012 sunt
1704 956 1844 1012 haec
1868 957 2040 1012 trium
2069 957 2318 1028 priorum
2341 955 2686 1012 saeculorum

143 1045 491 1115 testimonia,
543 1046 670 1117 quia
714 1045 781 1102 iis
823 1045 1037 1101 accedit
1078 1059 1379 1102 consensus
1423 1044 1673 1100 omnium
1718 1045 2076 1101 ecclesiarum
2115 1045 2246 1100 inde
2293 1059 2324 1100 a
2371 1043 2553 1100 medio
2601 1043 2688 1098 vel

140 1141 385 1189 exeunte
408 1149 553 1189 saec.
587 1140 673 1202 3.;
702 1149 905 1206 magna
930 1134 1079 1189 enim
1106 1148 1235 1188 cum
1262 1131 1543 1205 diligentia
1567 1133 1824 1204 antiquae
1849 1133 2113 1188 ecclesiae
2135 1132 2585 1205 invigilaverunt,
2615 1147 2686 1185 ne

145 1221 277 1276 libri
299 1220 479 1292 spurii
502 1236 604 1292 pro
626 1221 797 1278 sacris
825 1222 1220 1291 reciperentur,
1248 1219 1481 1292 illosque
1508 1220 1679 1291 ipSOS,
1711 1220 1806 1291 qui
1832 1220 1888 1275 in
1912 1220 2214 1291 apostolica
2244 1221 2429 1292 aliqua
2453 1219 2682 1275 ecclesia

149 1309 387 1363 lectioni
431 1308 685 1378 publicae
726 1309 1119 1372 inservierant,
1160 1308 1495 1377 reiecerunt,
1539 1309 1648 1363 nisi
1697 1305 2098 1364 sufficientibus
2149 1307 2484 1364 testimoniis
2528 1314 2686 1361 erant

149 1397 376 1451 muniti.
410 1398 769 1470 Apoealypsis
792 1399 972 1465 Petri,
1000 1395 1344 1452 Praedicatio
1370 1396 1521 1451 Petri
1545 1397 1760 1468 aliaque
1781 1395 2056 1452 eiusmodi
2083 1411 2273 1468 opera,
2307 1411 2449 1468 quae
2478 1410 2510 1450 a
2539 1409 2683 1449 non-

44 1551 52 1560 ·
148 1485 324 1539 nullis
352 1485 747 1556 antiquissimis
774 1483 1029 1541 Patribus
1064 1500 1193 1540 cum
1233 1483 1443 1540 honore
1472 1484 1803 1556 allegantur,
1835 1499 2060 1555 prorsus
2086 1484 2443 1548 interiertmt,
2472 1488 2505 1537 2
2533 1481 2683 1536 Petri

148 1579 377 1642 autem,
430 1588 571 1643 quae
618 1572 759 1628 sorte
808 1571 1154 1644 paucioribus
1198 1571 1530 1628 testimoniis
1571 1572 1840 1638 munitur,
1884 1572 1954 1629 ab
2000 1571 2258 1628 omnibus
2302 1579 2386 1627 est
2430 1575 2678 1640 recepta;

142 1679 173 1707 α
216 1675 530 1730 numquam
564 1669 751 1716 autem
780 1661 874 1732 (ita
904 1659 1072 1716 verba
1100 1659 1375 1732 quaedam
1395 1660 1451 1716 S.
1478 1659 1807 1733 Hieronymi
1829 1659 1900 1715 de
1927 1661 2264 1716 Philemonis
2295 1659 2528 1730 epistola
2551 1672 2678 1711 mu-

139 1753 265 1801 tare
298 1753 609 1817 possumus)
652 1749 709 1803 in
737 1757 857 1804 toto
898 1747 1033 1804 orbe
1070 1763 1103 1802 a
1146 1747 1359 1803 cunctis
1386 1746 1630 1803 ecclesiis
1670 1757 1812 1802 esset
1841 1757 2061 1818 recepta
2079 1791 2092 1816 ‚
2123 1748 2228 1802 nisi
2256 1747 2403 1802 Petri
2431 1743 2680 1816 Apostoli

140 1835 455 1904 genuinum
482 1851 620 1907 opus
641 1843 788 1890 esset
810 1835 1018 1890 credita
1052 1855 1098 1889 ι.

212 1923 561 1978 Testimonia
604 1923 915 1979 recentiora
962 1922 1162 1978 afferre
1208 1920 1659 1993 supersedemus,
1703 1922 1832 1994 quia
1871 1922 1942 1980 ab
1979 1923 2234 1980 omnibus
2269 1921 2674 1986 conceduntur;

140 2025 324 2078 pauca
360 2020 550 2067 autem
586 2010 835 2066 dicemus
870 2009 940 2066 de
982 2009 1045 2066 iis
1073 2011 1354 2077 PatribuS,
1390 2010 1483 2082 qui
1522 2010 1653 2066 inde
1681 2026 1712 2065 a
1739 2016 1790 2066 3.
1821 2026 1965 2066 saec.
1999 2011 2289 2083 epistolam
2317 2011 2572 2068 reiecisse
2609 2009 2679 2065 ab

141 2097 481 2153 adversariis
500 2098 781 2155 dicuntur.
805 2101 958 2154 Inter
976 2114 1115 2169 quos
1134 2101 1405 2170 Ovi-qenes
1426 2106 1481 2153 et
1496 2097 1782 2170 Didymus
1797 2098 1965 2154 Alex.
1989 2100 2271 2156 immerito
2291 2107 2673 2164 recensentur;

140 2187 303 2254 prior
342 2185 493 2241 enim
534 2202 645 2244 uno
676 2185 901 2258 quidem
943 2187 1001 2242 in
1028 2185 1152 2241 loco
1184 2187 1257 2250 (in
1289 2188 1440 2241 loan.
1476 2195 1613 2241 tom.
1653 2188 1717 2241 V.
1746 2186 1929 2256 Prol.;
1969 2185 2050 2242 cfr
2084 2192 2222 2242 Eas.
2259 2189 2330 2242 Η.
2363 2189 2427 2242 Ε.
2459 2187 2554 2241 Vl.
2587 2191 2676 2251 25)

137 2271 411 2341 ostendit,
450 2290 509 2330 se
535 2273 940 2332 dubitationem
978 2273 1289 2346 aliquarum
1326 2273 1682 2330 ecelesiarum
1710 2274 1780 2330 de
1808 2274 1913 2330 hac
1942 2275 2172 2345 epistola
2201 2275 2545 2348 cognovisse,
2579 2273 2679 2329 sed

137 2361 283 2432 quid
325 2362 441 2432 ipse
480 2360 551 2418 de
586 2363 704 2418 eius
742 2361 1027 2418 authentia
1063 2363 1321 2432 senserit,
1361 2361 1567 2417 docent
1604 2363 1767 2420 multi
1806 2363 1914 2418 loei
1948 2378 2118 2434 supra
2152 2363 2410 2431 indicati;
2453 2361 2678 2436 Didymi

140 2449 315 2505 verba
348 2456 563 2518 autem,
604 2466 747 2522 quae
775 2451 1085 2506 afferuntur
1114 2451 1163 2521 (α
1196 2459 1539 2521 praesentem
1567 2450 1855 2521 epistolam
1887 2465 2005 2506 esse
2036 2450 2290 2506 falsatam
2327 2456 2379 2519 u)
2403 2459 2552 2506 certe
2579 2465 2674 2522 ge-

138 2539 316 2592 nuina
338 2553 454 2593 non
476 2545 631 2606 sunt,
661 2538 787 2612 quia
816 2538 1117 2612 Didymum
1146 2537 1435 2608 epistolam
1459 2537 1604 2594 hanc
1631 2539 2031 2594 commentario
2068 2538 2387 2594 instruxisse
2429 2546 2671 2604 constat,

135 2641 313 2681 nemo
342 2635 529 2682 autem
572 2642 639 2681 ex
666 2627 907 2698 antiquis
939 2647 965 2677 α
998 2625 1315 2699 apocrypha
1347 2647 1371 2677 υ
1417 2634 1515 2681 aut
1557 2646 1582 2675 α
1613 2624 1808 2681 falsata
1843 2646 1870 2678 w
1907 2627 2112 2698 scripta
2142 2627 2538 2698 interpretatus
2569 2635 2672 2680 est.

139 2713 463 2782 Eusebius,
508 2715 603 2785 qui
645 2716 807 2769 tertio
844 2715 904 2769 in
940 2715 1064 2770 loco
1098 2715 1250 2769 velut
1282 2712 1628 2769 adversarius
1664 2713 1955 2786 allegatur,
1987 2715 2180 2784 procul
2216 2713 2384 2770 dubio
2431 2721 2677 2769 nostram

134 2801 437 2872 epistolam
465 2803 889 2874 antilegomenis
917 2801 1301 2857 adnumeravit
1338 2801 1431 2868 (H.
1463 2803 1526 2856 E.
1564 2802 1668 2856 111.
1697 2805 1814 2869 25),
1847 2799 1944 2856 sed
1973 2801 2263 2873 diligenter
2290 2817 2414 2858 eam
2442 2800 2511 2858 ab
2539 2817 2676 2872 apo-

136 2889 371 2962 cryphis
410 2891 559 2945 Petri
598 2889 855 2958 ActibuS‚
902 2890 1226 2962 Evangelio,
1271 2887 1715 2958 praedieatione,
1753 2889 2080 2962 Apocalypsi
2115 2889 2433 2964 distinguit,
2477 2912 2501 2940 α
2535 2905 2676 2961 quae

136 2977 287 3033 inter
327 2975 603 3033 catholica
632 2979 839 3049 scripta
876 2978 1100 3034 omnino
1141 2993 1256 3032 non
1292 2993 1411 3032 esse
1452 2974 1659 3032 tradita
1690 2977 1921 3047 scimus,
1973 2976 2242 3049 siquidem
2279 2993 2380 3034 nec
2418 2979 2676 3049 antiquus

133 3065 339 3137 aliquis
374 3080 478 3121 nec
500 3081 693 3120 recens
722 3066 958 3136 scriptor
979 3080 1172 3120 eorum
1194 3064 1523 3119 testimoniis
1548 3079 1679 3120 usus
1708 3073 1791 3120 est
1815 3085 1874 3132 ”3
1914 3085 1940 3115 α
1969 3065 2258 3136 epistolam
2287 3074 2500 3134 autem,
2535 3081 2676 3137 quae

133 3152 385 3210 secunda
408 3154 559 3209 Petri
588 3153 809 3222 dicitur,
840 3152 1041 3224 inquit,
1075 3153 1133 3207 in
1166 3167 1379 3208 canone
1404 3150 1630 3224 quidem
1653 3169 1764 3208 non
1793 3168 1912 3208 esse
1937 3155 2273 3224 accepimus,
2313 3153 2676 3222 nihilominus

134 3243 267 3314 quia
298 3241 493 3296 multis
521 3240 671 3297 utilis
700 3257 817 3296 esse
856 3239 1170 3310 videbatur,
1198 3257 1332 3296 cum
1360 3241 1608 3314 reliquis
1637 3241 1964 3313 scripturis
1995 3242 2261 3298 lectitata
2297 3246 2382 3298 esc
2415 3262 2438 3294 ι
2482 3245 2575 3308 (Η.
2607 3245 2672 3297 E.

135 3331 240 3385 ΙΙΙ.
287 3335 373 3396 3);
421 3327 682 3384 historice
726 3330 892 3400 igitur
931 3327 1333 3384 dubitationem
1374 3327 1771 3383 nonnullarum
1799 3329 2154 3384 ecclesiarum
2185 3329 2382 3398 refert,
2414 3328 2512 3385 sed
2551 3347 2674 3386 eam

133 3435 245 3473 non
294 3414 589 3487 approbat.
623 3415 833 3472 Eodem
860 3415 1030 3472 modo
1056 3417 1169 3488 agit
1200 3417 1257 3470 S.
1296 3419 1684 3484 Hieronymus
1714 3414 1804 3486 (de
1844 3417 1961 3472 Vir.
1999 3417 2077 3473 in.
2119 3417 2222 3488 1.),
2266 3417 2359 3488 qui
2397 3417 2530 3489 quid
2561 3418 2676 3488 ipse

133 3504 376 3560 senserit
402 3520 514 3558 non
542 3520 655 3559 uno
683 3505 743 3559 in
769 3505 893 3560 loco
920 3503 1081 3559 docet
1111 3503 1311 3560 diserte
1339 3513 1588 3559 nostram
1620 3503 1848 3575 reliquis
1876 3503 2164 3561 catholicis
2200 3505 2407 3560 addens
2442 3521 2675 3578 eamque

136 3609 235 3663 pro
282 3593 617 3648 auctoritate
664 3588 851 3648 divina
898 3592 1142 3663 allegans
1182 3591 1274 3657 (ad
1309 3589 1511 3647 Hedib.
1553 3607 1641 3662 ep.
1692 3597 1915 3662 120,11;
1960 3591 2032 3648 ad
2067 3593 2283 3648 Paulin.
2315 3609 2401 3664 ep.
2433 3599 2589 3662 53,ae
2621 3609 2671 3650 e.

134 3682 311 3738 lovin.
346 3681 393 3736 1.
428 3686 523 3748 393
559 3681 631 3735 11.
667 3687 699 3736 3
728 3684 880 3748 etc.).

205 3837 270 3893 9.
326 3865 407 3874 —-
450 3833 585 3890 Non
628 3835 757 3890 tam
794 3831 875 3890 ob
915 3829 1369 3891 historicorum
1412 3831 1924 3891 testimoniorum
1961 3831 2310 3902 defectum,
2358 3849 2547 3908 quam
2594 3835 2674 3894 ob

128 3931 416 3988 internas
437 3927 714 3986 rationes
734 3925 1159 3986 rationalistae
1185 3927 1499 4004 multique
1533 3928 1972 4006 protestantici
2001 3929 2376 4005 interpretes
2413 3928 2676 3989 alteram

131 4027 301 4086 Petri
338 4023 671 4101 epistolam
690 4028 1020 4103 respuunt.
1049 4025 1129 4083 At
1155 4023 1290 4084 eius
1318 4023 1592 4084 affinitas
1621 4041 1771 4084 cum
1797 4023 2064 4100 epistola
2089 4025 2299 4096 Iudae,
2323 4025 2471 4086 licet
2499 4027 2676 4086 velut

132 4120 565 4182 decretorium
596 4123 1037 4198 argumentum
1068 4123 1383 4197 urgeatur,
1427 4121 1563 4180 eius
1603 4121 1964 4181 authentiae
2004 4137 2402 4199 nequaquam
2442 4123 2667 4190 officit,

127 4219 414 4296 reliquae
446 4222 657 4277 autem
688 4217 1077 4276 obiectiones
1096 4216 1442 4276 arbitrariis
1474 4217 2102 4295 interpretationibus
2131 4221 2243 4280 aut
2269 4219 2674 4297 praeiudiciis

131 4315 510 4374 innituntur.

197 4439 357 4492 Saec.
410 4441 494 4492 16.
542 4438 807 4491 Erasmus
844 4443 901 4491 et
937 4434 1195 4492 Calvinus
1234 4444 1403 4506 atque
1441 4451 1586 4491 saec.
1627 4442 1710 4491 17.
1753 4436 1916 4508 Hugo
1958 4437 2189 4492 Grotius
2229 4437 2300 4493 de
2327 4437 2612 4494 authentia
2641 4445 2673 4492 2

128 4526 275 4580 Petri
302 4523 507 4580 iterum
536 4523 789 4580 dubitare
817 4532 1139 4594 coeperunt,
1170 4531 1227 4578 at
1250 4539 1455 4594 paucos
1478 4524 1811 4578 invenerunt
1834 4523 2100 4591 asseclas;
2135 4522 2357 4581 falsario
2381 4527 2530 4582 enim
2563 4527 2673 4598 epi-

128 4614 329 4669 stolam
359 4610 701 4682 adscribere,
731 4625 871 4683 quae
894 4627 953 4666 se
980 4611 1099 4683 ipsa
1125 4626 1158 4666 a
1187 4632 1213 4662 α
1242 4611 1465 4667 Simone
1490 4613 1654 4666 Petro
1683 4626 1843 4667 servo
1872 4621 1926 4667 et
1949 4613 2215 4684 Apostolo
2243 4612 2367 4668 Iesu
2397 4612 2600 4671 Christi
2631 4635 2655 4662 »ι
