3050 5184
639 334 715 379 nt:
756 334 1211 379 nsxsnnmms
1252 335 1564 379 vnnsxouts
1603 334 2044 379 merom-run.
2532 318 2612 381 89

138 477 218 515 non
236 462 351 518 satis
371 465 777 535 perpenderunt
791 508 806 535 ,
825 475 942 522 tres
965 466 1101 523 olim
1124 466 1362 523 adfuisse
1382 465 1773 523 alexandrinae
1793 465 2060 523 versionis
2081 467 2446 535 recensioneS,
2471 481 2612 538 quae
2640 492 2646 501 ·

138 550 249 619 prius
272 560 389 605 sunt
420 552 816 621 restituendae,
850 569 1020 627 quam
1047 553 1119 609 ad
1160 555 1459 627 genuinum
1486 562 1704 611 textum
1729 554 1800 611 ab
1838 554 2118 626 Apostolis
2145 553 2454 611 adhibitum
2487 569 2612 624 per-

139 638 266 692 veniri
286 640 467 710 possit.
496 641 655 697 Hanc
682 641 850 715 igitur
869 656 1073 698 novam
1096 649 1155 698 et
1182 642 1468 698 meliorem
1496 644 1642 699 viam
1664 640 1872 698 ultimis
1895 641 1982 697 his
2011 642 2170 697 annis
2199 644 2483 714 elegerunt
2511 640 2612 695 viri

136 724 287 793 critici,
315 725 409 783 sed
434 727 585 784 solus
621 728 907 801 hucusque
934 734 1002 785 P.
1028 730 1103 786 de
1128 730 1407 799 Lauarde
1442 729 1784 787 Lucianeum
1813 738 2026 786 textum
2061 731 2350 785 restituere
2384 737 2613 785 conatus

134 821 193 866 est
210 812 497 877 (Librorum
526 816 592 873 V.
622 818 688 872 T.
716 808 1111 874 canonicorum
1138 834 1269 891 pars
1298 818 1449 890 prior
1477 833 1691 892 graece.
1720 818 2014 891 Gottingae
2046 822 2245 882 1383.).

459 1057 497 1141 §
536 1060 567 1120 1
580 1060 611 1120 1
627 1108 642 1123 .
683 1094 773 1105 --
808 1059 904 1122 De
936 1056 1421 1124 alexandrinae
1447 1057 1766 1123 versionis
1801 1056 2224 1122 auctoritate.

188 1283 232 1340 1.
258 1316 330 1326 —
356 1283 525 1344 Olim
551 1283 756 1345 versio
782 1285 1183 1346 alexandrina
1213 1285 1372 1346 tanti
1400 1286 1771 1359 habebatur,
1797 1289 1865 1347 ut
1891 1284 2190 1362 inspirata
2219 1283 2609 1351 crederetur;

132 1394 253 1453 quae
277 1382 583 1442 sententia
608 1381 787 1442 nullo
814 1382 1128 1459 probabili
1153 1387 1524 1461 argumento
1557 1384 1713 1444 fulta
1741 1382 1819 1441 ab
1846 1381 2141 1441 omnibus
2169 1380 2398 1439 merito
2421 1378 2615 1437 hodie

132 1480 358 1551 negatur.

176 1588 347 1646 Tribus
372 1592 720 1663 potissimum
754 1595 1091 1667 argumentis
1129 1593 1275 1650 hane
1304 1591 1632 1650 sententiam
1674 1591 2004 1649 confirmare
2034 1592 2328 1647 voluerunt
2363 1586 2614 1645 nonnulli

134 1673 405 1747 interpretes
440 1696 585 1736 saec.
618 1686 705 1738 16.
749 1690 807 1737 et
838 1689 923 1738 17.
956 1682 1291 1753 Praeprimis
1324 1681 1471 1737 enim
1498 1679 1574 1735 ad
1600 1680 1997 1737 miraculosum
2033 1694 2362 1736 consensum
2391 1684 2615 1748 septua-

39 1782 41 1785 ’
134 1762 240 1831 ginta
264 1766 625 1837 interpretum
660 1768 1041 1840 appellarunt,
1072 1770 1167 1841 qui
1190 1769 1389 1842 singuli
1416 1769 1644 1841 singulis
1672 1767 1730 1823 in
1757 1768 1972 1824 cellulis
1996 1768 2196 1823 inclusi
2223 1764 2462 1823 eundem
2489 1780 2616 1820 sen·

39 1892 42 1937 i
132 1863 221 1905 sum
246 1851 429 1910 iisdem
466 1856 632 1927 plane
660 1856 839 1913 verbis
862 1858 1283 1929 expressissent,
1310 1865 1372 1912 ut
1398 1874 1469 1912 ne
1503 1857 1655 1927 apice
1685 1855 1913 1927 quidem
1940 1871 2133 1911 eorum
2167 1855 2444 1910 versiones
2474 1854 2618 1909 inter

39 1938 41 1955 '
131 1950 171 1990 se
189 1937 533 1998 dissentirent.
568 1947 644 1999 At
679 1943 749 1999 de
788 1944 1118 2001 miraculoso
1155 1943 1263 2000 hoc
1296 1960 1568 2001 consensu
1597 1944 1961 2015 antiquissimi
1994 1952 2163 1999 testes
2187 1944 2298 2013 (Ps.
2347 1941 2612 2007 AristeaS,

39 2090 42 2105 ἓ
132 2027 453 2099 AristobuluS,
484 2031 573 2087 Fi.
607 2032 899 2104 Iosephus)
930 2049 1045 2089 non
1082 2033 1401 2105 loquuntur,
1438 2040 1605 2105 atque
1633 2034 1688 2088 S.
1722 2033 2093 2105 Hieronymus
2129 2052 2154 2082 α
2183 2030 2412 2087 cellulas
2453 2028 2618 2100 vulgo

130 2110 215 2169 sine
231 2126 439 2174 auctore
466 2118 709 2175 iactari»
739 2129 929 2176 monet
949 2120 1152 2193 (Praei.
1186 2127 1235 2176 1.
1266 2121 1323 2176 in
1342 2120 1549 2188 Paral.)
1568 2128 1854 2191 totamque
1871 2120 2022 2175 illam
2049 2119 2424 2176 narrationem
2451 2115 2617 2185 ridet,

134 2220 151 2245 ι
170 2205 343 2275 nescio,
373 2206 665 2278 inquienS,
699 2208 794 2279 qui
816 2209 1027 2279 primus
1054 2217 1249 2264 auctor
1276 2208 1622 2280 septuaginta
1647 2206 1872 2263 cellulas
1893 2207 2180 2263 mendacio
2209 2222 2310 2261 suo
2339 2213 2618 2261 exstruxe-

39 2286 41 2317 ²
132 2286 395 2361 rit‚quibus
434 2293 603 2349 divisi
640 2293 833 2351 eadem
873 2294 1259 2367 scriptitarint,
1296 2310 1470 2367 quum
1510 2295 1777 2360 AristeaS,
1826 2295 2127 2351 Ptolemaei
2165 2293 2520 2365 ὓπερασπιστής
2565 2300 2620 2347 et

132 2376 263 2431 multo
283 2390 401 2449 post
426 2391 687 2453 tempore
714 2383 985 2454 Iosephus
1012 2382 1150 2440 nihil
1178 2383 1292 2439 tale
1320 2384 1630 2453 retulerint,
1660 2383 1760 2438 sed
1789 2384 1847 2438 in
1864 2398 1972 2439 una
2002 2380 2228 2439 basilica
2257 2389 2623 2455 congregatos

130 2466 371 2523 contulisse
406 2468 687 2536 scribant,
718 2484 831 2526 non
868 2470 1249 2543 prophetasse.
1282 2470 1477 2527 Aliud
1502 2475 1589 2527 est
1614 2473 1772 2527 enim
1804 2476 1998 2527 vatem
2036 2486 2185 2539 esse,
2221 2470 2397 2526 aliud
2433 2470 2620 2525 inter·-
2701 2504 2708 2511 -

129 2558 302 2617 pretem
327 2575 351 2608 ι
380 2556 589 2623 (Praei.
634 2559 693 2613 in
720 2559 923 2625 Pent.).
960 2562 1253 2615 Praeterea
1292 2558 1642 2629 Philadelphi
1684 2567 1932 2630 tempore
1965 2558 2145 2615 solum
2182 2557 2622 2615 Pentateuchum

39 2688 41 2695 .
131 2640 398 2699 translatum
424 2660 568 2713 esse,
600 2646 711 2701 iam
739 2644 1007 2715 diximus3
1030 2648 1183 2702 omni
1202 2646 1372 2719 igitur
1394 2645 1757 2703 fundamento
1777 2655 1929 2702 caret
1949 2647 2189 2718 primum
2208 2655 2618 2717 argumentum.

178 2727 462 2787 Secundum
491 2732 809 2789 desumitur
832 2750 900 2789 ex
921 2736 1147 2789 Patrum
1166 2734 1514 2804 testimoniis,
1539 2734 1632 2805 qui
1651 2735 1899 2807 plerique
1917 2734 2335 2805 inspirationem
2359 2733 2623 2789 versionis

39 2810 41 2831 ³
132 2810 436 2875 admiserunt.
464 2824 546 2875 At
571 2822 765 2876 Patres
792 2820 941 2877 aliud
970 2830 1359 2893 argumentum
1394 2838 1509 2877 non
1548 2822 1787 2877 afferunt
1849 2830 2069 2892 praeter
2096 2820 2348 2877 fictitiam
2374 2820 2526 2875 illam
2554 2819 2622 2875 de

39 2908 41 2913 ’
130 2900 296 2961 cellans
330 2909 737 2976 narrationem;
773 2923 938 2980 porro
978 2908 1383 2978 animadverte,
1414 2907 1484 2965 de
1512 2925 1786 2965 consensu
1817 2910 2042 2965 Patrum
2071 2909 2130 2963 in
2168 2907 2273 2964 hae
2300 2908 2623 2980 quaestione

132 3000 213 3043 ¹¹⁰ss
237 3007 379 3061 posse
404 3010 529 3052 esse
558 3011 893 3052 sermonem.
925 2998 1117 3068 Neque
1147 2998 1294 3052 enim
1318 2998 1467 3053 solus
1494 2998 1553 3053 S.
1585 2998 1980 3066 Hieronymus
2002 2996 2416 3067 inspirationem
2446 2994 2622 3051 diser-

132 3074 293 3135 tissime
318 3092 507 3155 negat,
540 3081 638 3138 sed
666 3084 835 3140 etiam
860 3086 919 3141 S.
951 3088 1315 3157 Auqustinus
1342 3084 1413 3140 de
1436 3100 1501 3139 ea
1520 3085 1714 3141 saltem
1739 3084 1959 3140 dubitat
1981 3083 2070 3155 (ad
2089 3084 2144 3139 S.
2169 3083 2323 3139 Hier.
2352 3098 2440 3155 ep.
2464 3089 2620 3151 383,

39 3228 42 3235 ,
134 3161 286 3222 Doetr.
328 3170 519 3227 christ.
571 3172 647 3227 11.
701 3176 786 3239 15)
832 3180 889 3229 et
928 3171 997 3228 de
1042 3188 1105 3227 ea
1150 3172 1543 3229 dubitaverunt
1589 3172 1680 3227 alii
1725 3173 1936 3241 PatreS,
1982 3172 2076 3244 qui
2121 3170 2192 3227 ad
2235 3170 2623 3228 alexandrinae

134 3253 347 3311 versionis
383 3258 777 3314 auctoritatem
821 3258 1209 3316 stabiliendam
1254 3260 1360 3315 alia
1408 3268 1736 3333 argumenta
1781 3259 2184 3329 adhibuerunt,
2215 3258 2274 3314 id
2321 3259 2471 3330 qnod
2511 3276 2623 3315 non

135 3334 356 3412 fecissent,
386 3346 431 3401 si
457 3345 533 3402 de
560 3347 679 3402 eius
697 3346 1055 3417 inspiratione
1078 3364 1145 3403 ex
1169 3347 1466 3419 apostoliea
1500 3346 1799 3403 traditione
1831 3348 2192 3414 constitisset3
2222 3346 2305 3401 cir
2329 3348 2385 3402 S.
2414 3348 2618 3403 Hilar.

152 3422 195 3478 lu
230 3430 303 3485 Ps.
343 3435 472 3503 23),
524 3434 586 3490 S.
638 3424 831 3505 Chi-ys
906 3437 993 3501 (ln
1036 3434 1235 3491 Matth.
1278 3435 1428 3491 hom.
1472 3437 1582 3505 5‚2)
1631 3444 1768 3505 etc.,
1809 3432 1905 3507 qui
1942 3435 2324 3507 antiquitatem
2364 3435 2624 3492 versionis

135 3519 175 3565 et
194 3514 529 3589 interpretum
558 3536 857 3579 numerum
886 3523 1280 3594 scientiamque
1308 3531 1525 3595 urgent.

185 3601 401 3663 Tertium
422 3608 657 3665 demum
684 3619 1075 3683 argumentum
1103 3610 1366 3681 praebent
1389 3611 1746 3683 allegationes
1772 3611 2195 3683 Apostolorum,
2228 3610 2322 3682 qui
2349 3610 2456 3666 illis
2483 3628 2622 3683 quo-

138 3700 217 3755 que
238 3692 285 3746 in
310 3694 465 3767 locis,
496 3698 558 3753 in
586 3696 787 3769 quibus
812 3697 1170 3771 Septuaginta
1198 3698 1267 3753 ab
1291 3697 1551 3755 hebraico
1574 3707 1729 3755 textu
1758 3704 1832 3764 (et
1858 3714 1891 3755 a
1917 3707 2108 3755 nostra
2134 3698 2386 3771 Vulgata)
2411 3697 2624 3754 dissen—

142 3774 265 3844 frunt,
290 3796 377 3837 eos
403 3785 562 3857 sequi
588 3799 704 3840 non
729 3784 1009 3841 dubitant.
1040 3790 1120 3842 At
1145 3785 1502 3859 allegationes
1530 3785 1636 3843 hae
1664 3802 1926 3859 magnam
1949 3785 2176 3859 quidem
2202 3786 2466 3842 versionis
2492 3802 2624 3841 auc-

142 3864 372 3925 toritatem
409 3872 826 3939 demonstrant,
872 3872 969 3929 sed
1011 3890 1125 3930 non
1166 3874 1283 3930 eius
1324 3874 1757 3947 inspirationem.
1801 3875 2072 3932 Omnibus
2113 3875 2222 3931 illis
2265 3876 2322 3930 in
2358 3875 2520 3937 locis,
2568 3874 2624 3929 in

142 3950 299 4015 quihus
336 3973 445 4014 non
472 3976 773 4032 apportem,
806 3960 905 4018 sed
934 3978 1091 4031 vera,
1124 3960 1488 4033 discrepantia
1517 3971 1729 4019 textum
1767 3962 2088 4020 hebraicum
2132 3963 2279 4018 inter
2305 3970 2364 4017 et
2403 3962 2625 4017 alexan-

143 4033 317 4099 <irinum
341 4045 793 4119 deprehenditur,
822 4050 941 4105 sine
973 4050 1085 4105 ulla
1121 4050 1482 4107 haesitatione
1509 4066 1640 4107 eum
1671 4051 1852 4107 solum
1883 4051 2182 4123 genuinum
2211 4060 2266 4107 et
2301 4050 2626 4120 inspiratum

144 4118 351 4197 dicimus,
379 4150 545 4207 quem
570 4138 821 4204 Apostoli
864 4146 1212 4210 receperunt,
1258 4138 1373 4194 sive
1410 4154 1640 4211 graecus
1677 4147 1762 4195 est
1783 4139 1898 4195 sive
1940 4138 2251 4195 hebraicus.
2295 4137 2353 4192 Si
2395 4152 2626 4207 graecus

146 4222 269 4284 Μ,
300 4218 607 4280 hebraicum
636 4240 703 4281 eo
730 4225 789 4280 in
823 4226 949 4281 loco
981 4233 1305 4296 corruptum
1332 4241 1451 4283 esse
1480 4227 1799 4296 fateremur,
1835 4224 1935 4282 sed
1967 4235 2269 4297 utrumque
2299 4224 2628 4294 inspiratum

147 4310 237 4389 {sse
258 4316 339 4361 aut
352 4310 703 4385 Septuaginta
725 4328 823 4383 pro
852 4322 1113 4384 corrupto
1142 4313 1443 4385 genuinum
1468 4330 1532 4369 ex
1551 4313 1908 4384 inspiratione
1932 4312 2236 4369 restituisse
2262 4326 2623 4383 negaremus;

148 4382 191 4437 ld
226 4392 349 4451 enim
386 4414 496 4455 non
538 4398 919 4467 asserendum,
958 4399 1057 4457 sed
1101 4399 1451 4470 probandum
1480 4410 1583 4458 est.
1610 4401 2018 4458 concludamus
2045 4400 2213 4472 igitur
2235 4413 2362 4455 cum
2400 4400 2456 4455 S.
2489 4398 2625 4453 Hie-

150 4485 334 4546 mni'ffio
354 4484 407 4555 (l.
436 4488 505 4555 e.)
537 4508 563 4539 α
588 4486 739 4543 aliud
766 4496 853 4543 est
874 4496 1058 4545 vatem
1084 4504 1223 4557 esse,
1251 4486 1402 4544 aliud
1426 4490 1815 4560 interpreten13
1847 4487 1920 4544 ibi
1948 4487 2182 4559 Spiritus
2210 4494 2442 4541 ventura
2469 4500 2626 4558 prae-

150 4555 275 4631 dicit,
298 4567 377 4626 hic
400 4574 631 4631 eruditio
658 4585 713 4631 et
742 4576 900 4647 copia
931 4575 1227 4632 verborum
1254 4589 1346 4641 ea,
1382 4592 1523 4648 quae
1551 4577 1837 4649 intelligit,
1866 4573 2198 4631 transfert...
2230 4574 2322 4629 Illi
2349 4574 2625 4645 interpre-

152 4648 231 4704 tati
252 4666 361 4713 sunt
384 4669 505 4717 ante
530 4663 732 4718 Christi
750 4664 1079 4732 adventum,
1108 4672 1163 4718 et
1186 4653 1335 4735 quod
1358 4662 1676 4719 nesciebant
1694 4662 1876 4719 dubiis
1893 4664 2244 4735 protulerunt
2263 4661 2552 4718 sententiis
2573 4680 2624 4715 n.
