3050 5184
821 337 897 380 us
939 336 1292 380 rsatuonuu
1337 335 1876 382 mscntrrtomnus.
2537 323 2654 380 317

139 469 354 524 varietas
380 484 491 523 uon
520 467 973 539 deprehenditur.
1005 498 1079 508 —-
1104 469 1295 538 Neque
1325 467 1534 523 maiore
1571 483 1700 524 cum
1727 470 1846 525 iure
1882 486 1949 525 ex
1977 486 2073 538 eo,
2113 469 2262 541 quod
2299 469 2468 542 aliqui
2508 467 2656 523 tituli

136 555 233 609 sint
262 554 508 624 erronei,
534 555 844 624 deducunt,
876 555 1017 610 nulli
1048 553 1217 610 tidem
1251 569 1369 610 esse
1396 553 1742 622 hahendam3
1774 572 1906 612 nam
1933 558 1980 612 si
2008 556 2356 614 Antecedens
2381 554 2654 612 concede-

136 650 292 711 retur,
322 641 379 698 id
404 658 573 698 unum
612 651 958 714 sequeretur,
998 657 1195 697 omnes
1234 650 1397 697 caute
1443 657 1562 698 esse
1604 643 2031 706 examinandos;
2075 642 2423 701 Antecedens
2469 650 2655 698 autem

136 728 347 785 concedi
373 731 594 801 nequit,
628 731 757 801 quia
781 730 969 786 nullus
1005 727 1197 784 titulus
1234 730 1430 785 critice
1470 736 1662 786 certus
1693 731 1980 802 hucusque
2016 730 2427 788 demonstratus
2456 739 2540 786 est
2561 743 2654 786 er-

136 832 338 873 roneus.

202 968 255 1024 2.
285 999 361 1010 -
390 967 867 1044 Inscriptione3‚
906 965 985 1025 iis
1039 965 1319 1044 exceptis
1378 983 1538 1043 quae
1591 971 1882 1027 auctores
1932 966 2426 1044 historicamque
2481 983 2654 1026 occa-

136 1061 359 1122 sionem
385 1063 736 1124 carminum
767 1061 1074 1132 indicant,
1106 1063 1443 1140 pleraeque
1469 1063 1772 1124 obscurae
1803 1068 1978 1134 sunt,
2015 1079 2356 1140 earumque
2384 1064 2655 1141 genuina

136 1158 487 1234 significatio
514 1158 935 1219 alexandrinis
969 1159 1237 1236 aliisque
1267 1159 1548 1237 antiquis
1582 1155 2035 1238 interpretibus
2067 1161 2194 1220 iam
2220 1164 2352 1220 erat
2375 1159 2654 1236 incogni-

132 1258 202 1312 ta.
225 1255 313 1315 Ad
336 1255 649 1316 musicam
667 1259 880 1314 tamen
904 1255 1257 1315 carminum
1280 1255 1714 1315 recitationem
1738 1255 1968 1316 multas
1983 1301 1998 1327 ,
2022 1257 2176 1316 alias
2195 1256 2273 1316 ad
2291 1255 2653 1333 liturgicum

134 1367 327 1410 eorum
352 1369 541 1413 usum
570 1351 907 1429 pertinere,
938 1356 1109 1412 recte
1136 1350 1365 1411 docent
1394 1351 1684 1411 moderni
1719 1351 2125 1430 interpreter„
2152 1351 2300 1412 licet
2330 1352 2406 1412 de
2441 1351 2656 1430 singu-

134 1446 309 1506 larum
334 1447 857 1525 interpretatione
882 1463 1009 1507 non
1034 1446 1157 1506 nisi
1180 1447 1383 1526 magis
1408 1447 1694 1508 minusve
1720 1447 2074 1526 probabilia
2103 1451 2397 1508 statuant.

190 1560 265 1614 Dc
290 1560 611 1616 auctoribus
652 1560 839 1615 statim
876 1558 1123 1615 dicemus
1164 1559 1211 1632 (ἓ
1250 1565 1327 1626 9),
1362 1559 1431 1615 de
1474 1560 1786 1616 carminum
1825 1560 2109 1632 speciebus
2151 1558 2390 1616 diximus
2429 1559 2478 1633 (5
2505 1565 2652 1628 2‚2);

134 1655 297 1714 restat,
324 1655 387 1702 ut
410 1647 485 1702 de
510 1647 621 1702 illis
642 1646 934 1702 titulorum
956 1646 1206 1719 partibus
1236 1663 1408 1718 pauca
1453 1646 1754 1714 addamus,
1797 1662 1938 1718 quae
1967 1649 2234 1703 musicam
2272 1647 2652 1703 recitationem

134 1741 179 1786 et
204 1734 515 1806 liturgicum
542 1749 704 1790 usum
732 1734 1081 1790 Psalmorum
1116 1735 1389 1805 attingere
1422 1733 1699 1790 videntur.
1746 1736 1957 1803 Patres,
1990 1734 2190 1807 quibus
2235 1734 2386 1790 solae
2424 1749 2654 1808 graecae

131 1821 534 1894 inscriptionum
562 1822 843 1878 versiones
878 1821 1135 1894 cognitae
1162 1830 1339 1888 erant,
1372 1821 1618 1894 mysticis
1658 1821 1983 1894 plerumque
2024 1820 2479 1894 explicationibus
2514 1838 2651 1877 con-

132 1909 245 1963 tenti
284 1909 341 1964 in
379 1924 577 1965 earum
617 1923 843 1964 sensum
894 1908 1167 1965 literalem
1216 1925 1327 1965 non
1366 1909 1799 1980 inquisiverunt3
1848 1909 2159 1965 accuratius
2206 1908 2279 1966 de
2320 1910 2386 1966 iis
2425 1910 2654 1965 tractari

132 2005 362 2066 coeptum
391 2005 481 2052 est
508 1995 635 2052 inde
662 2013 693 2052 a
716 2011 859 2052 saec.
894 2001 1004 2063 16„
1036 1995 1135 2052 sed
1162 1995 1342 2053 obiter
1366 2005 1588 2052 tantum
1622 1995 1764 2052 hanc
1793 1997 2172 2062 quaestionem
2197 1998 2532 2069 attingemus
2554 2011 2652 2052 ac·-

133 2085 383 2140 euratiora
412 2083 809 2155 interpretibus
834 2083 1233 2156 relinquentes.

190 2177 234 2225 1.
264 2171 397 2228 inde
434 2188 469 2228 a
498 2170 749 2227 davidica
789 2180 971 2228 aetate
1010 2180 1302 2227 cantorum
1346 2171 1503 2228 chori
1534 2181 1690 2228 erant
1737 2171 1973 2228 instituti
2013 2181 2182 2244 atque
2230 2171 2488 2242 frequens
2533 2180 2650 2227 erat

132 2258 453 2314 Psalmomm
485 2274 617 2315 usus
644 2259 699 2314 in
724 2258 920 2329 templi
946 2260 1126 2326 cultu3
1155 2258 1287 2314 hinc
1315 2275 1426 2314 non
1458 2268 1542 2315 est
1569 2259 1806 2328 mirum,
1837 2257 1988 2330 quod
2016 2259 2074 2314 in
2113 2275 2307 2314 eorum
2334 2259 2508 2314 titulis
2542 2258 2650 2314 ali-

134 2344 243 2414 quid
268 2345 335 2402 de
364 2361 569 2402 eorum
590 2361 825 2404 mosten
850 2361 1265 2404 aser-rumne
1286 2347 1358 2402 sit
1378 2345 1705 2402 indicatum.
1730 2347 1886 2416 Quae
1913 2354 2104 2402 autem
2126 2347 2386 2418 antiquae
2408 2345 2654 2401 musicae

130 2429 273 2488 suerit
293 2434 539 2504 indoleS,
566 2449 707 2505 quas
733 2434 951 2506 regulas
978 2435 1179 2490 levitae
1206 2433 1267 2489 in
1292 2433 1543 2490 canendo
1570 2434 2004 2499 observaverint,
2037 2433 2240 2506 quibus
2272 2433 2657 2490 instrumentis

130 2517 221 2574 sint
243 2522 341 2586 usi,
374 2522 729 2594 ignoramu83
762 2537 933 2594 quare
974 2521 1352 2594 etymologicis
1391 2520 1680 2576 dumtaxat
1723 2520 2056 2576 coniecturis
2100 2535 2322 2576 sensum
2359 2521 2648 2576 titulorum

131 2609 443 2665 musicorum
467 2609 687 2681 assequi
716 2607 873 2664 nohis
902 2608 1048 2665 licet.
1078 2640 1151 2650 —-
1176 2615 1261 2674 a.)
1286 2609 1698 2681 Quinquaginta
1722 2608 1954 2664 Psalmis
1989 2609 2059 2679 (4.
2085 2614 2140 2663 5.
2173 2612 2299 2674 etc.)
2331 2607 2654 2680 praefigitur

130 2701 298 2760 titulus
330 2727 355 2756 ιι
380 2707 453 2762 in
478 2703 661 2777 finem
692 2725 717 2756 n
760 2703 847 2772 (εἰς
876 2705 935 2758 τὸ
962 2705 1142 2774 τέλος),
1170 2721 1281 2777 quo
1325 2705 1644 2761 hebraicum
1673 2684 1877 2784 ³33?ss
1917 2704 2270 2775 exprimitur3
2312 2711 2424 2784 [133
2464 2712 2652 2760 autem

130 2823 199 2870 est
222 2837 243 2866 e
274 2819 351 2874 rei
377 2819 547 2874 alicui
575 2815 646 2873 ad
680 2819 893 2874 cultum
921 2817 1173 2873 divinum
1221 2817 1492 2887 spectanti
1519 2833 1776 2889 praeesse
1821 2839 1872 2884 ι,
1915 2825 2082 2889 atque
2122 2815 2416 2872 adhibetur
2444 2815 2513 2872 de
2549 2816 2652 2882 iis,

132 2921 152 2948 α
178 2905 261 2974 qui
288 2905 561 2962 canebant
589 2904 844 2973 citharis,
888 2913 950 2960 ut
985 2912 1213 2960 cantum
1250 2912 1508 2978 regerent
1535 2925 1562 2956 ι
1608 2905 1690 2960 vel
1726 2905 2111 2976 praecinerent
2154 2908 2202 2970 (1
2241 2908 2387 2959 Par.
2431 2908 2639 2972 15‚21);

132 3001 457 3072 participium
492 3008 664 3082 [2332
700 3001 867 3074 igitur
890 2999 1144 3072 designat
1162 3006 1608 3074 praecentorem
1639 2999 1726 3055 vel
1752 3005 2064 3056 cantorum
2090 3001 2453 3072 maqistrum
2478 3007 2648 3071 atque

129 3109 451 3186 inscriptione
476 3113 707 3170 indicari
732 3115 953 3172 videtur
982 3133 1005 3167 ι
1032 3129 1257 3170 carmen
1279 3113 1626 3186 praecentori
1649 3112 2006 3180 tradendum,
2025 3122 2088 3168 ut
2107 3113 2165 3168 in
2190 3112 2410 3185 liturgia
2435 3112 2646 3168 decan-

128 3206 255 3255 tetur
279 3223 323 3257 ».
353 3203 641 3269 Idutlmu,
672 3203 829 3258 cuius
852 3218 1057 3259 nomen
1079 3211 1167 3259 ter
1194 3201 1538 3274 inscriptioni
1567 3201 1696 3256 huic
1728 3199 1954 3256 additur
1981 3203 2096 3266 (Ps.
2129 3207 2217 3256 33.
2243 3205 2332 3255 62.
2363 3206 2432 3255 77
2461 3199 2646 3266 hebr.)

128 3299 255 3364 unus*
274 3305 339 3344 ex
363 3289 664 3361 praefectis
690 3291 933 3346 musicae
961 3288 1067 3346 fuit
1089 3293 1138 3358 (1
1170 3293 1317 3345 Par.
1347 3293 1519 3357 25,1).
1552 3288 1627 3354 ὁ.)
1647 3289 1771 3344 Duo
1791 3287 2060 3344 vocabula
2089 3305 2264 3360 penus
2299 3290 2652 3343 instrumen-

132 3377 305 3430 torum
340 3377 791 3434 adhibendorum
819 3377 1177 3450 probabiliter
1212 3377 1521 3450 designant.
1553 3379 1775 3448 Septem
1813 3375 1962 3431 enim
1997 3377 2230 3430 Psalmis
2261 3377 2332 3445 (4.
2365 3382 2418 3432 6.
2441 3381 2530 3430 54.
2552 3381 2643 3431 55.

129 3473 202 3523 67.
229 3477 313 3528 76.
335 3474 501 3530 hebr.
530 3483 589 3529 et
606 3475 752 3530 Hab.
777 3477 887 3544 3,9)
908 3473 1233 3546 praefigitur
1254 3471 1532 3543 expressio
1561 3469 1800 3562 n52⁷3÷3
1829 3471 1946 3538 (Al.
1971 3469 2022 3524 ἐν
2042 3471 2228 3542 ὕμνοις.
2251 3471 2419 3543 Vulq.
2447 3472 2504 3526 in
2522 3488 2652 3528 car·

130 3592 381 3664 minibus),
404 3599 709 3664 uni(Ps.5)
733 3597 1014 3668 expressio
1051 3575 1432 3686 nissiq÷3·‘7tff
1472 3595 1592 3660 (Al.
1623 3593 1739 3662 ὓπὲρ
1782 3598 1868 3660 τῆς
1890 3593 2312 3664 κληρονομοὺσης,
2347 3593 2519 3666 Vulq.
2546 3609 2652 3665 pro

133 3727 205 3780 ea,
218 3733 349 3788 quae
368 3717 773 3776 haereditatem
792 3719 1198 3791 consequitur);
1229 3719 1379 3788 prior
1400 3734 1505 3772 vox
1524 3715 1796 3788 ‘neqinotla
1819 3721 1868 3782 (a
1901 3722 1991 3800 [ξιξ
2023 3729 2192 3770 manu
2211 3715 2546 3782 attrectavit)
2569 3716 2646 3770 in·

132 3841 405 3898 strumenta
432 3842 745 3914 pulsatilia,
770 3857 910 3914 quae
944 3841 1147 3896 fidibus
1178 3840 1445 3896 instructa
1480 3846 1638 3906 sunt,
1672 3837 1844 3892 altera
1889 3845 2076 3894 autem
2107 3837 2408 3893 nechilotk
2445 3841 2497 3904 (a
2531 3817 2650 3922 ‘’t->³3

134 3951 419 4025 perforavit)
439 3954 609 4012 tibias
628 3955 843 4026 aliaque
867 3955 1235 4010 instrumenta
1251 3953 1449 4010 similia
1469 3953 1761 4023 designare
1781 3959 1930 4006 recte
1950 3950 2227 4007 dicuntur.
2245 3954 2319 4016 c.)
2336 3951 2493 4005 Duae
2513 3965 2646 4021 quo-

134 4049 223 4106 que
247 4043 627 4114 expressiones
648 4059 851 4098 sonum
872 4043 1027 4098 vocis
1052 4041 1363 4114 exprimere
1396 4039 1680 4107 videntur3
1713 4038 1826 4095 alta
1858 4055 1961 4095 vox
1990 4038 2049 4105 (il
2077 4041 2335 4110 soprano)
2369 4035 2647 4092 vocabulis

138 4133 427 4238 le'Z-T‘ly
464 4159 501 4214 i.
530 4173 582 4213 e.
630 4177 657 4208 α
684 4171 840 4213 more
878 4172 923 4212 s.
958 4172 1091 4213 voce
1128 4156 1402 4228 virginum
1438 4176 1462 4206 n
1504 4155 1621 4227 (Pe.
1668 4159 1760 4210 45.
1814 4153 1977 4208 hebr.
2028 4160 2085 4208 et
2118 4156 2212 4207 Ps.
2259 4156 2346 4218 9.;
2385 4151 2488 4206 At.
2526 4149 2648 4221 incip

134 4277 213 4326 τῶν
232 4238 453 4350 maelmin,
492 4281 663 4352 Vulq.
697 4295 797 4352 pro
827 4279 1097 4347 occultis),
1132 4295 1239 4334 vox
1268 4279 1449 4351 gravis
1474 4279 1533 4346 (il
1564 4278 1746 4343 basso)
1777 4275 2056 4331 vocabulis
2084 4251 2495 4363 η’ξῖτρςῇῆξ
2517 4272 2558 4328 i.
2588 4288 2643 4328 e.

138 4403 157 4434 α
182 4387 229 4443 in
254 4401 434 4450 octava
463 4415 489 4446 n
523 4409 603 4450 sc.
635 4393 893 4450 inferiore
923 4397 1038 4461 (Ps.
1067 4399 1120 4449 6.
1157 4398 1218 4448 12
1245 4392 1435 4461 hebr.;
1477 4393 1574 4447 Al.
1605 4391 1720 4460 ὑπὲρ
1741 4393 1824 4456 τῆς
1850 4388 2049 4458 ὀγόοῆς,
2084 4387 2259 4460 Vulq.
2293 4402 2393 4458 pro
2423 4394 2638 4442 octava.

134 4474 211 4530 Clr
240 4485 259 4532 1
290 4483 498 4539 Par-al.
531 4485 833 4551 15‚19-21).
867 4481 953 4548 d.)
983 4483 1108 4537 Non
1148 4495 1353 4552 paucae
1382 4479 1768 4549 inscriptiones
1791 4475 2090 4532 melodiam
2117 4475 2193 4531 ita
2222 4473 2464 4530 indicare
2492 4481 2644 4530 recte

134 4559 375 4638 dicuntur,
406 4577 470 4625 ut
508 4578 897 4643 argumentum
936 4570 1017 4625 vel
1062 4567 1279 4624 initium
1324 4567 1588 4623 carminis
1621 4566 1794 4639 magis
1836 4562 2040 4636 cogniti
2081 4563 2342 4632 innuant,
2385 4559 2456 4616 ad
2481 4561 2644 4618 cuius

134 4652 360 4714 modulos
384 4659 641 4716 Psalmus
668 4668 785 4716 erat
824 4655 1219 4715 decantandus
1251 4656 1374 4724 Quo
1402 4652 1707 4712 secundum
1737 4653 2102 4724 plurimorum
2125 4650 2455 4708 sententiam
2487 4665 2641 4722 spec-
