3050 5184
459 287 534 331 ns
577 289 879 334 mesonma
918 275 977 332 3.
1026 277 1082 334 4.
1131 287 1332 334 rit-:eum
1373 289 1624 333 camma
1666 287 1741 334 m·
1785 287 2223 333 auc‘rom‘ra'rss.
2491 271 2607 328 253

102 426 254 473 erant.
287 449 360 459 —
387 419 504 474 Illis
530 428 738 486 autem,
770 420 865 491 qui
897 417 1190 486 obiiciunt,
1223 435 1361 490 opus
1387 427 1643 475 nostrum
1668 420 1727 474 in
1756 417 2035 474 Chaldaea
2066 433 2185 474 esse
2211 417 2606 487 conscriptum,

103 506 372 561 ieremiam
395 515 584 562 autem
611 507 668 562 in
693 506 1026 564 Chaldaeam
1055 523 1169 564 non
1196 508 1430 574 venisse,
1459 506 1877 579 respondemuS‚
1908 515 2168 563 neutrum
2197 509 2469 560 assertum
2498 502 2609 558 ulla

48 583 51 690 l
105 601 292 657 ratione
330 603 614 674 probabile
651 603 840 671 maan
883 619 950 660 ex
979 604 1082 660 111.
1116 609 1208 672 5,4
1241 604 1392 675 (⁴‚24
1419 611 1575 691 *3¹33
1608 593 1751 696 πῃ)
1780 603 1929 660 enim
1952 603 2093 658 nihil
2116 601 2366 673 sequitur
2390 599 2611 655 ‹101000

48 701 50 748 ῗ
105 708 418 778 scriptionis»,
447 717 503 764 et
533 707 604 764 de
633 708 840 791 ultimis
870 709 1136 766 Ieremiae
1166 708 1290 765 satis
1316 709 1454 765 nihil
1483 709 1623 765 certi
1650 707 1811 764 nobis
1840 716 1923 764 est
1949 706 2231 763 traditum.

487 913 524 995 ξ
553 917 664 980 24.
691 949 782 960 —-
815 913 911 978 De
937 909 1260 978 librorum
1289 919 1353 978 3.
1383 918 1448 979 h.
1480 915 1737 1000 Reyum
1773 911 2201 978 auctoritate.

173 1107 220 1163 l.
249 1137 327 1148 —
355 1105 694 1164 Librorum
730 1107 977 1182 Regum
1013 1110 1430 1166 auctoritatem
1467 1104 1810 1164 historicam
1852 1104 2265 1166 vindicaturis
2308 1101 2373 1161 id
2417 1115 2613 1161 unum

111 1204 186 1258 est
207 1200 658 1277 inquirendum
675 1247 690 1274 ‚
713 1200 866 1277 quid
891 1201 1096 1261 sontes
1123 1200 1366 1263 valeant
1381 1245 1396 1272 ‚
1421 1200 1745 1277 exquibus
1763 1203 1978 1261 auctor
1994 1199 2420 1260 narrationem
2435 1212 2614 1256 suam

113 1295 308 1356 hausit.
341 1297 568 1375 Magna
596 1297 764 1357 enim
795 1313 938 1358 cum
968 1297 1266 1358 fidelitate
1291 1313 1443 1358 eum
1469 1295 1749 1357 fontibus
1769 1297 1901 1357 suis
1932 1313 2071 1356 esse
2096 1311 2307 1364 usum,
2341 1292 2441 1353 vel
2472 1292 2615 1351 ideo

113 1397 186 1450 est
209 1390 685 1452 concedendum
702 1437 718 1464 ,
741 1393 888 1468 quia
909 1395 1084 1452 tanta
1107 1409 1250 1452 cum
1281 1391 1606 1470 diligentia
1636 1409 1745 1452 eos
1769 1388 2049 1469 allegat⁴.
2074 1393 2223 1450 Tres
2248 1394 2457 1449 autem
2486 1388 2617 1448 son-

115 1495 187 1546 tes
223 1489 299 1548 ab
341 1505 422 1548 eo
460 1487 871 1548 nominantur
902 1505 917 1546 τ
952 1488 1114 1548 liber
1153 1487 1490 1548 verborum
1538 1488 1789 1548 dierum
1823 1485 1892 1566 (i.
1934 1503 1989 1546 e.
2030 1485 2194 1564 fasti)
2234 1484 2613 1554 SalomoniS‚

48 1661 50 1664 y
115 1584 228 1644 fasti
248 1601 474 1664 regum
491 1583 673 1653 Iuda,
705 1583 850 1643 fasti
883 1599 1102 1662 regum
1132 1583 1318 1644 lsrael
1334 1629 1348 1655 ‚
1383 1587 1632 1662 praeter
1655 1601 1811 1661 quos
1836 1599 1963 1641 non
1986 1581 2240 1642 videtur
2262 1580 2419 1641 alios
2442 1578 2616 1639 adhi-

117 1680 322 1741 buisse.
359 1679 622 1741 Summa
651 1695 798 1739 vero
828 1679 952 1739 fide
983 1679 1156 1756 digni
1186 1684 1366 1739 erant
1393 1680 1533 1739 fasti
1565 1679 1689 1750 illi,
1725 1680 2019 1757 quoniam
2046 1678 2415 1738 constabant
2440 1675 2618 1736 libris

119 1777 242 1846 illis,
269 1776 503 1853 quibus
531 1775 873 1854 prophetae
897 1775 1226 1834 historiam
1243 1776 1466 1835 aetatis
1492 1793 1639 1836 suae
1664 1775 2167 1852 conscripserant
2187 1781 2250 1834 et
2274 1772 2384 1850 qui
2402 1788 2621 1832 versus

122 1875 276 1932 linem
306 1871 486 1950 regni
514 1871 669 1931 Iuda
693 1870 937 1931 collecti
967 1876 1033 1929 et
1055 1871 1120 1930 in
1145 1887 1336 1949 opere
1365 1871 1664 1948 bipartito
1693 1870 1783 1930 ita
1810 1875 1989 1930 erant
2016 1870 2273 1947 digesti,
2307 1874 2376 1928 ut
2406 1868 2621 1946 singu-

123 1970 292 2030 lorum
317 1966 772 2046 prophetarum
797 1968 1026 2044 scripta
1051 1967 1216 2028 inter
1241 1984 1310 2028 se
1339 1967 1582 2028 secerni
1612 1971 1891 2045 possent.

173 2073 396 2128 Nomine
417 2091 444 2122 α
469 2069 741 2126 fastorum
763 2089 788 2120 n
811 2069 1122 2126 Salomonis
1151 2071 1237 2126 vel
1263 2085 1458 2142 regum
1488 2069 1627 2125 Iuda
1653 2078 1711 2125 et
1731 2071 1904 2125 lsrael
1932 2068 2083 2126 haud
2108 2067 2267 2140 pauci
2294 2067 2624 2136 interpretes

121 2158 476 2232 intelligendos
503 2173 623 2213 esse
652 2164 849 2228 putant
877 2156 1144 2212 Annales
1174 2157 1447 2229 publicos
1476 2172 1508 2212 a
1537 2158 1700 2230 regiis
1740 2156 2193 2229 historiographis
2211 2155 2460 2228 publica
2496 2171 2623 2209 cum

123 2248 418 2303 auctoritate
441 2245 512 2302 de
541 2244 762 2318 regibus
790 2253 887 2300 aut
913 2245 1299 2315 superstitibus
1326 2253 1421 2300 aut
1453 2247 1541 2301 vix
1569 2246 1805 2300 mortuis
1832 2245 2203 2314 conscriptos3
2232 2242 2430 2299 Davidi
2454 2243 2621 2312 enim,

121 2343 392 2412 Salomoni,
435 2341 725 2408 Ezechiae,
767 2341 943 2397 losiae
985 2351 1214 2398 monent
1262 2340 1428 2397 fuisse
1474 2333 2031 2414 Mazlsirim(·u:m
2061 2342 2139 2396 11.
2183 2346 2340 2408 8,16;
2372 2341 2475 2395 111.
2508 2345 2623 2408 4‚3;

127 2433 201 2487 lv,
247 2437 398 2501 18,8;
443 2437 477 2486 2
519 2429 798 2502 Paralip.
851 2433 1018 2496 34‚8)‚
1066 2445 1178 2500 quo
1223 2430 1446 2484 nomine
1492 2429 1969 2501 historiographus
2015 2427 2265 2500 publicus
2310 2427 2627 2500 designetur

127 2520 286 2575 [ilex.
315 2520 346 2572 ὁ
372 2518 910 2589 ὓπομνηματόγρωφος,
941 2517 996 2572 S.
1033 2519 1194 2572 Hier.
1228 2537 1253 2567 α
1283 2533 1314 2572 a
1345 2518 1755 2572 commentariis
1784 2522 1856 2584 n).
1892 2519 1969 2572 At
2001 2531 2157 2572 mera
2194 2515 2508 2572 coniectura
2546 2525 2629 2572 est

129 2605 236 2663 haec
257 2607 400 2664 tituli
428 2605 748 2678 explicatio,
778 2621 884 2661 nec
919 2606 1155 2661 aliorum
1189 2619 1386 2678 regum
1419 2605 1557 2662 Iuda
1589 2622 1693 2660 nec
1721 2605 1886 2660 ullius
1913 2606 2057 2677 regis
2086 2603 2257 2660 Israel
2284 2619 2625 2659 commemo-

127 2703 254 2750 ratur
277 2695 534 2751 Mazlrir.
566 2692 799 2762 Quantis
825 2702 1012 2749 autem
1040 2692 1387 2748 mirabilibus
1412 2692 1771 2749 victoriarum
1803 2691 2265 2763 descriptionibus
2294 2690 2628 2762 splendidis-

131 2799 216 2852 que
237 2782 491 2839 laudibus
509 2780 746 2854 publici
772 2781 1006 2836 aliarum
1043 2781 1288 2853 gentium
1315 2780 1561 2836 Annales
1588 2779 1783 2850 repleti
1811 2781 1946 2847 sint,
1992 2779 2125 2834 satis
2160 2779 2337 2834 multa
2379 2780 2630 2850 exempla

129 2872 386 2940 superstita
427 2869 660 2933 docent,
705 2883 886 2940 neque
931 2869 1042 2923 ulla
1085 2876 1170 2923 est
1208 2868 1352 2923 ratio
1400 2866 1722 2935 dubitandi,
1751 2867 1885 2939 quin
1926 2867 2316 2938 pessimorum,
2350 2866 2443 2938 qui
2470 2866 2631 2922 multi

131 2955 338 3026 suerunt,
382 2972 580 3030 regum
609 2956 780 3011 lsrael
823 2965 878 3010 et
924 2955 1063 3011 Iuda
1097 2956 1322 3025 publici
1366 2954 1797 3028 historiographi
1843 2953 2082 3010 eundem
2110 2953 2375 3010 narrandi
2402 2953 2632 3009 modum

132 3046 424 3114 tenuissent,
448 3046 491 3100 si
520 3053 616 3099 aut
643 3041 745 3099 sub
772 3043 994 3115 regibus
1020 3042 1405 3112 superstitibus
1432 3052 1530 3098 aut
1557 3043 1658 3099 sub
1692 3059 1887 3098 eorum
1908 3041 2037 3097 filiis
2065 3041 2355 3097 historiam
2383 3042 2631 3112 scripsis-

133 3142 244 3187 sent.
269 3133 436 3206 Atqui
462 3147 576 3188 non
597 3132 736 3186 tales
763 3128 989 3186 suerunt
1023 3150 1049 3180 α
1075 3129 1197 3184 fasti
1220 3151 1269 3194 υ,
1301 3130 1501 3202 quibus
1527 3146 1630 3201 pro
1660 3129 1903 3186 sontibus
1930 3145 2062 3184 usus
2091 3138 2175 3184 est
2200 3138 2397 3185 auctor
2423 3137 2629 3200 noster,

137 3221 206 3290 qui
233 3222 375 3290 plura
407 3220 525 3275 fere
552 3234 746 3290 regum
774 3218 916 3274 Iuda
943 3225 1000 3272 et
1027 3219 1201 3274 Israel
1227 3217 1436 3288 flagitia
1463 3227 1518 3272 et
1549 3218 1799 3282 crimina,
1825 3233 1993 3289 quam
2020 3231 2113 3273 res
2139 3218 2425 3288 praeclare
2454 3225 2636 3290 gestas

137 3305 300 3378 refert,
329 3323 510 3381 neque
532 3321 662 3362 raro
698 3306 868 3362 etiam
908 3321 996 3360 res
1042 3306 1282 3376 privatas
1322 3314 1533 3370 narrat,
1567 3306 1765 3377 quibus
1805 3306 1865 3360 in
1902 3305 2157 3378 publicis
2192 3304 2483 3361 annalibus
2521 3322 2637 3362 non

139 3397 282 3461 potuit
305 3411 422 3452 asse
449 3395 625 3450 locus.
652 3393 943 3448 Meliorem
972 3393 1198 3464 originis
1233 3412 1256 3443 ι
1291 3390 1561 3448 fastorum
1590 3413 1615 3444 n
1641 3393 2064 3464 explicationem
2086 3391 2244 3448 nobis
2266 3393 2445 3448 innuit
2470 3395 2635 3448 Para-

48 3499 50 3502 >
141 3479 416 3550 lipomenon
438 3489 652 3538 auctor.
677 3481 934 3551 Namque
957 3480 1012 3534 in
1036 3478 1190 3535 libris
1211 3486 1264 3536 3.
1293 3486 1348 3536 4.
1376 3483 1595 3552 Regum
1620 3489 1676 3535 et
1698 3486 1751 3535 2.
1780 3481 1962 3536 Paral.
1996 3481 2267 3550 plurimae
2290 3481 2637 3537 narrationes

141 3567 195 3622 ad
226 3571 440 3627 verbum
473 3567 590 3625 fere
627 3576 961 3635 consonant3
1003 3575 1198 3623 auctor
1225 3575 1414 3623 autem
1440 3568 1899 3640 Paralipomenon
1927 3583 2090 3638 saepe
2121 3567 2343 3639 quidem
2379 3589 2404 3618 α
2436 3568 2637 3626 librum

143 3670 298 3728 regum
315 3657 448 3715 Iuda
469 3665 526 3712 et
541 3657 713 3713 Israel
730 3676 780 3724 n,
798 3653 896 3711 sed
915 3657 1003 3710 vix
1023 3655 1206 3711 minus
1225 3653 1549 3728 frequenter
1566 3657 1769 3728 scripta
1786 3655 2188 3727 prophetarum
2204 3656 2447 3720 Nathan,
2469 3655 2633 3724 Abia,

145 3741 300 3812 Addo,
329 3745 569 3812 Semeia‚
599 3745 806 3810 Romi,
837 3743 1017 3798 Isaiae
1049 3742 1278 3815 allegat,
1312 3758 1487 3815 eaque
1519 3742 1819 3814 aliquando
1848 3743 1905 3798 in
1945 3763 1970 3794 α
2000 3742 2143 3799 libro
2181 3759 2376 3816 regum
2419 3743 2555 3799 Iuda
2584 3755 2640 3799 et

147 3830 281 3888 lsrael
305 3856 328 3883 ι
353 3833 623 3890 contineri
645 3831 778 3887 dicit
801 3834 855 3898 (2
878 3830 1088 3886 Paral.
1113 3835 1306 3900 2o‚34;
1339 3835 1552 3899 32‚32);
1576 3840 1742 3902 atque
1760 3830 1911 3886 hunc
1934 3830 2206 3886 citationis
2224 3829 2449 3886 modum
2472 3833 2638 3887 etiam

145 3915 333 3976 adhibet
351 3921 408 3977 in
435 3919 708 3992 pericopis
727 3919 863 3988 illis,
890 3918 949 3973 in
979 3917 1177 3990 quibus
1205 3935 1334 3974 eum
1361 3933 1428 3974 ex
1457 3917 1683 3983 iisdem,
1718 3935 1785 3974 ex
1814 3919 2015 3990 quibus
2049 3926 2245 3975 auctor
2271 3927 2479 3988 noster,
2514 3920 2639 3974 son-

145 4003 259 4062 tibus
279 4007 516 4064 hausisse
545 4005 790 4079 perfecta
816 4005 1108 4077 utriusque
1135 4006 1468 4062 narrationis
1491 4006 1855 4062 consonantia
1884 4005 2251 4062 demonstrat.
2280 4006 2436 4074 Quae
2469 4023 2641 4078 quum

147 4091 204 4146 ita
218 4095 330 4164 sint,
357 4113 467 4152 non
495 4103 706 4151 temere
729 4093 1054 4162 asserimuS‚
1085 4093 1146 4149 in
1172 4102 1412 4166 utroque
1435 4110 1606 4167 regno
1628 4095 1939 4167 prophetas
1964 4094 2257 4150 historiam
2286 4110 2419 4150 suae
2449 4097 2641 4152 aetatis

147 4185 488 4256 conscripsisse
513 4198 818 4255 eorumque
845 4182 1122 4238 volumina
1146 4182 1301 4238 brevi
1328 4191 1456 4237 ante
1478 4183 1733 4238 exsilium
1750 4181 1982 4238 collecta
2009 4197 2128 4238 esse
2149 4183 2205 4236 in
2224 4197 2426 4255 magno
2451 4199 2637 4255 opere,

200 4345 424 4408 (¹)Semel
451 4350 733 4412 allegantur
769 4349 904 4412 fasti
942 4349 1245 4399 Salomonis
1270 4349 1378 4411 (111.
1423 4349 1598 4411 tutu),
1641 4347 1951 4412 quindecies
1979 4367 2003 4390 ιι
2042 4345 2162 4398 fasti
2202 4362 2379 4410 regum
2416 4349 2557 4400 luda
2596 4367 2643 4412 u,

153 4425 286 4474 octies
310 4427 470 4479 decies
496 4445 521 4475 α
546 4428 664 4478 fasti
685 4441 856 4490 regum
869 4426 1050 4478 Israel
1074 4446 1128 4487 »ς
1155 4427 1204 4476 in
1227 4431 1452 4490 quatuor
1469 4430 1673 4476 tantum
1696 4427 1897 4490 regibus
1921 4425 2049 4476 luda
2067 4430 2119 4476 et
2143 4426 2193 4476 in
2219 4426 2419 4478 duobus
2443 4428 2645 4491 regibus

161 4499 282 4553 lsrael
300 4508 540 4558 omittitur
561 4507 823 4570 allegatio;
850 4507 986 4556 inter
1006 4519 1136 4570 quos
1165 4505 1380 4556 ultimus
1402 4520 1492 4556 rex
1519 4505 1671 4555 lsrael
1698 4509 1749 4555 et
1774 4508 1877 4556 tres
1899 4505 2068 4555 ultimi
2102 4505 2255 4568 luda3
2280 4505 2384 4557 duo
2412 4507 2500 4558 alii
2524 4513 2645 4558 sunt

159 4579 366 4635 Othozias
384 4601 472 4638 rex
493 4585 618 4637 Iuda
643 4588 695 4638 et
717 4588 882 4637 loram
909 4599 995 4635 rex
1019 4585 1190 4644 lsrael,
1222 4583 1372 4635 ambo
1396 4598 1426 4635 a
1453 4584 1579 4636 Iehu
1600 4583 1753 4635 occisi
1779 4583 1883 4647 (lv.
1916 4589 2045 4644 9,26.
2074 4587 2171 4648 29).
