3050 5184
424 323 541 382 502
624 337 700 380 ne
742 338 881 382 movi
923 339 1086 383 τΕεΤ.
1118 340 1306 383 umus
1349 340 1701 384 msromcxs.
1729 343 1962 388 -οᾼΡ,
2012 343 2109 384 111.
2158 343 2233 385 nr.
2275 341 2513 393 onan-ro
2557 339 2878 383 musantia.

426 453 563 516 eius
594 459 911 514 auctorem
940 471 1107 526 csse,
1137 471 1213 514 ex
1236 455 1371 532 ipso
1400 472 1650 532 quoque
1683 455 1844 516 libro
1877 455 2224 534 colligitur3
2261 473 2462 532 neque
2495 454 2663 516 enim
2701 453 2930 514 obscure

426 553 645 610 auctor
675 566 742 610 se
771 551 907 627 ipse
939 551 1081 628 plus
1108 552 1305 611 semel
1332 552 1566 629 prodit.
1593 555 1796 630 Atque
1825 553 2142 630 Evangelii
2167 551 2534 613 testimonio
2563 550 2798 612 accedit
2815 565 2934 610 auc-

427 646 643 706 toritas
674 647 916 723 primae
948 647 1279 725 epistolae‚
1315 665 1498 725 quam
1532 665 1750 708 omnes
1780 651 1992 709 Patres
2022 649 2234 709 loanni
2268 649 2641 709 attribuunt.

498 745 583 806 a.)
616 761 642 792 α
672 741 1010 814 Discipulus,
1042 757 1210 812 quem
1239 744 1391 797 Iesus
1429 742 1693 815 diligebat
1723 765 1748 794 n
1779 743 1937 812 haec,
1964 745 1999 800 i.
2031 760 2078 800 e.
2112 752 2374 816 quartum
2413 741 2794 816 Evangelium,
2817 740 2932 796 scri-

428 827 534 899 psit
562 831 751 894 (Ioan.
794 835 1010 899 21‚24);
1044 829 1195 900 atqui
1242 831 1347 885 isto
1374 829 1538 886 titulo
1569 832 1834 887 Ioannem
1861 831 2171 904 designari,
2203 831 2516 888 communis
2557 839 2645 886 est
2671 829 2931 886 sententia.

428 931 568 987 quae
594 916 714 987 ipso
742 917 1038 988 Evangelio
1067 917 1285 984 nititur3
1319 933 1448 972 nam
1477 933 1581 974 nec
1603 921 1831 974 Petrum
1859 918 1936 974 ita
1961 919 2255 986 nominari,
2283 934 2456 992 quum
2481 919 2550 976 ab
2576 918 2674 974 illo
2698 915 2932 988 discipulo

430 1002 774 1059 discernatur
803 1007 986 1070 (Ioan.
1034 1011 1223 1074 13,23;
1255 1010 1401 1074 21,7‚
1433 1010 1546 1075 20),
1575 1021 1678 1062 nec
1704 1005 1966 1062 Iacobum
1995 1007 2150 1070 Mai„
2187 1023 2359 1078 quum
2387 1005 2482 1062 diu
2524 1013 2656 1061 ante
2683 1002 2934 1076 Evangelii

430 1092 697 1164 originem
722 1093 834 1148 iam
872 1093 1081 1149 occisus
1120 1094 1217 1162 sit,
1250 1101 1334 1149 est
1359 1093 1602 1162 clarum3
1635 1095 1863 1150 Petrum
1893 1103 2109 1164 autem,
2142 1093 2408 1150 Iacobum
2445 1095 2578 1149 Mai.
2611 1101 2668 1149 et
2699 1095 2932 1148 Ioannem

430 1195 461 1234 a
490 1179 729 1235 Domino
771 1180 997 1252 reliquis
1025 1181 1298 1252 praelatos
1326 1197 1447 1236 esse
1476 1181 1680 1237 docent
1715 1182 2014 1254 Synoptici.
2055 1183 2133 1248 b.)
2163 1184 2338 1238 Porro
2362 1198 2434 1237 ne
2459 1182 2628 1238 semel
2659 1179 2872 1252 quidem
2889 1178 2931 1232 in

428 1274 546 1322 toto
570 1268 868 1341 Evangelio
896 1284 997 1324 nec
1024 1269 1247 1324 loannis
1265 1285 1371 1326 nec
1391 1268 1575 1325 fratris
1593 1270 1712 1326 eius
1738 1269 1924 1326 lacobi
1950 1271 2177 1326 nomina
2203 1279 2498 1339 ponuntur,
2523 1268 2581 1324 id
2607 1267 2758 1340 quod
2785 1265 2930 1336 expli·

429 1355 543 1410 cari
562 1355 772 1428 nequit,
802 1356 909 1412 nisi
932 1358 1163 1413 loannes
1192 1355 1308 1428 ipse
1336 1365 1421 1412 est
1446 1367 1640 1414 auctor
1667 1356 1810 1413 libri.
1844 1361 1919 1425 c.)
1948 1360 2183 1413 Ioannes
2211 1358 2455 1429 Baptista
2481 1359 2535 1413 in
2565 1356 2686 1412 aliis
2712 1358 2929 1420 Evange-

429 1442 513 1498 liis
538 1457 756 1514 semper
781 1442 1024 1514 epitheto
1054 1443 1296 1516 quodam
1323 1459 1353 1500 a
1385 1446 1594 1502 Ioanne
1624 1446 1892 1516 Apostolo
1916 1443 2301 1518 distinguitur3
2328 1445 2388 1500 in
2415 1453 2606 1501 nostro
2636 1440 2926 1514 Evangelio.

430 1529 553 1585 licet
599 1530 693 1586 alii
738 1531 989 1603 discipuli
1022 1531 1366 1604 homonymi
1412 1531 1822 1605 distinguantur
1865 1535 2100 1602 (14,22),
2147 1533 2391 1605 Baptista
2450 1547 2674 1603 semper
2735 1537 2930 1585 vocatur

428 1619 660 1674 loannes
687 1619 804 1675 sine
835 1620 950 1675 ullo
980 1618 1194 1676 addito.
1224 1619 1312 1687 d.)
1342 1623 1555 1676 Auctor
1579 1620 1760 1676 nostri
1791 1619 2074 1694 Evangelii
2105 1635 2164 1676 se
2199 1619 2470 1677 Iudaeum
2498 1619 2926 1692 palaestinensem

429 1703 591 1762 fuisse
615 1705 802 1778 prodit
828 1721 1000 1779 quum
1028 1707 1171 1780 stylo
1195 1721 1315 1770 suo,
1340 1713 1463 1763 tum
1484 1716 1741 1764 accurata
1764 1707 2164 1780 topographiae
2187 1708 2602 1780 palaestinensis
2623 1717 2927 1774 morumque

428 1802 484 1846 et
518 1793 977 1850 consuetudinum
1017 1794 1348 1850 Iudaeorum
1376 1795 1628 1852 scientia.
1675 1787 1754 1864 e.)
1778 1797 2000 1852 Testem
2027 1795 2412 1852 immediatum
2439 1811 2498 1852 se
2541 1794 2708 1851 l'uisse
2751 1793 2926 1849 diserte

427 1877 669 1937 affirmat
682 1885 858 1951 (1‚14;
885 1886 1065 1952 19‚35)
1084 1891 1146 1938 et
1159 1882 1348 1938 multis
1361 1884 1625 1955 temporis
1642 1926 1655 1952 ,
1682 1883 1811 1952 loci,
1845 1898 2206 1956 personarum
2227 1883 2499 1940 adiunctis
2526 1889 2791 1949 ostentat,
2811 1890 2924 1950 quae

424 1969 727 2025 narrationi
768 1969 958 2025 inserit
1001 1968 1104 2037 (cfr
1153 1976 1296 2036 139.
1347 1975 1435 2026 35.
1465 1978 1566 2039 413
1597 1976 1686 2039 2‚1
1738 1975 1899 2040 etc.);
1937 1969 2259 2027 attendatur
2303 1987 2555 2043 quoque,
2587 1987 2698 2042 qua
2737 1967 2922 2024 ratione

424 2056 611 2112 statim
638 2073 671 2114 a
699 2057 965 2129 principio
988 2057 1329 2129 colloquium
1357 2059 1584 2115 Domini
1609 2073 1736 2114 cum
1765 2059 1992 2115 Andrea
2022 2059 2251 2130 eiusque
2277 2059 2427 2115 socio
2460 2061 2604 2126 (1,ae
2634 2063 2804 2129 sqq.),
2829 2053 2922 2125 pri·

417 2161 575 2200 mum
594 2144 925 2201 miraculum
940 2145 999 2201 in
1016 2145 1165 2201 Cana
1186 2150 1294 2216 (2,1
1318 2152 1461 2218 sqq),
1484 2146 1712 2202 Domini
1735 2146 2070 2218 colloquium
2089 2162 2220 2203 cum
2237 2146 2540 2203 Nicodemo
2563 2151 2670 2212 (3,1
2694 2147 2813 2218 sqq)
2833 2149 2919 2197 etc.

422 2232 638 2289 reserat.
670 2231 741 2306 f.)
773 2236 837 2288 ln
877 2233 1061 2304 priore
1096 2233 1327 2305 epistola
1359 2235 1564 2304 (μί-ὃς
1613 2233 1698 2290 cl'r
1725 2239 1956 2301 2,12-14
1983 2239 2098 2306 qr.)
2125 2237 2182 2292 S.
2215 2236 2452 2290 Ioannes
2497 2241 2604 2305 Ap.
2645 2233 2718 2289 de
2759 2231 2920 2301 aliquo

419 2336 585 2392 opere
612 2320 851 2376 suniam
889 2321 1185 2377 terminato
1212 2320 1473 2393 loquitur,
1506 2320 1658 2394 quod
1698 2337 1888 2378 earum
1931 2337 2145 2390 rerum,
2188 2322 2388 2394 quibus
2411 2322 2567 2378 testis
2593 2319 2920 2377 immediatus

418 2407 763 2476 interfuerat,
794 2409 1167 2465 narrationem
1194 2409 1503 2478 contineat,
1535 2409 1692 2482 atqui
1735 2409 1880 2466 inter
1909 2425 2100 2466 omnes
2138 2409 2338 2477 libroS‚
2369 2409 2468 2482 qui
2511 2409 2706 2466 loanni
2733 2405 2918 2464 adscri-
3018 2397 3019 2412 ³

416 2495 641 2565 buntur,
674 2505 891 2568 praeter
917 2505 1169 2554 nostrum
1201 2496 1562 2570 Evangelium
1597 2497 1737 2553 alius
1775 2514 1891 2554 non
1917 2506 2027 2567 est,
2053 2498 2142 2554 cui
2177 2497 2472 2570 descriptio
2499 2497 2594 2553 illa
2619 2495 2915 2558 conveniam

416 2598 549 2656 crgo
569 2584 627 2639 in
654 2585 833 2656 prima
862 2600 1083 2658 quoque
1110 2599 1207 2640 sua
1232 2585 1462 2656 epistola
1490 2585 1808 2641 authentiae
1835 2585 1963 2642 libri
1989 2585 2166 2641 nostri
2193 2585 2309 2657 ipsc
2335 2593 2421 2642 est
2445 2586 2622 2641 testis·

492 2755 552 2814 6.
582 2787 661 2798 —-
688 2754 788 2814 111.
819 2753 1313 2814 Adversariorum
1344 2751 1722 2824 obiectiones,
1756 2769 1912 2831 quae
1943 2771 2021 2813 ex
2056 2755 2197 2831 ipso
2226 2753 2562 2832 Evangelio
2593 2753 2914 2815 desumun-

412 2853 537 2921 tur,
570 2866 790 2911 omnes
838 2850 1115 2910 erroneis
1156 2849 1780 2927 interpretationibus
1826 2850 2180 2910 innituntur
2219 2854 2282 2910 et
2324 2851 2666 2928 pleraeque
2701 2849 2914 2910 refuta·

410 2947 581 3007 tione
608 2945 899 3024 indignae
930 2950 1093 3006 sunt.

480 3043 697 3113 Duplex
718 3051 805 3098 est
825 3041 1197 3097 obiectionum
1224 3041 1415 3096 classis
1445 3041 1621 3096 :aliae
1646 3057 1710 3097 ex
1729 3042 1910 3113 quarti
1938 3044 2217 3115 Evangelii
2244 3059 2372 3099 cum
2399 3042 2629 3116 reliquis
2655 3055 2912 3113 compara·

406 3131 559 3184 tione
586 3129 923 3196 exoriuntur,
966 3137 1134 3201 atque
1162 3127 1231 3184 de
1262 3128 1347 3184 his
1366 3130 1423 3184 in
1451 3138 1718 3201 sequente
1748 3130 2096 3201 paragrapho
2123 3146 2378 3202 agemus;
2415 3131 2559 3186 aliae
2581 3146 2648 3186 ex
2677 3131 2790 3186 solo
2813 3144 2902 3184 no-

407 3225 521 3273 stro
552 3215 935 3284 desumuntur,
974 3224 1030 3270 et
1063 3215 1163 3271 has
1201 3218 1387 3286 paucis
1414 3216 1783 3273 absolvemus⁸
1826 3218 1954 3272 Iure
1987 3219 2186 3274 merito
2231 3218 2379 3274 enim
2415 3218 2540 3274 illas
2577 3216 2910 3291 praetermit-
3014 3235 3015 3246 ³

406 3304 601 3368 timus,
643 3319 785 3384 quae
828 3302 1117 3359 calumniis
1157 3319 1325 3375 quam
1358 3303 1763 3360 obiectionibus
1807 3304 2100 3361 similiores
2143 3315 2292 3376 sunt,
2329 3322 2412 3362 ex.
2449 3321 2534 3378 gr.
2567 3306 2717 3379 quod
2747 3305 2911 3361 Veteri

405 3395 549 3448 Test.
577 3391 933 3463 Evangelium
960 3400 1257 3464 repugnet,
1286 3392 1564 3464 siquidem
1587 3407 1779 3448 omnes
1807 3408 1896 3448 res
1923 3409 2023 3463 per
2045 3393 2290 3449 Verbum
2308 3409 2375 3449 ex
2397 3393 2630 3449 materia
2659 3393 2908 3465 praeexsi-

404 3487 581 3535 stente
602 3479 899 3550 productas
923 3477 1098 3548 dicat,
1122 3486 1216 3534 aut
1234 3487 1513 3535 aeternam
1541 3479 1706 3535 vitam
1729 3479 1787 3534 in
1811 3479 1914 3534 hoc
1939 3480 2148 3535 mundo
2171 3481 2544 3554 peragendam
2563 3490 2731 3554 atque
2751 3482 2908 3536 solum

405 3567 667 3623 iudicium
688 3567 745 3621 in
774 3565 879 3622 hac
913 3574 1062 3622 terra
1088 3567 1439 3623 subeundum
1467 3576 1768 3641 cognoscat
1799 3575 1939 3636 etc.;
1968 3567 2078 3624 buc
2105 3583 2325 3640 quoque
2353 3577 2584 3642 spectat,
2608 3569 2754 3641 quod
2779 3570 2912 3623 Petri

402 3654 783 3711 auctoritatem
828 3669 956 3710 eum
1002 3654 1062 3709 in
1106 3653 1273 3710 finem
1312 3653 1620 3712 diminuere
1657 3653 1894 3725 dicatur,
1941 3664 2002 3710 ut
2043 3655 2412 3712 iudaizantem
2461 3657 2580 3712 cius
2622 3656 2904 3713 doctrinam

404 3743 612 3799 facilius
633 3743 940 3814 impugnet,
968 3751 1063 3796 aut
1088 3742 1236 3814 quod
1266 3743 1576 3813 gnosticum
1616 3743 1916 3815 quemdam
1947 3741 2303 3812 dualismum,
2331 3745 2708 3816 pliilonianam
2731 3743 2904 3801 doctri·

399 3847 529 3888 nam
555 3830 625 3887 de
650 3830 855 3900 Verbo,
887 3829 1252 3884 docetismum
1281 3839 1335 3885 et
1358 3831 1546 3887 nescio
1576 3847 1712 3903 quas
1737 3830 1872 3887 alias
1897 3829 2152 3888 haereses
2179 3831 2390 3888 doceat.

469 3925 573 3980 Vix
598 3924 820 3980 maioris
842 3921 1108 3979 momenti
1138 3931 1249 3992 est,
1282 3919 1433 3994 quod
1461 3931 1657 3978 auctor
1679 3920 1962 3992 ignorasse
1986 3920 2212 3989 dicitur,
2239 3921 2528 3993 pontifices
2551 3921 2794 3978 iudaicos
2817 3919 2902 3975 sin-

399 4012 541 4084 gulis
566 4011 723 4068 annis
750 4027 863 4068 non
904 4011 1106 4067 mutari
1153 4011 1379 4080 (11,49)‚
1423 4008 1752 4065 Bethaniam
1795 4025 1966 4081 prope
1995 4009 2328 4081 lerosolyma
2373 4010 2534 4065 sitam
2565 4009 2728 4066 fuisse
2759 4011 2901 4078 (ωδ)

404 4105 499 4152 aut
517 4097 563 4152 si
589 4095 793 4167 oppida
828 4097 1049 4152 finxisse
1077 4099 1357 4166 asseritur,
1392 4116 1533 4171 quae
1557 4117 1863 4173 numquam
1895 4101 2226 4160 exstiterunt
2259 4123 2274 4160 ε
2305 4106 2501 4163 Sichar
2529 4111 2692 4178 (4‚5),
2737 4113 2906 4164 Aenon

403 4200 573 4255 prope
591 4185 760 4240 Salim
778 4187 966 4252 (3,23).
994 4187 1136 4240 Nam
1158 4187 1215 4242 S.
1244 4188 1493 4256 loanneS‚
1518 4188 1566 4243 si
1583 4188 1850 4260 Caipbam
1869 4189 2000 4244 anni
2021 4189 2192 4248 illius
2208 4193 2525 4264 pontificem
2551 4193 2720 4252 fuisse
2735 4195 2904 4258 refert,
3007 4215 3009 4218 ⁴

402 4272 629 4343 singulis
656 4272 811 4328 annis
839 4273 1123 4344 pontifices
1146 4283 1385 4331 mutatos
1413 4291 1534 4331 esse
1559 4291 1912 4348 nequaquam
1941 4279 2156 4349 asserit,
2189 4279 2290 4336 sed
2317 4281 2375 4337 id
2413 4283 2594 4338 solum
2626 4284 2904 4356 praedicat,

401 4359 522 4427 quis
539 4375 683 4414 anno
710 4359 814 4413 illo
843 4358 914 4415 ob
933 4361 1057 4416 Iesu
1074 4370 1310 4418 mortem
1328 4369 1443 4419 tam
1460 4362 1661 4435 insigni
1682 4363 2068 4434 pontificatum
2095 4368 2356 4438 tenuerit,
2391 4386 2573 4441 neque
2585 4381 2768 4440 curat,
2791 4385 2906 4426 num

399 4454 557 4501 antea
582 4455 637 4501 et
657 4454 843 4517 postea
876 4447 1111 4503 eandem
1128 4449 1455 4521 dignitatem
1488 4450 1762 4508 habuerit.
1785 4454 2077 4509 Praeterea
2103 4455 2320 4524 meliuS‚
2344 4471 2516 4527 quam
2553 4451 2905 4515 rationalistici

398 4531 514 4586 eius
530 4533 885 4604 interpretes„
908 4534 1045 4590 duas
1058 4536 1351 4592 Bethanias
1366 4538 1657 4607 distinguit
1685 4543 1833 4606 (1,28
1849 4548 1905 4594 et
1933 4545 2122 4610 10,40;
2145 4573 2214 4584 -
2238 4550 2381 4612 11‚1.
2413 4549 2494 4615 18)
2514 4571 2528 4616 3
2553 4548 2703 4620 quod
2724 4548 2768 4603 si
2787 4561 2900 4600 vero
3005 4591 3007 4600 .

394 4634 585 4674 omnes
611 4619 869 4691 antiquos
904 4623 1196 4694 scriptores
1237 4624 1581 4697 ignorantiae
1620 4626 2029 4698 accusabimus,
2059 4631 2155 4703 qui
2192 4631 2526 4704 oppidorum
2563 4635 2720 4692 nobis
2745 4633 2899 4690 hodie
3005 4645 3007 4672 ³
