3050 5184
754 301 830 346 ns
869 304 918 344 s.
967 302 1166 358 meu,
1211 301 1476 352 Gen-nun
1517 303 1823 360 Arosrom,
1868 304 2045 358 vm„
2538 286 2655 344 529

207 433 264 491 2.
293 465 372 476 —
400 435 696 494 Attamen
717 434 978 506 PauluS,
1010 453 1206 512 quum
1228 436 1637 496 damascenos
1666 452 1921 514 quoque
1955 434 2341 496 Christianos
2366 433 2656 512 persequi

139 528 342 600 vellet,
375 530 442 590 in
470 531 696 590 itinere
727 547 924 609 prope
954 530 1275 591 civitatem
1302 533 1552 592 Domini
1585 532 1781 609 ipsius
1809 531 2200 610 apparitione
2231 531 2296 591 in
2322 530 2517 590 alium
2544 529 2655 589 ho-

139 624 364 684 minem
394 630 672 687 mutatus
702 631 797 686 est
825 631 890 687 et
915 628 1232 704 baptismo
1261 631 1514 706 recepto
1541 629 1756 689 statim
1790 628 1855 688 in
1894 627 2225 706 synagogis
2265 626 2655 686 damascenis

139 720 513 794 praedicavit
537 723 748 783 lesum
775 723 1009 785 Filium
1055 723 1190 784 Dei.
1223 724 1444 785 Paucis
1485 728 1697 785 autem
1736 723 1958 785 diebus
1995 728 2213 800 postea
2250 723 2317 782 in
2359 723 2654 783 Arabiam

137 813 492 896 (petraeam)
519 834 658 878 sese
681 819 949 896 recepit,
981 819 1394 897 probabiliter
1416 824 1486 880 ut
1505 819 1587 879 ad
1607 837 1903 897 magnum
1928 837 2160 880 munus
2182 818 2241 878 ei
2264 818 2655 896 praedictum

138 909 281 984 (Act.
317 915 504 985 26‚16
529 915 696 993 sqq.)
737 932 874 975 sese
913 920 1333 994 praepararet.
1367 915 1593 977 Tribus
1627 916 1756 976 fere
1791 917 1971 975 annis
2010 919 2233 994 postea
2268 914 2469 975 redux
2506 915 2655 974 satis

137 1005 236 1066 diu
264 1011 550 1071 Damasci
579 1011 840 1071 Iudaeos
862 1011 1291 1072 confundebat
1319 1011 1665 1086 assumam,
1691 1012 1989 1089 quoniam
2026 1013 2198 1072 Iesus
2220 1013 2315 1070 est
2338 1011 2651 1084 Christus;

135 1102 205 1161 ad
248 1104 468 1182 fugam
506 1111 718 1167 autem
755 1111 1006 1167 coactus
1049 1106 1212 1184 (Act.
1262 1107 1404 1180 9‚23
1434 1125 1609 1184 sqq.;
1652 1108 1691 1166 2
1721 1107 1860 1168 Cor.
1896 1109 2075 1180 11,32
2114 1105 2237 1184 sq.)
2276 1107 2658 1184 ierosolyma

135 1199 445 1274 profectus
475 1206 599 1274 est,
633 1205 702 1263 ut
738 1203 983 1264 videret
1019 1205 1273 1265 Petrum
1305 1202 1465 1284 (Act.
1499 1204 1645 1272 9‚26
1674 1219 1847 1280 sqq.;
1883 1203 2019 1262 Gal.
2052 1201 2241 1282 ms).
2288 1205 2369 1262 At
2403 1219 2483 1262 ne
2528 1201 2659 1261 illic

135 1295 390 1369 quidem
421 1297 526 1358 diu
554 1300 894 1360 consistere
924 1299 1163 1377 potuit,
1193 1301 1304 1360 sed
1335 1298 1593 1359 coelesti
1622 1299 1865 1359 visione
1894 1299 2285 1370 admonituS,
2311 1303 2382 1358 ut
2407 1298 2658 1358 Iudaeo-

135 1407 262 1450 rum
301 1393 552 1456 insidiis
589 1411 658 1455 se
697 1395 1092 1456 subtraheret
1131 1395 1289 1474 (Act.
1325 1397 1504 1468 22,ss
1548 1397 1739 1474 sqq.),
1780 1395 1846 1454 in
1884 1395 2149 1473 patriam
2190 1411 2363 1454 suam
2394 1394 2656 1454 Tarsum

133 1491 220 1547 est
245 1506 541 1551 reversus
571 1490 726 1571 (Act.
759 1493 934 1565 9‚3o;
964 1492 1103 1553 Gal.
1141 1490 1326 1571 131),
1362 1491 1577 1568 ibique
1601 1491 1867 1563 resedit,
1906 1507 2106 1568 usque
2136 1489 2288 1551 dum
2316 1507 2353 1550 a
2380 1490 2657 1550 Barnaba

133 1586 218 1642 est
243 1585 620 1660 arcessitus,
653 1591 723 1647 ut
746 1603 894 1648 cum
923 1603 998 1648 eo
1022 1587 1086 1648 in
1117 1587 1320 1666 prima
1349 1586 1612 1647 ecclesia
1641 1603 1718 1646 ex
1741 1587 2007 1647 ethnicis
2044 1585 2367 1647 conversis
2400 1585 2656 1652 fundata

134 1679 500 1741 Antiochiae
528 1682 844 1742 laboraret
872 1681 1030 1761 (Act.
1059 1682 1401 1760 11,19-26).

192 1793 582 1853 Conversionis
608 1793 794 1862 Pauli,
823 1794 1053 1865 quaein
1080 1794 1326 1866 epistolis
1363 1793 1643 1850 interdum
1677 1795 1925 1850 innuitur
1961 1794 2119 1864 (Gal.
2155 1799 2411 1863 1,13-16;
2451 1801 2477 1850 1
2521 1794 2650 1850 Cor.

133 1883 243 1947 9,1;
273 1885 405 1947 15‚8
427 1895 535 1952 sq.;
567 1887 592 1936 1
640 1884 788 1937 Tim.
822 1888 947 1949 1,13
978 1883 1130 1953 ete.),
1163 1891 1276 1937 tres
1312 1881 1607 1937 relationes
1635 1891 1852 1938 exstant
1886 1883 1945 1938 in
1982 1881 2238 1948 ActibuS,
2275 1898 2387 1938 una
2414 1882 2655 1938 auctoris

135 1967 385 2039 (9349),
417 1967 560 2024 duae
585 1969 759 2041 ipsius
787 1969 1039 2041 Apostoli
1069 1975 1337 2037 (22‚6-16;
1369 1973 1675 2039 26,12-18).
1708 1970 1857 2038 Quas
1884 1969 2028 2024 inter
2060 1985 2121 2024 se
2148 1985 2261 2024 non
2290 1985 2565 2042 pugnare,
2596 1969 2652 2024 id

134 2055 272 2124 quod
301 2065 560 2112 asserunt
595 2056 758 2112 multi
787 2057 1111 2124 acatholici,
1143 2056 1613 2113 demonstratione
1642 2073 1753 2112 non
1780 2056 2012 2129 indiget.
2046 2058 2237 2129 Neque
2264 2058 2441 2128 magis
2468 2056 2650 2113 obiec-

127 2142 370 2198 tionibus
396 2143 683 2200 immorari
711 2159 852 2216 opus
879 2153 990 2212 est,
1023 2144 1222 2215 quibus
1249 2152 1346 2199 aut
1379 2152 1498 2200 tota
1529 2146 1815 2200 conversio
1842 2145 2083 2200 naturali
2110 2142 2279 2199 modo
2311 2146 2651 2215 (tempestate

132 2229 302 2286 subito
328 2239 543 2302 exorta,
570 2231 896 2306 fulguribus,
923 2232 1200 2288 morsibus
1225 2232 1596 2288 conscientiae
1624 2233 1751 2302 etc.)
1771 2231 2079 2304 explicatur
2106 2240 2205 2288 aut
2232 2231 2649 2289 hallucinationi

134 2317 366 2386 cuidam,
399 2334 566 2390 quam
594 2334 783 2390 passus
809 2319 880 2376 sit
897 2319 1123 2386 Paulus,
1147 2319 1503 2388 adscribitur3
1530 2317 1877 2390 praeiudiciis
1904 2319 2053 2374 enim
2078 2319 2490 2376 rationalisticis
2515 2319 2651 2376 baec

133 2407 306 2460 omnia
335 2407 662 2463 innituntur.
693 2411 879 2479 Atque
905 2408 1002 2463 illa
1035 2423 1285 2479 quoque,
1317 2423 1460 2479 quae
1489 2405 1559 2462 de
1589 2406 1781 2478 primis
1807 2406 2095 2463 itineribus
2129 2407 2245 2462 suis
2278 2407 2337 2462 in
2363 2406 2647 2472 Arabiam,

135 2493 491 2566 lerosolyma,
522 2496 758 2551 Tarsum
794 2503 901 2551 ete.
938 2496 994 2552 S.
1026 2495 1232 2552 Paulus
1255 2494 1316 2549 in
1356 2493 1601 2565 epistolis
1628 2495 1741 2549 suis
1780 2503 2181 2550 commemorat
2205 2494 2360 2562 (Gal.
2394 2502 2645 2562 1,17-24;

129 2585 158 2633 2
189 2585 324 2636 Cor.
369 2588 527 2650 11,32
565 2581 692 2654 sq.),
735 2591 849 2638 tam
888 2583 1049 2639 facile
1084 2599 1213 2638 cum
1248 2581 1603 2639 relationibus
1640 2585 1881 2637 Actuum
1913 2584 2190 2650 (9,22-30;
2221 2588 2521 2651 22,17-21;
2556 2589 2643 2642 26,

129 2675 208 2722 19.
239 2674 331 2736 20)
357 2669 737 2737 conciliantur,
771 2678 834 2725 ut
858 2671 1060 2725 merito
1087 2669 1333 2736 mireriS,
1366 2669 1514 2740 quod
1542 2669 1714 2741 aliqui
1740 2669 1802 2724 in
1837 2669 1945 2724 illis
1976 2683 2215 2740 pugnam
2243 2677 2298 2723 et
2339 2668 2647 2724 dissensum

125 2755 403 2812 inveniant
437 2757 538 2821 (cfr
564 2760 594 2824 §
622 2762 716 2824 6,4
745 2774 798 2829 p.
825 2759 995 2828 497.).

189 2844 278 2898 Ad
313 2843 733 2915 chronologiam
779 2853 965 2900 autem
1013 2843 1162 2916 quod
1203 2845 1428 2912 attinet,
1478 2843 1877 2912 animadverte,
1926 2843 2159 2899 Paulum
2204 2843 2277 2898 ad
2323 2843 2492 2900 fidem
2528 2859 2648 2900 esse

121 2945 448 2986 conversum
487 2948 540 2988 a.
582 2939 692 3002 ³4„
736 2933 1075 3004 lerosolyma
1113 2947 1232 2988 esse
1259 2948 1545 2988 reversum
1582 2948 1647 2988 ac
1686 2930 2000 3003 quindecim
2038 2929 2233 2986 diebus
2275 2940 2466 3001 postea
2498 2931 2643 3002 (Gal.

127 3025 268 3084 1,183
296 3021 536 3076 Tarsum
573 3035 692 3075 esse
725 3019 1034 3091 profectum
1069 3035 1121 3075 a.
1155 3026 1268 3088 37.;
1302 3019 1569 3092 quamdiu
1607 3018 1767 3075 Tarsi
1812 3019 1882 3074 sit
1924 3025 2187 3086 versatus,
2212 3033 2316 3074 nec
2344 3020 2523 3074 Lucas
2546 3035 2649 3074 nec

121 3107 418 3177 Apostolus
441 3106 558 3178 ipse
584 3106 861 3176 indicant;
893 3108 1025 3164 satis
1051 3115 1203 3163 recte
1227 3117 1414 3163 tamen
1447 3107 1840 3178 supponimus,
1884 3105 2186 3178 prophetas
2211 3106 2365 3170 illos,
2405 3106 2498 3178 qui
2524 3122 2646 3162 ma-

119 3209 284 3262 gnam
315 3193 520 3250 l'amem
547 3195 923 3266 praedicentes
953 3203 1375 3268 commoverunt
1399 3194 1759 3250 antiochenos
1786 3192 2147 3262 ChristianoS‚
2176 3202 2241 3249 ut
2268 3194 2647 3266 eleemosynas

123 3279 382 3336 fratribus
409 3281 466 3338 in
493 3281 698 3338 Iudaea
725 3282 1098 3338 habitantibus
1125 3281 1410 3337 mitterent
1434 3286 1580 3352 (Act.
1615 3282 1930 3352 11,27.-28)‚
1971 3280 2324 3336 Antiochiam
2361 3280 2648 3337 advenisse

117 3383 166 3420 a.
199 3375 317 3436 434
351 3383 483 3424 nam
511 3384 564 3425 a.
593 3377 684 3427 44.
728 3368 1038 3425 Barnabam
1078 3377 1137 3424 et
1173 3369 1406 3424 Paulum
1433 3368 1505 3424 ad
1536 3371 1910 3440 eleemosynas
1937 3365 2265 3423 deferendas
2300 3367 2501 3424 missos
2528 3385 2646 3426 esse

122 3461 320 3520 ·'.¹l‚29·
353 3459 462 3526 30),
503 3465 719 3512 constat
755 3473 824 3512 ex
857 3457 1178 3513 narratione
1201 3455 1521 3511 immediate
1549 3463 1813 3527 sequente
1840 3458 2135 3524 (tan-25),
2170 3463 2298 3511 ante
2326 3456 2645 3513 missionem

115 3542 280 3598 istam
313 3551 498 3600 autem
535 3543 816 3600 Barnabas
849 3551 907 3599 et
936 3544 1142 3599 Paulus
1175 3559 1382 3598 annum
1420 3543 1698 3615 integrum
1732 3543 1791 3598 in
1822 3543 2051 3598 ecclesia
2082 3543 2415 3600 antiochena
2449 3545 2647 3600 versati

116 3637 277 3684 erant
298 3630 529 3700 (11‚26);
557 3647 608 3686 a.
639 3638 727 3687 42.
755 3630 924 3703 igitur
950 3632 1152 3686 Paulus
1183 3646 1214 3686 a
1237 3629 1489 3686 Bai-naba
1519 3627 1737 3685 videtur
1763 3629 2056 3685 arcessitus
2083 3645 2221 3687 esse.

193 3799 254 3856 3.
285 3831 361 3842 —-
383 3797 725 3876 Postquam
751 3815 914 3858 anno
944 3799 1190 3876 integro
1220 3815 1364 3859 cum
1391 3797 1675 3858 Barnaba
1704 3797 1991 3858 laborans
2012 3797 2375 3858 Antiochiae
2398 3798 2643 3858 turbam

113 3893 373 3954 multam
403 3895 731 3966 docuerat,
767 3913 911 3955 cum
942 3896 1168 3955 eodem
1197 3895 1428 3954 missus
1444 3899 1581 3964 est,
1618 3897 1689 3954 ut
1720 3894 2149 3971 eleemosynas
2180 3893 2457 3954 deferret
2494 3916 2525 3947 «
2564 3895 2643 3954 ad

113 3989 388 4052 seniores
423 4015 452 4046 »
485 3991 1065 4069 ierosolymitanos3
1099 3991 1166 4050 in
1193 3991 1312 4051 hoc
1350 3991 1575 4050 itinere
1608 3991 1949 4051 sublimem
1984 3989 2157 4048 illam
2192 3988 2503 4048 visionem
2533 3988 2642 4049 ha-

112 4085 283 4158 buit,
316 4105 437 4165 qua
482 4088 550 4147 in
597 4086 956 4165 paradisum
997 4087 1294 4165 abreptus
1342 4085 1588 4146 audivit
1625 4103 1844 4146 arcana
1878 4085 2099 4157 verba,
2131 4100 2287 4161 quae
2327 4101 2455 4144 non
2493 4085 2643 4145 licet

109 4181 350 4242 homini
387 4184 561 4262 loqui
605 4183 668 4263 (2
702 4185 837 4244 Cor.
876 4186 1016 4256 122
1047 4183 1234 4262 sqq.).
1271 4181 1400 4254 Qua
1439 4182 1821 4242 confortatus
1858 4180 2257 4240 Antiochiam
2295 4181 2495 4240 redux
2521 4198 2642 4240 una

110 4294 262 4336 cum
293 4280 570 4340 Barnaba
607 4297 722 4358 per
759 4280 1064 4358 Spiritum
1101 4281 1162 4340 S.
1208 4279 1569 4356 designatus
1605 4282 1729 4348 est,
1764 4277 1869 4353 qui
1900 4276 2193 4353 gentibus
2233 4275 2638 4353 Evangelium

108 4377 510 4436 annuntiaret
541 4375 698 4451 (Act.
728 4375 977 4454 13‚1-3).
1004 4376 1204 4436 Ambo
1235 4375 1497 4453 profecti
1529 4391 1651 4435 una
1670 4389 1813 4432 cum
1833 4374 2031 4432 Marco
2054 4372 2330 4450 primum
2352 4372 2639 4432 transfre-

109 4475 320 4531 tarunt
347 4473 408 4532 in
439 4475 742 4551 Cyprum,
768 4473 942 4533 cuius
970 4473 1208 4532 insulae
1239 4470 1679 4550 proconsulem
1710 4468 1995 4546 Sergium
2016 4467 2280 4528 Paulum
2303 4469 2639 4546 Apostolus

109 4565 194 4624 ad
237 4566 416 4628 fidem
451 4569 714 4638 adduxit
753 4567 1080 4649 (13‚4·12);
1123 4568 1350 4629 deinde
1392 4568 1539 4641 soli,
1572 4583 1765 4644 quum
1793 4568 2029 4626 Marcus
2058 4565 2135 4625 ab
2174 4565 2265 4626 eis
2297 4581 2435 4626 sese
2463 4583 2640 4645 sepa-

802 4674 1058 4722 consen
1089 4673 1362 4720 commo.
1401 4672 1623 4718 Isi-non.
1664 4698 1719 4710 -
1750 4673 1824 4719 32.
