3050 5184
757 272 833 315 DE
871 266 1038 316 LIBRI
1080 271 1497 316 EchESIASTAE
1540 271 1838 316 mvlslotm
1879 272 1956 315 ΕΤ
2001 273 2164 318 FINE.
2612 259 2728 317 335

440 409 606 474 atque
634 401 913 458 concludit
940 402 1101 459 bonis
1122 419 1155 458 a
1178 406 1297 459 Deo
1321 403 1599 459 concessis
1621 418 1750 459 esse
1771 402 2041 460 utendum
2071 410 2360 474 (5,1⁷-19),
2397 421 2566 479 quam
2593 421 2728 461 con-

444 490 748 546 clusionem
772 491 1066 548 confirmat
1090 489 1461 560 descriptione
1497 488 1834 546 infelicitatis
1878 507 2091 561 eorum,
2131 493 2228 564 qui
2257 493 2313 548 in
2346 495 2582 550 aliorum
2611 501 2729 548 tan-

444 585 563 633 tum
590 577 891 635 utilitatem
914 577 1169 635 laborant
1198 582 1444 646 (eu-12).

272 666 335 718 lu
354 680 592 722 ALTERA
614 680 811 722 marn
833 669 1119 736 (7,1-12,7)
1134 666 1411 738 positivis
1424 667 1758 740 praeceptis
1775 667 2085 725 auditores
2109 684 2176 724 eo
2199 669 2458 738 adducit,
2489 674 2552 724 ut
2575 673 2732 724 sorte

204 766 311 806 sua
336 754 593 808 contenti
618 754 792 810 rebus
815 770 859 808 a
888 757 1003 808 Deo
1035 753 1203 810 datis
1227 752 1514 827 fruantur
1531 755 1572 810 ¹.
1907 827 1914 836 ¹

274 846 321 894 1.
361 840 696 910 Praeprimis
735 849 946 910 monet,
989 845 1052 897 in
1089 841 1363 898 omuibus
1408 839 1588 911 finem
1634 858 1756 898 esse
1780 843 2219 917 respiciendum
2247 852 2304 900 et
2345 860 2412 900 ex
2449 860 2518 901 eo
2545 843 2730 901 omnia

446 926 797 984 diiudicanda
824 929 1075 1000 (⁷,1-11);
2157 991 2166 998 ,

270 1019 321 1068 2.
350 1014 552 1070 deinde
575 1016 949 1072 commendat
970 1019 1332 1089 sapientiam
1357 1017 1429 1073 ob
1454 1017 1774 1074 omnimoda
1804 1018 1972 1088 bona,
2005 1035 2146 1090 quae
2168 1020 2330 1076 affert
2353 1025 2658 1088 (7,12-8,1).

271 1106 323 1156 3.
346 1107 666 1175 Antequam
695 1112 880 1159 autem
907 1105 967 1159 in
996 1105 1101 1161 hoc
1128 1104 1379 1162 themate
1403 1113 1622 1177 pergat,
1641 1111 2024 1178 praeceptum
2054 1108 2124 1169 de
2143 1109 2415 1180 sapiente
2441 1108 2601 1163 vitae
2618 1123 2731 1162 usu

444 1194 607 1246 uocis
636 1197 995 1263 arqumentis
1022 1191 1341 1264 confirmat
1370 1197 1684 1261 (sa-942).
1715 1223 1789 1234 —
1809 1191 1895 1250 Ab
1930 1194 2241 1252 obedientia
2268 1197 2386 1268 regi
2413 1197 2533 1251 Deo
2569 1210 2730 1266 prae-

446 1277 675 1348 standa‚
705 1295 775 1336 ne
802 1279 935 1352 quid
962 1279 1096 1336 mali
1124 1280 1293 1336 homo
1322 1279 1564 1350 patiatur
1589 1281 1648 1336 in
1671 1280 1760 1337 die
1789 1283 2004 1350 mortis,
2035 1297 2264 1338 exorsus
2291 1285 2484 1352 (8,1·8)
2511 1285 2731 1355 sapien-

443 1374 560 1422 tem
582 1382 769 1422 rerum
789 1384 819 1422 a
838 1369 959 1423 Deo
984 1366 1237 1424 datarum
1257 1383 1421 1423 usum
1441 1368 1698 1435 inculcat,
1725 1369 1854 1440 quia
1885 1369 2050 1426 bomo
2074 1370 2454 1442 providentiae
2477 1370 2732 1430 ordinem

442 1470 545 1510 nec
572 1455 879 1527 intelligere
908 1455 1147 1528 (8,9-17)
1174 1471 1280 1512 nec
1298 1465 1517 1512 mutare
1544 1458 1718 1528 possit
1746 1461 1990 1526 (sm-12).

266 1546 321 1596 4.
352 1543 439 1598 Ne
469 1541 591 1614 quis
620 1559 749 1598 vero
767 1543 893 1598 ideo
920 1544 1248 1616 sapientiam
1274 1541 1529 1601 inutilem
1558 1559 1676 1600 esse
1705 1543 1873 1614 dicat,
1905 1545 1993 1602 ad
2020 1561 2155 1602 eam
2193 1547 2732 1602 commendandam

446 1632 761 1686 revertitur
788 1635 1173 1699 (ima-1030).
1199 1662 1271 1671 —
1292 1632 1546 1687 Praestat
1570 1632 1718 1687 enim
1738 1632 2048 1688 fortitudini
2069 1637 2350 1704 (9,13·16>,
2377 1635 2507 1690 licet
2519 1635 2580 1688 in
2602 1650 2732 1706 pau-

453 1732 583 1789 pere
607 1733 718 1773 non
749 1718 1071 1773 aestimetur
1093 1719 1453 1790 (9,17-10,1);
1484 1718 1685 1774 clarius
1711 1727 1900 1776 autem
1935 1721 2116 1776 elucet
2148 1720 2264 1776 eius
2292 1721 2658 1793 praestantia,
2686 1721 2728 1776 si

446 1819 575 1860 cum
597 1805 913 1875 insipientia
937 1814 1290 1877 comparatur
1313 1809 1606 1874 (10,2-20).

264 1899 319 1948 5.
356 1894 421 1948 In
453 1894 747 1948 concionis
774 1894 1000 1965 epiloqo
1032 1897 1365 1961 (11,1-12,8)
1403 1893 1660 1950 omnibus
1699 1897 2000 1966 sapientem
2037 1912 2227 1952 rerum
2267 1913 2432 1954 usum
2468 1897 2732 1969 praecipit

448 1979 519 2036 ob
547 1979 995 2036 incertitudinem
1022 1980 1218 2036 mortis
1243 1984 1493 2050 (11,1·8),
1526 1981 1751 2038 iuvenes
1788 1998 1919 2039 vero
1948 1983 2294 2048 exhortatur,
2326 1994 2386 2040 ut
2412 1986 2522 2040 vita
2551 1985 2730 2040 fruen-

446 2077 531 2124 tes
555 2083 831 2124 memores
854 2069 963 2123 sint
986 2069 1093 2124 Dei
1120 2077 1175 2124 et
1198 2067 1417 2125 futurae
1444 2069 1744 2127 senectutis
1773 2074 2122 2141 (11,9-12,7),
2153 2073 2586 2144 concionemque
2614 2082 2730 2128 ter-

445 2155 622 2211 minat
649 2156 832 2212 denuo
858 2164 1065 2212 asserta
1094 2171 1283 2212 rerum
1312 2156 1554 2213 vanitate
1579 2161 1767 2226 (128).

266 2247 449 2302 Lnnn
478 2259 783 2302 ammaus
822 2249 1084 2314 (12,8-14)
1128 2244 1451 2301 concionem
1493 2246 1847 2302 commendat
1883 2248 2108 2319 eiusque
2145 2259 2536 2320 argumentum
2575 2265 2729 2306 com-

202 2333 459 2404 plectitur
484 2331 591 2388 hac
632 2332 903 2387 sententia
934 2349 950 2387 t
1001 2351 1024 2382 σι
1066 2333 1249 2387 Deum
1289 2333 1423 2388 time
1464 2341 1519 2388 et
1557 2332 1818 2389 mandata
1862 2334 1978 2390 eius
2010 2335 2270 2405 observa3
2311 2337 2420 2393 hoc
2465 2346 2550 2394 est
2585 2339 2732 2394 enim

199 2421 377 2478 omnis
407 2420 608 2488 homo,
635 2428 691 2474 et
713 2429 911 2476 cuncta
942 2434 1085 2490 quae
1108 2419 1269 2488 fiunt,
1293 2423 1443 2476 Deus
1467 2419 1696 2476 adducit
1724 2421 1780 2476 in
1807 2421 2077 2478 iudicium
2107 2443 2156 2484 ι,

270 2576 332 2632 4.
368 2605 447 2614 -
479 2573 731 2641 Auctor,
762 2569 855 2630 uti
896 2586 971 2629 ex
1004 2573 1373 2647 argumento
1413 2571 1738 2648 proposito
1783 2571 2016 2643 elucet,
2052 2572 2276 2634 docere
2313 2576 2540 2648 voluit,
2572 2594 2730 2654 quo-

200 2667 391 2728 modo
432 2665 655 2738 hom0,
683 2670 754 2726 ut
798 2665 877 2725 ad
922 2682 1061 2725 eam
1104 2665 1597 2739 beatitudinem,
1632 2683 1754 2745 qua
1784 2666 1847 2726 in
1875 2667 1992 2728 hac
2017 2672 2180 2728 terra
2209 2671 2330 2730 frui
2369 2675 2606 2748 potest,
2641 2690 2734 2732 se-

198 2781 341 2824 cure
375 2761 733 2841 perveniat,
757 2761 952 2822 vitam
983 2779 1162 2821 suam
1190 2761 1419 2822 debeat
1452 2762 1771 2823 ordinare.
1806 2764 2110 2842 Reliquae
2137 2811 2150 2840 ,
2175 2783 2332 2843 quae
2367 2767 2726 2840 afferuntur,

200 2861 339 2920 finis
372 2858 833 2936 descriptiones
862 2863 973 2920 aut
1014 2859 1295 2919 erroneis
1334 2849 1792 2938 hypothesibus
1829 2860 2116 2934 nituntur
2151 2866 2259 2922 aut
2295 2863 2374 2923 ad
2418 2863 2730 2941 integrum

198 2949 643 3035 argumentum
668 2971 795 3015 non
820 2955 975 3014 satis
1004 2954 1355 3016 attendunt.

266 3079 347 3133 Ut
379 3075 505 3131 finis
532 3075 771 3132 auctoris
798 3084 948 3131 recte
976 3074 1341 3144 describatur,
1368 3076 1690 3133 attendatur
1726 3089 1972 3151 oportet,
2007 3097 2135 3137 eum
2170 3082 2472 3138 vanitatem
2509 3082 2730 3155 quidem

200 3174 251 3220 et
276 3162 757 3235 imperfectionem
785 3163 1034 3219 omnium
1060 3163 1222 3219 huius
1241 3173 1424 3220 terrae
1442 3162 1718 3222 bonorum
1745 3167 2140 3237 demonstrare,
2172 3179 2228 3225 at
2245 3170 2406 3227 simul
2430 3172 2732 3242 sapientem

201 3253 663 3322 moderatumque
701 3265 895 3306 eorum
932 3265 1095 3305 usum
1122 3252 1533 3320 commendare,
1577 3251 1881 3310 dummodo
1931 3255 2097 3312 homo
2127 3273 2346 3328 semper
2383 3275 2515 3331 prae
2559 3259 2734 3315 oculis

200 3347 403 3404 teneat,
430 3341 553 3393 Deo
581 3338 882 3394 iustissimo
915 3337 1213 3410 aliquando
1242 3337 1311 3395 de
1347 3339 1606 3395 omnibus
1649 3342 1918 3398 rationem
1959 3359 2076 3398 esse
2113 3345 2455 3401 reddendam
2499 3347 2736 3418 ideoque

203 3426 461 3482 virtutem
496 3425 871 3497 pietatemque
902 3425 1229 3496 praeprimis
1258 3443 1375 3482 esse
1408 3428 1750 3484 sectandam.
1789 3430 2138 3486 Arctioribus
2168 3431 2335 3504 igitur
2372 3433 2637 3490 limitibus
2665 3435 2732 3490 fi-

204 3529 323 3570 nem
348 3513 911 3584 circumscripserunt
939 3515 1131 3569 Patres
1154 3522 1210 3569 et
1245 3515 1600 3585 interpreteS‚
1639 3517 1735 3588 qui
1762 3526 2048 3574 auctorem
2077 3527 2270 3590 putant
2307 3537 2410 3577 nos
2454 3543 2477 3572 «
2507 3523 2575 3577 ad
2597 3539 2734 3578 con-

203 3611 435 3657 temtum
453 3600 621 3656 huius
638 3599 843 3656 saeculi
869 3616 1169 3670 provocare
1198 3621 1223 3652 n
1254 3601 1491 3658 voluisse
1514 3604 1590 3669 (S.
1615 3609 1864 3676 August.
1895 3607 2011 3663 Civ.
2034 3608 2136 3662 Dei
2159 3609 2292 3664 XX.
2317 3617 2377 3674 33
2401 3613 2458 3665 S.
2485 3614 2729 3681 Greqor.

203 3693 366 3760 Nyss.
389 3691 453 3744 ln
470 3687 651 3743 Eccle.
673 3687 825 3742 hom.
849 3694 870 3742 1
894 3711 908 3756 3
926 3688 984 3743 S.
999 3689 1238 3743 Hieron.
1256 3689 1315 3744 in
1333 3690 1514 3745 Eccle.
1535 3690 1716 3748 Pracf.
1740 3697 1892 3760 etc.),
1907 3693 2034 3749 licet
2047 3710 2159 3750 non
2175 3711 2458 3766 negemus,
2472 3711 2574 3753 nos
2593 3699 2732 3754 Novi

202 3777 342 3832 Test.
359 3773 540 3848 gratia
556 3773 627 3830 ad
642 3774 910 3830 maiorem
934 3773 1328 3846 perfectionem
1347 3791 1477 3832 voca
1485 3785 1572 3832 tos
1589 3778 1738 3834 hunc
1759 3777 2000 3836 fructum
2020 3796 2084 3837 ex
2105 3782 2230 3838 libri
2248 3783 2495 3838 doctrina
2513 3785 2733 3841 haurire

204 3877 356 3931 posse
383 3877 451 3918 ac
472 3859 696 3916 debere.
728 3863 921 3933 Neque
947 3861 1081 3917 satis
1100 3871 1354 3918 accurate
1378 3863 1471 3918 alii
1500 3861 1780 3933 dixerunt,
1813 3877 2096 3923 auctorem
2116 3870 2416 3941 inquietam
2441 3871 2734 3928 corraden-

203 3948 396 4005 darum
424 3963 615 4005 rerum
643 3949 1056 4005 contentionem
1086 3949 1321 4006 voluisse
1347 3952 1652 4021 reprimere
1681 3961 1788 4009 etc.
1815 3955 1985 4010 Plane
2020 3965 2203 4011 autem
2233 3973 2264 4011 a
2294 3958 2736 4016 vero'aberravit

205 4037 425 4100 Pineda,
457 4037 634 4108 quiin
660 4036 797 4092 libro
834 4045 1025 4092 nostro
1050 4037 1189 4092 vidit
1232 4058 1257 4088 α
1302 4037 1538 4093 aliorum
1579 4049 1931 4110 peccatorum
1971 4052 2028 4099 et
2057 4044 2401 4114 potissimum
2441 4045 2735 4117 impictatis

206 4131 257 4177 et
282 4123 633 4180 idololatriae
662 4124 966 4196 supplicem
1004 4124 1431 4195 consessionem,
1462 4141 1572 4198 qua
1599 4128 1862 4184 Salomon
1888 4131 2008 4184 Deo
2038 4131 2349 4187 satisfacere
2377 4141 2432 4188 et
2468 4135 2732 4205 populum

208 4209 272 4265 ad
298 4227 486 4268 veram
512 4211 839 4282 religionem
872 4227 1133 4267 revocare
1161 4212 1335 4269 voluit
1364 4234 1415 4267 n.
1452 4217 1637 4285 Atque
1663 4216 1841 4272 multo
1879 4217 2098 4290 longius
2131 4218 2459 4276 aberrarunt
2485 4222 2736 4280 moderni

210 4298 472 4369 nonnulli,
502 4300 597 4371 qui
628 4307 911 4354 auctorem
950 4297 1211 4355 dixerunt
1252 4299 1487 4356 Iudaeos
1527 4301 1628 4357 sub
1666 4305 1961 4359 Persarum
2000 4305 2129 4378 iugo
2173 4305 2434 4380 degentes
2463 4313 2736 4368 consolari

268 4501 331 4564 (1)
357 4503 635 4566 Praecepta
671 4501 911 4565 pleraque
938 4491 1245 4566 aphoristico
1283 4501 1434 4553 modo
1462 4511 1835 4567 proponuntur,
1866 4509 1926 4556 ut
1961 4512 2230 4560 accuratus
2269 4524 2428 4562 nexus
2461 4513 2594 4564 inter
2629 4515 2738 4564 sin—

212 4577 345 4639 gulas
372 4595 585 4644 gnomas
618 4581 707 4630 vix
734 4580 1045 4632 inveniatur.
