3050 5184
191 262 512 307 vaasronns
539 262 616 308 nx
645 262 1066 309 ALEXANDRINA
1100 262 1472 307 neamus.
1513 279 1591 288 —
1622 246 1681 305 2.
1716 260 2026 315 corneae:
2057 247 2117 305 3.
2151 262 2530 307 ΑΕτιιιοΡιοΑ.
2618 248 2693 304 95

157 402 255 460 tur,
279 396 776 467 transcripserunt.
802 396 1083 466 Quoniam
1108 395 1167 450 in
1212 395 1462 453 sahidica
1513 394 1765 450 versione
1790 393 1907 449 fere
1929 393 2142 462 eadem,
2173 410 2314 467 quae
2339 396 2398 451 in
2426 394 2693 466 memphi·

155 482 280 547 tica,
307 482 554 539 habetur
591 483 988 540 vocabulorum
1015 498 1342 556 graecorum
1379 480 1721 555 frequentia,
1749 482 1999 553 quamvis
2034 482 2092 539 in
2122 484 2405 555 superiore
2442 488 2693 556 Aegypto

156 584 345 639 graeca
373 571 566 644 lingua
593 586 904 643 numquam
929 570 1092 627 fuerit
1117 570 1376 643 vulgaris,
1409 568 1723 626 dubitatum
1746 578 1859 638 est,
1886 585 2070 625 annon
2120 572 2367 629 sahidica
2418 572 2596 627 versio
2626 570 2693 626 sit

151 656 540 729 memphiticae
581 659 831 715 recensio
886 657 1162 731 quaedam
1206 658 1448 715 dialecto
1499 658 1799 729 superioris
1844 665 2029 715 terrae
2078 658 2519 715 accommodata.
2568 660 2693 714 lure

149 748 344 801 merito
381 754 574 803 autem
609 746 750 803 duas
785 747 1065 803 versiones
1095 746 1244 803 inter
1269 762 1329 801 se
1361 743 1679 817 dependere
1711 762 2007 818 negamu8‚
2036 748 2300 817 quoniam
2332 763 2444 803 non
2474 755 2691 803 tantum

149 832 332 889 multis
361 834 422 890 in
457 836 596 891 locis
617 834 898 891 diversum
925 843 1139 891 textum
1164 849 1426 907 graecum
1463 842 1809 905 supponunt,
1838 833 1933 890 sed
1964 833 2205 890 eundem
2234 850 2453 907 quoque
2480 842 2691 890 textum

148 930 250 975 tam
300 920 678 979 diversimode
721 922 990 990 reddunt,
1017 931 1079 978 ut
1120 922 1405 978 interdum
1450 938 1551 993 per
1588 923 1795 977 multos
1840 937 2031 977 versus
2073 924 2163 978 vix
2196 924 2255 978 in
2293 939 2403 978 uno
2449 922 2693 978 alterove

149 1008 419 1065 vocabulo
447 1020 776 1067 consonent.
815 1012 962 1067 Hinc
990 1019 1218 1083 apparet
1253 1025 1455 1084 magna
1487 1010 1789 1065 auctoritas
1822 1010 2139 1066 versionum
2172 1011 2543 1083 copticarum3
2581 1010 2693 1065 duo

148 1097 288 1153 enim
337 1106 514 1155 testes
561 1099 704 1155 inter
742 1115 802 1154 se
844 1115 958 1154 non
1000 1098 1378 1170 dependentes
1424 1114 1553 1153 eum
1580 1106 1795 1153 textum
1837 1098 1999 1154 nobis
2028 1099 2308 1167 exhibent,
2338 1099 2431 1170 qui
2460 1107 2694 1155 exeunte

149 1198 280 1241 saec.
315 1191 370 1241 2.
404 1195 506 1241 aut
537 1186 739 1243 saltem
769 1186 992 1243 ineunte
1019 1201 1164 1243 saec.
1199 1192 1252 1243 3.
1291 1187 1350 1241 in
1377 1190 1630 1259 Aegypto
1660 1194 1991 1258 propagatus
2018 1195 2157 1255 erat,
2190 1195 2489 1259 antequam
2518 1186 2693 1243 versio

147 1273 500 1331 alexandrina
530 1273 778 1346 hexaplis
805 1274 1058 1347 origenis
1081 1281 1137 1331 et
1163 1276 1385 1330 Novum
1412 1276 1827 1330 Testamentum
1866 1273 2193 1331 lectionibus
2221 1275 2563 1331 antiochenis
2596 1282 2693 1330 aut

141 1360 450 1433 byzantinis
477 1364 764 1434 corrumpi
791 1366 999 1433 potuit3
1033 1371 1199 1434 atque
1230 1362 1378 1419 hune
1404 1370 1621 1418 textum
1650 1360 1895 1431 fidelius,
1929 1377 2098 1434 quam
2123 1363 2322 1434 reliqui
2354 1362 2469 1418 fere
2497 1376 2692 1418 omnes

139 1448 468 1521 interpretes
513 1449 909 1519 reddiderunt,
953 1451 1082 1523 quia
1121 1450 1288 1505 etiam
1329 1450 1630 1506 articulum
1676 1448 1878 1522 ubique
1928 1449 2243 1521 exprimunt
2286 1450 2691 1522 particulasquc

143 1552 360 1607 graecas
389 1537 687 1609 plerasque
716 1539 973 1595 retinent.

195 1626 406 1681 Procul
431 1626 603 1699 igitur
630 1626 796 1682 dubio
828 1626 1135 1697 primitivae
1171 1626 1420 1698 copticae
1445 1626 1715 1683 editiones
1740 1626 2007 1702 imagines
2036 1624 2228 1682 fideles
2258 1626 2481 1683 suerunt
2510 1628 2689 1699 graeci

145 1720 312 1769 textus
354 1714 616 1769 exeuntis
658 1730 804 1769 saec.
849 1720 935 1783 23
983 1730 1049 1770 eo
1091 1714 1266 1786 magis
1313 1714 1480 1786 igitur
1506 1711 1841 1782 dolendum,
1888 1712 2040 1785 quod
2088 1714 2375 1786 hucusque
2420 1712 2691 1770 editiones

143 1816 238 1855 non
268 1802 613 1873 prodierint,
648 1800 850 1873 quibus
885 1800 958 1858 ad
995 1802 1154 1857 illum
1185 1810 1546 1875 prototypum
1582 1800 1985 1858 restituendum
2016 1802 2095 1858 uti
2132 1802 2424 1874 possimuS.
2460 1804 2689 1860 Veteris

149 1890 509 1945 Testamenti
535 1890 688 1945 nulla
726 1897 810 1945 est
849 1888 1122 1961 completa
1167 1888 1366 1957 editi03
1409 1888 1833 1962 memphiticae
1870 1890 2139 1945 versionis
2180 1890 2308 1947 libri
2350 1890 2519 1963 aliqui
2562 1899 2691 1946 sunt

141 1976 256 2033 editi
279 1986 459 2049 atque
489 1976 750 2033 meliores
774 1976 1044 2033 editiones
1065 1985 1196 2033 sunt
1220 1977 1588 2034 Pentateuchi
1613 1976 1695 2049 (Ρ.
1724 1978 1799 2033 de
1827 1979 2118 2050 Laqarde.
2152 1978 2447 2051 Gottingae
2483 1980 2683 2050 1867.),

144 2064 400 2121 Psalterii
431 2066 522 2137 (R.
555 2064 753 2121 Tulcii.
781 2066 994 2121 Romae
1035 2070 1225 2134 1744.;
1262 2074 1317 2121 et
1347 2066 1410 2120 P.
1442 2065 1514 2121 de
1537 2064 1837 2137 Layarde.
1870 2066 2165 2137 Gottingae
2198 2068 2403 2138 1875.)‚
2435 2067 2559 2123 libri
2590 2066 2690 2123 Iob

143 2157 230 2217 (H.
279 2157 558 2209 Tutiam.
593 2152 848 2209 Londoni
887 2157 1088 2222 1846.),
1121 2152 1402 2208 Minorum
1430 2160 1487 2209 et
1515 2152 1789 2209 Maiorum
1834 2153 2237 2225 Prophetarum
2280 2155 2375 2226 (H.
2422 2159 2684 2211 Tattam.

139 2243 368 2299 Londini
399 2246 556 2299 1836.
596 2246 800 2308 1852.).
826 2240 1142 2299 Sahidieae
1169 2240 1440 2297 versionis
1469 2237 1781 2308 fragmenta
1811 2246 2028 2295 tantum
2058 2238 2205 2295 edita
2230 2247 2359 2295 sunt
2386 2254 2419 2295 a
2444 2238 2677 2307 Tucki0‚

141 2329 513 2403 fflngareffio,
543 2327 757 2399 zoega,
790 2328 858 2384 de
885 2328 1171 2401 Lagarde;
1203 2328 1284 2384 uti
1323 2328 1487 2383 etiam
1518 2326 1904 2383 bashmuricae
1939 2341 2117 2397 pauca
2150 2325 2220 2382 ab
2258 2326 2591 2399 Engelbreth
2626 2333 2683 2381 et

139 2416 518 2487 Quatremere.
557 2417 711 2473 Novi
750 2416 1108 2473 Testamenti
1145 2415 1515 2487 memphitici
1543 2416 1821 2487 integram
1853 2413 2157 2470 editionem
2186 2414 2399 2470 curavit
2426 2420 2490 2469 R.
2528 2414 2689 2469 Wil-

139 2507 254 2563 kins
291 2506 528 2573 (oxonii
568 2510 782 2573 itia),
825 2504 1074 2561 criticam
1102 2503 1388 2560 inchoavit
1429 2507 1510 2559 M.
1566 2506 1637 2560 G.
1688 2504 2033 2559 Schwartze
2081 2504 2419 2575 (Evangelia.
2469 2502 2690 2572 Lipsiae

146 2602 344 2662 ista),
381 2610 584 2667 parum
607 2602 866 2650 accurate
890 2593 1210 2649 terminavit
1236 2597 1304 2648 P.
1337 2594 1668 2649 Boettielier
1693 2590 1852 2665 (Acta
1880 2600 1935 2647 et
1956 2591 2253 2663 Epistolae.
2282 2591 2458 2647 Halae
2487 2594 2687 2659 1852).

143 2682 406 2741 Maiorem
447 2692 666 2755 partem
704 2680 984 2738 Sabidioi
1022 2681 1181 2737 Novi
1218 2683 1579 2737 Testamenti
1618 2680 1846 2737 exbibet
1888 2700 1914 2731 «
1952 2678 2244 2751 Appendix
2280 2679 2353 2735 ad
2389 2678 2687 2736 editionem

143 2771 206 2825 N.
227 2774 294 2827 T.
325 2786 400 2827 ex
432 2768 561 2827 cod.
604 2770 746 2825 alex.
777 2786 806 2825 a
838 2770 899 2825 C.
939 2769 1010 2825 G.
1041 2767 1213 2824 Woid
1257 2768 1520 2840 descripti
1549 2788 1575 2819 n
1623 2768 1847 2837 (oxonii
1890 2771 2100 2836 1799.);
2148 2775 2434 2839 praeterea
2473 2766 2687 2822 minora

145 2858 382 2916 sahidioe
411 2867 470 2915 ct
491 2857 848 2915 bashmurica
877 2858 1188 2930 fragmenta
1217 2854 1368 2912 edita
1398 2864 1530 2913 sunt
1556 2872 1589 2912 a
1618 2856 1809 2913 variis,

1122 3050 1249 3103 111.
1285 3051 1687 3116 Aethiopica.

215 3226 272 3283 7.
303 3258 386 3267 —
413 3223 518 3285 Uti
547 3223 686 3301 ipsa
713 3221 1014 3283 ecelesiae
1037 3220 1102 3281 in
1122 3220 1452 3281 Abessinia
1483 3222 1799 3295 fundati0‚
1824 3222 1914 3281 ita
1944 3221 2133 3281 etiam
2164 3222 2343 3282 initia
2369 3222 2677 3281 versionis

149 3320 606 3398 seripturarum
629 3316 1019 3395 aethiopicae
1037 3362 1053 3391 ,
1089 3334 1211 3395 qua
1238 3318 1502 3377 ecclesia
1527 3318 1635 3378 illa
1663 3334 1914 3396 semper
1939 3324 2037 3378 est
2069 3336 2211 3387 usa,
2244 3318 2487 3397 primae
2517 3320 2676 3396 parti

151 3417 366 3479 saeculi
397 3421 460 3477 4.
507 3420 677 3478 recte
728 3415 1186 3486 attribuuntur3
1214 3414 1548 3475 terminata
1584 3418 1794 3476 autem
1835 3415 2043 3475 versio
2082 3433 2209 3476 non
2252 3432 2390 3475 esse
2428 3415 2679 3477 videtur

151 3514 261 3573 nisi
289 3532 458 3575 saec.
496 3516 558 3574 5.

215 3628 276 3683 [n
301 3627 456 3683 illam
483 3624 766 3682 interioris
801 3624 1021 3681 Africae
1057 3634 1301 3696 partem,
1329 3640 1470 3697 quae
1505 3623 1671 3680 hodie
1700 3623 1985 3681 Abessinia
2011 3625 2305 3695 (Habesch)
2348 3627 2673 3698 appellatur,

155 3722 261 3769 tum
281 3714 550 3787 temporis
571 3722 758 3769 autem
784 3728 1016 3785 regnum
1041 3712 1440 3768 auxumiticum
1463 3712 1779 3780 constituit,
1808 3712 2035 3769 ineunte
2061 3728 2201 3769 saec.
2230 3720 2289 3769 4.
2311 3713 2425 3770 duo
2452 3714 2678 3771 iuvenes

155 3802 292 3873 tyrii,
319 3801 678 3859 Frumentius
713 3808 771 3857 et
806 3800 1100 3866 Aedesius,
1135 3800 1496 3872 Evangelium
1525 3800 1849 3856 attulerunt.
1888 3802 1943 3857 S.
1970 3802 2321 3857 Frumentius
2349 3817 2380 3857 a
2408 3803 2466 3858 S.
2496 3802 2676 3859 Atha-

159 3891 292 3946 nasio
327 3894 408 3949 M.
453 3890 664 3961 primus
710 3888 857 3943 illius
895 3888 1157 3945 ecclesiae
1205 3888 1479 3943 nascentis
1524 3888 1813 3959 episcopus
1858 3889 2230 3958 renuntiatus,
2276 3906 2449 3961 quum
2488 3889 2673 3962 lingua

163 3992 330 4045 graeca
355 3977 654 4049 neophytis
683 3992 907 4050 prorsus
943 3978 1130 4049 ignota
1167 3992 1382 4032 sacram
1411 3976 1689 4049 liturgiam
1725 3976 2005 4033 celebrare
2028 3992 2144 4033 non
2172 3987 2384 4049 posset,
2417 3994 2485 4033 ex
2512 3978 2677 4033 variis

159 4063 414 4133 dialectis,
457 4081 601 4139 quae
625 4066 680 4121 in
719 4081 890 4139 regno
917 4064 1254 4120 auxumitico
1282 4065 1537 4134 vulgares
1564 4073 1739 4131 erant,
1774 4080 1900 4121 eam
1925 4066 2111 4138 elegit,
2140 4081 2283 4137 quae
2308 4064 2545 4121 nobilior
2570 4064 2677 4121 ha-

161 4148 394 4225 bebatur-3
429 4156 584 4211 Geez
617 4153 884 4223 (liberam)
915 4167 1038 4209 eam
1065 4152 1346 4224 appellant
1373 4150 1686 4223 indigenae,
1718 4168 1821 4207 nos
1850 4168 1973 4209 eam
2002 4152 2367 4225 aethiopicam
2396 4153 2677 4224 appellare

163 4240 403 4312 solanus3
426 4242 498 4299 ad
525 4240 790 4298 familiam
809 4240 1112 4297 semiticam
1133 4238 1371 4311 pertinet
1389 4240 1643 4296 arabicae
1670 4240 1892 4312 linguae
1910 4239 2117 4310 vicina;
2138 4240 2193 4295 in
2223 4256 2327 4296 usu
2354 4239 2675 4312 quotidiano

165 4324 306 4386 hodie
327 4345 444 4388 non
469 4330 711 4402 amplius
739 4337 850 4399 est,
877 4327 978 4385 sed
1013 4328 1114 4385 soli
1155 4327 1412 4400 liturgiae
1439 4328 1687 4385 inservit.
1717 4327 1966 4400 Liturgia
2008 4336 2193 4383 autem
2234 4328 2498 4385 lectiones
2539 4328 2676 4385 scri-

169 4418 450 4483 puiristioes
477 4419 741 4491 postulat,
778 4432 949 4490 quare
978 4432 1008 4473 a
1039 4416 1223 4487 priore
1263 4416 1376 4471 iam
1417 4416 1585 4471 statui
1608 4425 1807 4486 potest,
1842 4416 2039 4472 eodem
2064 4424 2314 4488 tempore
2327 4458 2342 4485 ‚
2375 4432 2485 4489 quo
2512 4417 2675 4474 litur-

165 4502 310 4575 giam,
337 4508 496 4563 etiam
541 4507 856 4576 Scripturas
901 4502 1209 4575 aethiopice
1255 4502 1396 4560 verti
1439 4512 1665 4575 coeptas
1701 4520 1839 4562 esse.
1884 4506 2095 4561 Revera
2132 4504 2383 4560 Abessini
2412 4504 2678 4562 versionis

163 4603 284 4647 suae
305 4604 548 4653 auctores
573 4594 768 4652 dicunt
795 4592 950 4650 Abba
993 4594 1242 4662 Salama,
1276 4608 1387 4664 quo
1415 4592 1641 4649 nomine
1668 4594 1723 4651 S.
1754 4593 2137 4675 Frumentium
2174 4593 2485 4669 designant,
2516 4614 2539 4648 ι
2572 4610 2675 4653 no-
