3050 5184
322 275 441 333 524
480 292 556 334 DE
598 294 742 338 N0v1
785 295 951 340 TEsT.
997 296 1188 342 umus
1216 294 1567 340 msromcls.
1603 311 1681 322 --
1709 293 1841 338 CAP.
1874 293 1964 337 lv.
2010 293 2085 337 DE
2126 292 2373 338 Acrmcs
2405 293 2827 339 Amsrotoncta.

318 438 374 482 a.
410 426 509 484 59.
538 426 835 491 videntur
872 446 1010 489 esse
1046 428 1239 501 facta3
1268 428 1433 488 unde
1477 426 1788 504 sequitur,
1830 426 2184 488 Concilium
2208 427 2658 505 Apostolorum
2688 425 2832 506 (15³

319 519 488 696 {gg}
509 523 900 680 gelffratum
931 543 1067 586 esse
1097 543 1155 586 a.
1178 527 1304 596 51„
1328 523 1594 586 Paulum
1622 527 1833 584 autem
1856 523 1934 583 ad
1957 522 2149 584 fidem
2172 540 2310 583 esse
2328 539 2707 584 conversum
2726 522 2833 600 (9‚¹

391 740 668 798 Ultimum
709 758 872 800 suum
912 745 1021 800 iter
1061 743 1426 815 apostolicum
1467 743 1525 800 S.
1568 742 1803 798 Paulum
1843 741 1988 797 circa
2030 741 2231 798 festum
2272 744 2627 798 Pentecostes
2672 757 2721 796 a.
2763 745 2842 795 59.

320 829 644 885 terminasse
686 829 954 900 diximus3
985 832 1043 887 in
1084 831 1183 888 illo
1225 840 1412 886 autem
1455 829 1653 886 saltem
1697 844 1796 901 per
1842 827 1983 886 duos
2010 845 2188 886 annos
2228 838 2287 886 et
2326 828 2618 886 dimidium
2658 827 2847 900 Ephesi

322 919 563 984 (19,8-10
591 917 674 973 cfr
697 924 882 989 20,31)
911 928 968 976 et
995 934 1092 990 per
1117 927 1234 974 tres
1261 933 1479 974 menses
1521 917 1582 972 in
1614 917 1825 973 Achaia
1854 921 2023 987 (2⁰5³)
2052 926 2433 974 commoratus
2458 925 2568 986 est,
2600 917 2698 973 cui
2718 925 2847 971 tem-

322 1003 441 1073 pori
482 1005 530 1059 si
572 1005 854 1062 adduntur
892 1008 1008 1062 eius
1035 1006 1509 1079 peregrinationes
1549 1021 1648 1076 per
1672 1005 1952 1062 GalatIam
1991 1004 2401 1078 Phrygiamque
2442 1009 2651 1076 (1833)
2684 1013 2740 1061 et
2764 1019 2853 1075 per

321 1090 704 1149 Macedoniam
748 1098 918 1163 (20,1.
949 1099 1005 1162 2)
1034 1103 1200 1166 atque
1225 1093 1436 1149 reditus
1462 1093 1583 1148 eius
1624 1109 1691 1148 ex
1719 1093 1927 1149 Achaia
1955 1109 2056 1164 per
2076 1092 2463 1150 Macedoniam
2500 1101 2611 1149 etc.
2660 1093 2721 1148 in
2757 1093 2851 1146 Pa-

321 1179 610 1236 laestinam
641 1185 1022 1252 (20‚3-21,14),
1049 1183 1153 1238 iter
1175 1182 1455 1254 integrum
1479 1188 1720 1251 quatuor
1742 1196 1918 1236 annos
1940 1179 2274 1237 absumsisse
2298 1181 2419 1238 iure
2442 1179 2715 1250 dicemm,
2746 1181 2779 1234 i.
2804 1195 2846 1233 e.

322 1281 354 1322 a
382 1282 510 1323 vere
539 1273 625 1324 55.
660 1283 836 1342 usque
863 1268 935 1326 ad
962 1277 1324 1340 pentecosten
1355 1275 1443 1325 59.
1474 1300 1544 1308 --
1570 1271 1715 1324 Ante
1754 1267 1861 1324 hoc
1897 1269 2005 1324 iter
2026 1269 2346 1341 ,Apostolus
2386 1284 2453 1325 ex
2491 1268 2851 1340 praecedente

321 1354 517 1412 itinere
541 1357 718 1414 redux
743 1357 1068 1414 Antiochiae
1090 1357 1332 1413 hiemem
1365 1359 1549 1426 (18,23
1584 1377 1609 1408 α
1640 1356 1923 1427 aliquanto
1952 1364 2204 1429 tempore
2233 1361 2285 1426 n)
2314 1357 2591 1430 peregisse
2620 1355 2847 1425 videtur,

320 1442 397 1499 ita
432 1453 495 1498 ut
523 1459 555 1499 a
595 1453 821 1502 ctumno
849 1452 940 1502 54.
979 1462 1047 1502 ex
1075 1445 1322 1501 secundo
1355 1444 1427 1500 sit
1452 1459 1738 1504 reversusz
1766 1443 1861 1500 sed
1890 1444 2032 1501 illud
2057 1460 2279 1518 quoque
2308 1445 2503 1502 saltem
2540 1453 2658 1502 tres
2684 1459 2851 1501 annos

321 1461 649 1600 ἀιιηνεῑέὴ,
679 1532 747 1590 ab
776 1543 985 1590 aestate
1016 1540 1105 1589 51.
1137 1533 1210 1588 ad
1247 1541 1611 1589 auctumnum
1638 1537 1727 1586 54.
1760 1531 1903 1588 Nam
1932 1533 1989 1588 in
2012 1533 2111 1589 illo
2140 1542 2531 1606 peragraverat
2559 1534 2778 1606 Syriam
2804 1539 2849 1586 et

320 1619 568 1676 Ciliciam
597 1624 832 1689 (15,41),
868 1621 1168 1694 Phrygiam
1195 1628 1252 1676 et
1282 1619 1557 1677 Galatiam
1588 1624 1786 1689 (16,6);
1818 1621 1877 1675 in
1910 1619 2297 1676 Macedoniam
2325 1629 2704 1694 transgressus
2732 1620 2851 1675 satis

321 1705 418 1762 diu
443 1708 711 1779 Philippis
741 1713 944 1778 (16,16.
990 1713 1106 1776 18),
1150 1706 1580 1764 Thessalonicae
1622 1710 1820 1776 (17,2)‚
1853 1707 2175 1779 Amphipoli
2216 1717 2273 1764 et
2311 1712 2553 1764 Beroeae
2596 1713 2849 1779 (17,1-10)

323 1802 700 1851 commoratus
729 1805 874 1863 erat,
912 1804 1078 1866 atque
1104 1797 1164 1850 in
1205 1795 1470 1852 Achaiam
1501 1794 1783 1867 profectus
1822 1793 2055 1851 Athenis
2084 1795 2297 1868 aliquot
2338 1795 2707 1852 hebdomadis
2748 1801 2850 1862 (17,

327 1888 392 1939 16
433 1887 612 1955 sqq.),
644 1883 896 1939 Corinthi
923 1898 1023 1956 per
1060 1899 1267 1940 annum
1311 1891 1366 1938 et
1395 1881 1687 1938 dimidium
1720 1883 1892 1954 (18,11
1940 1887 2087 1955 sqq.)
2127 1892 2184 1939 et
2222 1884 2425 1940 iterum
2472 1905 2497 1936 α
2528 1900 2629 1956 per
2656 1884 2851 1940 multos

323 1969 439 2026 dies
461 1991 486 2021 2>
515 1971 719 2042 (18,18)
743 1971 1112 2026 consederat¹.
1141 2001 1213 2010 —
1237 1970 1547 2027 Concilium
1574 1971 1966 2041 Apostolorum
1998 1969 2253 2026 habitum
2281 1987 2399 2026 esse
2426 1971 2585 2028 brevi
2612 1981 2745 2028 ante
2771 1987 2850 2026 se-

322 2057 569 2113 cundum
611 2058 737 2128 iter,
770 2059 950 2113 elucet
990 2074 1056 2113 ex
1087 2073 1181 2127 eo,
1214 2056 1366 2129 quod
1409 2057 1613 2113 Paulus
1654 2057 2009 2132 lerosolymis
2048 2058 2408 2114 Antiochiam
2450 2073 2707 2116 reversus
2746 2075 2849 2115 non

321 2145 426 2201 nisi
458 2166 482 2196 α
515 2147 862 2217 aliquantum
887 2145 1158 2216 temporis
1185 2165 1212 2196 s
1246 2153 1304 2201 et
1348 2164 1373 2196 α
1417 2145 1633 2216 aliquot
1661 2143 1781 2201 dies
1810 2167 1836 2198 »2
1868 2145 1965 2201 illa
2003 2147 2063 2202 in
2100 2147 2241 2203 urbe
2282 2149 2615 2204 remansisse
2656 2148 2849 2204 dicitur

323 2238 527 2304 (15,33.
575 2233 714 2306 36.);
747 2249 921 2305 quare
951 2243 1102 2290 recte
1130 2233 1428 2289 concilium
1454 2233 1679 2289 ineunte
1720 2249 1772 2290 a.
1812 2240 1902 2291 51.
1934 2233 2274 2290 celebratum
2304 2249 2423 2290 esse
2462 2236 2747 2292 asseritur.
2778 2244 2848 2292 At

321 2326 482 2383 Pauli
510 2327 616 2381 iter
644 2327 716 2382 ad
748 2326 1049 2382 concilium
1087 2325 1237 2382 idem
1265 2341 1413 2396 esse,
1445 2325 1515 2381 de
1546 2342 1657 2398 quo
1680 2325 1819 2383 Gal.
1850 2331 1938 2392 2,1
1972 2342 2157 2382 sermo
2180 2335 2295 2396 est,
2324 2343 2518 2384 omnes
2544 2326 2661 2384 sere
2689 2330 2849 2384 inter-

325 2422 506 2485 pretes
541 2414 741 2470 merito
768 2423 987 2484 tenent;
1011 2413 1090 2470 ibi
1116 2422 1303 2469 autem
1339 2412 1410 2469 de
1438 2412 1657 2471 duobus
1684 2413 1972 2470 itineribus
2002 2415 2468 2489 ierosolymitanis
2493 2417 2759 2488 loquitur,
2790 2417 2853 2471 de

325 2503 531 2571 primo,
559 2502 709 2575 quod
739 2501 867 2558 fecit
890 2501 1070 2558 tribus
1096 2501 1255 2558 annis
1279 2510 1407 2574 post
1428 2503 1849 2558 conversionem
1874 2517 2032 2559 suam
2062 2503 2207 2571 (Gal.
2240 2508 2386 2574 1,18)
2415 2511 2471 2560 et
2494 2503 2567 2560 de
2588 2503 2763 2560 altero
2789 2502 2849 2559 ad

323 2589 648 2660 Concilium,
672 2589 823 2662 quod
846 2590 1086 2662 suscepit
1107 2588 1524 2662 quatuordecim
1551 2589 1711 2645 annis
1743 2599 1869 2661 post
1891 2590 2135 2662 primum
2159 2595 2322 2660 (2‚1);
2350 2591 2539 2663 itaque
2574 2593 2853 2647 conversio

324 2678 442 2734 eius
479 2678 734 2749 ponenda
763 2685 849 2734 est
873 2676 1270 2750 septemdecim
1307 2677 1466 2733 annis
1491 2685 1621 2733 ante
1650 2677 1949 2734 concilium
1987 2679 2027 2734 i.
2060 2695 2109 2734 e.
2144 2695 2197 2735 a.
2239 2685 2307 2735 34
2320 2679 2363 2735 ².
2393 2710 2466 2720 —
2490 2679 2853 2748 Quandonam

323 2767 567 2838 primum
604 2766 709 2822 iter
744 2781 908 2822 suum
933 2763 1298 2834 inchoaverit,
1341 2763 1599 2821 accurate
1640 2781 1755 2820 non
1794 2774 1980 2837 potest
2024 2765 2271 2848 definiri3
2303 2775 2521 2823 certum
2566 2775 2681 2838 est,
2722 2767 2851 2823 iliud

385 2953 454 3017 (1)
481 2951 774 3016 Apostolum
797 2963 844 3001 a.
877 2956 953 3000 52.
981 2949 1281 3001 Corinthum
1309 2949 1470 3012 prima
1497 2950 1610 2999 vice
1636 2950 1855 3008 venisse,
1886 2954 2002 3003 Act.
2036 2957 2242 3012 18,2.t2.
2269 2950 2513 3002 videntur
2538 2953 2847 3003 confirmare.

324 3032 524 3082 Etenim
554 3031 785 3081 Corinthi
811 3029 1045 3094 Aquilam
1067 3031 1123 3079 et
1149 3026 1438 3078 Priscillam
1472 3028 1729 3078 invenisse
1752 3028 1956 3088 dicitur,
1990 3049 2017 3072 ιι
2038 3030 2127 3094 qui
2148 3043 2327 3094 nuper
2348 3031 2679 3096 (προσφάτως)
2704 3045 2851 3082 vene-

324 3113 442 3160 rant
470 3110 532 3160 ab
558 3110 730 3169 Italia,
761 3122 824 3160 eo
846 3107 986 3172 quod
1013 3108 1350 3172 praecepisset
1375 3106 1619 3158 Claudius
1649 3107 1909 3159 discedere
1934 3122 2107 3160 omnes
2138 3108 2349 3161 Iudaeos
2375 3124 2408 3159 a
2438 3113 2601 3161 Roma
2630 3131 2659 3155 ι
2688 3113 2847 3174 (183).

324 3194 438 3248 Quo
469 3203 602 3240 anno
631 3187 874 3239 claudius
900 3177 998 3237 hoc
1028 3186 1306 3244 decretum,
1331 3185 1397 3236 de
1417 3199 1521 3250 quo
1542 3185 1742 3250 profani
1768 3199 1977 3251 quoque
2002 3187 2273 3251 scriptores
2298 3188 2587 3252 loquuntur
2622 3191 2847 3253 (sueton.

325 3268 504 3321 Claud.
536 3269 634 3332 25),
663 3266 1076 3332 promulgaverit,
1108 3279 1209 3315 non
1238 3263 1392 3330 plane
1418 3269 1647 3325 constat;
1677 3267 2001 3316 verisimilior
2026 3270 2197 3318 autem
2219 3269 2469 3318 sententia
2496 3273 2667 3329 tenet,
2692 3283 2805 3320 eum
2824 3282 2851 3318 a

326 3354 402 3400 51.
429 3347 640 3398 ludaeos
657 3350 816 3397 Roma
837 3345 1108 3408 expulisse.
1127 3347 1286 3395 Porro
1312 3343 1474 3393 Iulius
1491 3347 1729 3395 Annaeus
1752 3346 1933 3396 Gallio
1960 3346 2234 3410 proconsul
2252 3346 2471 3397 Achaiae
2492 3351 2709 3398 vocatur
2730 3350 2853 3410 (Act.

329 3427 514 3491 18,12);
556 3425 702 3488 atqui
737 3424 903 3476 Gallio
939 3427 1054 3474 ante
1095 3437 1140 3472 a.
1181 3429 1258 3473 51.
1301 3422 1382 3472 vel
1411 3427 1488 3472 52.
1530 3423 1709 3473 consul
1746 3423 1914 3474 factus
1954 3439 2055 3473 non
2087 3429 2183 3484 est,
2219 3439 2280 3475 ac
2305 3426 2520 3492 proinde
2546 3427 2852 3491 provinciam

323 3507 540 3557 Achaiae
558 3510 673 3555 ante
691 3518 738 3554 a.
766 3509 844 3554 53.
862 3503 944 3553 vel
967 3508 1044 3553 54.
1069 3517 1172 3553 non
1187 3500 1425 3551 obtinuit.
1449 3505 1629 3565 Itaque
1646 3502 1863 3567 Paulus,
1886 3503 1932 3552 si
1950 3517 1996 3553 a.
2021 3511 2099 3554 52.
2124 3504 2431 3554 Corinthum
2453 3494 2617 3566 v'enit,
2638 3511 2692 3556 et
2708 3508 2849 3570 Aqui-

323 3587 426 3638 lam
449 3598 624 3650 πυρετ-
652 3597 714 3634 ex
743 3582 892 3633 ltalia
913 3582 1183 3632 advectum
1207 3579 1432 3630 invenire
1458 3585 1612 3645 atque
1632 3585 1748 3646 post
1770 3596 1961 3632 annum
1980 3587 2033 3633 et
2052 3597 2141 3633 sex
2160 3597 2357 3634 menses
2381 3584 2566 3648 (18,11)
2594 3589 2719 3636 ante
2740 3585 2850 3636 Gal-

325 3667 476 3717 lionis
502 3661 730 3715 tribunal
755 3662 890 3712 trahi
913 3661 1096 3725 potuit.

385 3746 452 3810 (2)
499 3745 771 3808 Disputant
813 3741 1020 3806 quidem
1042 3741 1360 3804 interpretes,
1397 3751 1426 3787 a
1468 3753 1573 3804 quo
1608 3741 1831 3800 termino
1856 3741 2245 3806 quatuordecim
2277 3741 2401 3792 anni
2440 3743 2586 3806 (Gal.
2628 3745 2731 3808 2,1)
2762 3745 2851 3795 sint

327 3824 656 3884 numerandi;
677 3827 831 3888 atque
858 3834 974 3871 cum
999 3821 1119 3873 Veri.
1147 3821 1318 3883 Beda,
1339 3817 1394 3873 S.
1423 3819 1627 3882 Thom„
1651 3824 1850 3871 Bar-on.
1870 3823 1967 3871 etc.
1994 3819 2157 3884 aliqui
2177 3820 2409 3889 moderni
2432 3835 2647 3886 quoqne
2665 3827 2850 3876 tenent.

325 3905 542 3955 Paulum
561 3917 592 3953 a
620 3900 951 3952 conversione
978 3915 1070 3951 sua
1097 3915 1379 3963 numerare,
1411 3903 1483 3952 ita
1515 3905 1576 3951 ut
1597 3904 1702 3950 tres
1720 3899 1861 3957 anni,
1890 3899 1957 3950 de
1982 3899 2173 3962 quibus
2206 3902 2326 3952 Gal.
2362 3906 2469 3960 1,18
2496 3901 2749 3966 loquitur,
2780 3902 2855 3952 his

325 3982 724 4048 quatuordecim
736 3981 1250 4045 comprehendantur.
1276 3986 1341 4032 At
1367 3996 1484 4033 cum
1509 3985 1562 4032 S.
1590 3979 1781 4043 Chrys.
1812 3983 1864 4029 et
1892 3982 1941 4030 S.
1966 3981 2120 4031 Hier.
2146 3979 2293 4041 longe
2317 3979 2549 4043 plerique
2571 3981 2803 4031 moderni
2828 3995 2855 4028 a

327 4065 471 4114 tinito
497 4061 829 4127 praecedente
853 4060 1039 4111 itinere
1061 4061 1448 4126 quatuordecim
1467 4073 1631 4112 annos
1651 4058 1766 4109 illos
1790 4058 2063 4108 decurrere
2082 4058 2271 4108 rectius
2300 4063 2526 4110 censent.
2558 4059 2714 4110 Nulla
2730 4059 2852 4110 enim

326 4145 534 4207 apparet
562 4141 720 4202 ratio,
755 4153 847 4190 cur
871 4140 1064 4192 Paulus
1089 4141 1276 4192 iterum
1306 4140 1371 4192 ad
1403 4139 1789 4190 conversionem
1816 4137 2094 4200 respexisse
2118 4137 2347 4200 dicatur;
2375 4137 2533 4187 immo
2568 4151 2735 4202 quum
2776 4137 2853 4186 di-

329 4226 428 4281 cat,
462 4235 516 4270 se
551 4221 696 4271 πάλιν
725 4219 1037 4281 ascendisse,
1076 4220 1176 4271 iter
1207 4223 1311 4282 1,18
1347 4221 1800 4270 commemoratum
1834 4207 1956 4280 prae
1982 4215 2143 4266 oculis
2180 4219 2317 4267 certe
2352 4216 2547 4266 habuit.
2576 4219 2847 4272 Praeter-ea.

328 4301 371 4351 si
400 4299 589 4350 iterum
610 4313 640 4348 a
667 4299 1003 4348 conversione
1027 4313 1118 4349 sua
1145 4313 1310 4350 annos
1335 4300 1676 4357 numerasset,
1705 4293 1919 4349 eandem
1946 4293 2121 4358 procul
2152 4292 2327 4352 dubio,
2365 4307 2517 4358 quam
2555 4300 2679 4356 ms,
2722 4307 2847 4359 prae·

327 4379 629 4443 positionem
655 4378 811 4441 (μετά)
835 4377 1176 4439 adhibuisset3
1211 4377 1517 4442 praepositio
1549 4380 1717 4426 autem
1738 4371 1819 4419 διά
1845 4374 2086 4438 temporis
2110 4372 2375 4438 periodum
2398 4389 2501 4424 non
2528 4375 2847 4437 interruptam

330 4460 376 4522 (a
403 4457 685 4508 interiectis
715 4456 1102 4520 quatuordecim
1135 4457 1284 4506 annis
1321 4456 1368 4520 ιι)
1403 4456 1648 4518 designat.
1686 4454 1923 4504 Ceterum
1959 4453 2189 4512 attende,
2218 4453 2517 4518 Apostolum
2544 4454 2643 4504 iter
2676 4465 2843 4502 semn-

329 4537 470 4595 dum,
507 4535 648 4597 quod
675 4536 742 4586 ad
767 4535 1114 4598 eleemosynas
1139 4536 1448 4599 ierosolyma
1481 4531 1783 4584 deferendas
1820 4547 1867 4584 a.
1904 4535 1981 4582 44.
2024 4533 2243 4596 suscepit
2284 4533 2449 4595 (1139
2482 4533 2639 4597 sqq.),
2656 4529 2847 4582 silentio

331 4615 412 4666 hic
441 4612 852 4678 praetermisisse.
