3050 5184
3026 0 3040 128 1

3031 131 3042 196 i

390 331 518 394 658
1531 341 1731 385 mnnx.

886 473 998 540 Qu.
1030 477 1082 526 3.
1110 472 1195 526 De
1223 471 1508 544 utriusque
1535 471 1710 529 libelli
1733 473 2094 530 canonicitate
2100 510 2710 529 ..........
2785 469 2873 519 403

2791 645 2878 695 403

794 559 825 623 §
858 562 942 612 12.
969 559 1053 615 De
1083 557 1387 632 praecipuis
1414 560 1824 616 commentariis
1860 560 2009 617 cath.
2041 561 2100 616 in
2133 561 2193 618 ll.
2236 560 2503 616 Ieremiae
2531 565 2589 613 et
2615 558 2722 610 Ba-

1040 645 1175 702 ruch
1184 684 2716 705 .......................

614 768 811 838 Caput
838 769 942 822 IV.
973 768 1059 824 De
1087 767 1382 840 Prophetia
1414 769 1718 826 Ezechielis
1729 806 2716 830 ...............
2792 769 2878 818 404
3043 749 3046 832 ἶ

796 857 826 921 §
857 860 941 909 13.
972 856 1058 911 De
1086 854 1393 913 Ezechielis
1419 857 1533 915 vita
1563 865 1618 918 et
1651 873 1882 914 munere
1928 898 2720 913 ............
2794 857 2879 906 404
3043 839 3045 900 ἱ

800 945 830 1008 §
866 947 946 997 14.
978 944 1063 998 De
1090 943 1394 1000 Ezechielis
1424 944 1566 1001 libro
1579 983 2719 1004 .................
2795 944 2882 994 406

798 1031 827 1094 §
860 1035 942 1084 15.
974 1032 1057 1086 De
1086 1031 1393 1102 praecipuis
1418 1032 1828 1088 commentariis
1855 1032 1999 1088 cath.
2031 1032 2088 1088 in
2115 1032 2511 1088 Ezechielem..
2569 1074 2582 1086 .
2638 1070 2654 1082 .
2711 1069 2724 1082 .
2797 1032 2876 1081 411
3045 1055 3048 1158 Ν

644 1149 844 1221 caput
874 1153 944 1206 V.
978 1155 1061 1208 De
1088 1152 1384 1224 Prophetia
1414 1154 1658 1210 Danielis
1671 1193 2724 1213 ................
2799 1153 2884 1202 412

800 1241 831 1302 ς
864 1245 947 1294 16.
978 1240 1063 1295 De
1091 1241 1336 1298 Danielis
1364 1241 1471 1296 vita
1495 1249 1553 1298 et
1574 1257 1803 1298 munere
1813 1280 2725 1298 ..............
2799 1241 2888 1291 412

801 1330 831 1394 §
863 1332 946 1381 17.
980 1329 1064 1382 De
1092 1327 1219 1384 libri
1247 1328 1493 1384 Danielis
1520 1338 1848 1401 argumento
1874 1337 1931 1385 et
1957 1329 2144 1385 indole
2157 1370 2724 1385 .........
2799 1331 2885 1378 414

801 1415 831 1480 §
864 1419 947 1469 18.
980 1417 1062 1470 De
1090 1415 1337 1472 Danielis
1359 1415 1487 1472 libri
1514 1417 1800 1472 authentia
1829 1426 1885 1473 et
1911 1417 2237 1473 anctoritate
2251 1455 2652 1475 .......
2711 1456 2728 1466 .
2801 1417 2891 1466 416
3047 1361 3050 1466 Ι

899 1506 1010 1572 Qu.
1046 1510 1095 1558 1.
1123 1506 1207 1558 De
1239 1504 1651 1574 protocanonici
1677 1503 1801 1560 libri
1829 1504 2038 1577 origine
2073 1544 2727 1560 ..........
2805 1505 2892 1554 416

898 1594 1008 1661 Qu.
1041 1596 1094 1646 2.
1121 1593 1205 1647 De
1233 1589 1662 1647 deuterocanon.
1689 1593 1928 1663 partium
1947 1592 2230 1648 authentia
2259 1601 2318 1648 et
2347 1591 2698 1647 auctoritate.
2715 1629 2728 1641 .
2805 1591 2894 1640 420

803 1679 833 1743 §
864 1682 948 1733 19.
979 1679 1065 1733 De
1091 1678 1397 1749 praecipuis
1422 1678 1830 1736 commentariis
1858 1678 2005 1736 cath.
2045 1679 2103 1735 in
2129 1679 2414 1736 Danielem
2427 1718 2728 1734 .....
2804 1681 2898 1730 423

620 1799 811 1869 caput
843 1801 946 1854 VI.
976 1801 1061 1856 De
1088 1799 1379 1856 duodecim
1410 1801 1691 1872 prophetis
1712 1801 2016 1858 minoribus
2027 1839 2729 1861 ...........
2807 1802 2898 1850 424

805 1888 836 1952 §
860 1891 947 1943 20.
980 1888 1065 1943 De
1093 1886 1383 1944 duodecim
1412 1889 1806 1962 prophetarum
1836 1891 2113 1946 volumine
2121 1927 2730 1947 ..........
2807 1889 2900 1939 424

807 1976 837 2040 §
864 1979 953 2030 21.
984 1977 1068 2030 De
1095 1975 1389 2048 Prophetia
1412 1977 1554 2032 Osee
1560 2015 2730 2035 ..................
2809 1977 2904 2027 425

807 2063 838 2126 ς
869 2065 954 2116 22.
986 2064 1069 2118 De
1090 2061 1385 2134 Prophetia
1413 2064 1526 2119 loel
1542 2103 2731 2122 ..................
2811 2065 2906 2116 428

809 2150 839 2214 §
867 2153 956 2204 23.
987 2152 1071 2206 De
1096 2149 1393 2221 Prophetia
1422 2154 1594 2206 Amos
1606 2191 2732 2211 .................
2811 2154 2906 2202 430

810 2237 841 2301 §
868 2241 956 2292 24.
987 2238 1073 2293 De
1102 2236 1392 2310 Prophetia
1431 2239 1642 2294 Abdiae
1655 2279 2734 2298 ................
2811 2241 2907 2290 432

813 2325 957 2389 925.
990 2325 1074 2381 De
1100 2326 1399 2396 Prophetia
1429 2328 1597 2382 Ionae
1610 2367 2442 2386 .............
2465 2335 2513 2382 ·.
2575 2371 2585 2381 .
2647 2370 2660 2380 .
2721 2367 2734 2378 .
2809 2329 2906 2378 433

812 2413 843 2477 §
870 2415 957 2466 26.
990 2414 1073 2468 De
1100 2411 1395 2484 Prophetia
1432 2414 1716 2470 Michaeae
1727 2454 2734 2471 ...............
2809 2417 2906 2466 436

811 2501 842 2564 5
870 2503 958 2554 27.
991 2501 1075 2555 De
1102 2501 1398 2571 Prophetia
1432 2501 1654 2558 Nahum
1667 2540 2734 2562 ................
2809 2505 2904 2554 431

812 2589 841 2652 §
868 2593 957 2641 28.
989 2589 1072 2644 De
1098 2587 1394 2659 Prophetia
1423 2589 1744 2648 Habacuc..
1804 2633 1815 2644 .
1873 2631 1886 2644 .
1943 2631 1955 2643 .
2015 2637 2024 2647 .
2085 2638 2095 2648 .
2155 2633 2167 2664 .
2224 2629 2734 2645 ........
2813 2589 2910 2640 438

811 2677 843 2740 §
866 2679 953 2729 29.
987 2677 1072 2730 De
1097 2675 1391 2747 Prophetia
1422 2677 1734 2748 sophoniae
1747 2716 2736 2735 ...............
2813 2682 2908 2730 440

813 2764 844 2828 §
872 2768 961 2817 3ο.
992 2764 1076 2818 De
1102 2763 1400 2834 Prophetia
1440 2765 1650 2837 Aggaei
1663 2803 2736 2824 ................
2813 2769 2904 2817 441

812 2853 843 2916 §
872 2855 959 2905 31.
992 2853 1074 2906 De
1100 2851 1398 2922 Prophetia
1426 2852 1722 2908 Zachariae
1735 2892 2738 2912 ...............
2815 2856 2910 2905 442

812 2940 843 3004 §
872 2942 958 2993 32.
988 2940 1074 2994 De
1100 2937 1397 3010 Prophetia
1426 2939 1754 2996 Malachiae.
1807 2986 1817 2996 .
1875 2984 1887 2994 .
1945 2989 1956 2999 .
1991 2975 2000 2982 ·
2017 2981 2738 2999 ...........
2815 2943 2912 2992 445

815 3027 845 3092 S
873 3030 960 3081 33.
991 3027 1075 3080 De
1101 3024 1404 3099 praecipuis
1432 3029 1838 3084 commentariis
1865 3029 2013 3085 cath.
2051 3029 2108 3084 in
2135 3027 2439 3098 Prophetas
2467 3026 2740 3082 Minores
2815 3031 2914 3080 447

630 3197 815 3264 PARS
853 3200 960 3264 111.
992 3210 1410 3268 Itu-nonnemo
1438 3226 1759 3268 spncmus
1789 3212 1852 3267 in
1883 3213 2139 3282 singulos
2175 3213 2322 3268 Novi
2351 3215 2498 3268 Test.
2527 3209 2743 3266 libros.
2821 3213 2920 3262 449

396 3348 807 3404 Dlssnuuno
844 3364 957 3404 vn.
988 3353 1075 3404 De
1100 3351 1254 3404 Nom·
1286 3353 1433 3407 Test.
1467 3351 1648 3408 libris
1681 3352 1983 3408 historicis
1987 3391 2741 3408 ............
2819 3353 2916 3402 451

850 3439 883 3503 §
915 3442 964 3493 1.
990 3440 1075 3493 De
1102 3438 1413 3512 Evangeliis
1436 3440 1690 3495 universe
1717 3441 1972 3512 spectatis
1985 3478 2739 3495 ............
2822 3441 2918 3491 451

695 3557 889 3629 Caput
918 3563 964 3613 I.
992 3561 1074 3615 De
1104 3561 1415 3633 Evangeliis
1450 3561 1750 3633 synopticis
1778 3561 2008 3635 singulis
2019 3599 2742 3617 ...........
2822 3565 2924 3613 454

852 3648 883 3713 5
909 3652 962 3701 2.
991 3649 1074 3702 De
1103 3647 1403 3720 Evangelio
1429 3647 1733 3704 secundum
1762 3649 2098 3707 Matthaeum
2112 3687 2744 3704 ..........
2825 3651 2924 3700 454

912 3737 1023 3806 Qu.
1059 3743 1109 3791 1.
1142 3738 1227 3790 De
1254 3736 1309 3792 S.
1342 3735 1610 3792 Matthaei
1637 3736 1744 3792 vita
1759 3775 2746 3795 ...............
2827 3739 2924 3788 454

910 3825 1021 3894 Qu.
1054 3829 1107 3877 2.
1139 3825 1222 3878 De
1248 3823 1411 3894 primi
1437 3824 1717 3896 Evangelii
1741 3825 2023 3882 authentia
2051 3832 2107 3879 et
2129 3823 2468 3896 integritate.
2516 3866 2529 3879 .
2587 3863 2600 3876 .
2658 3865 2672 3878 .
2729 3866 2744 3879 .
2827 3825 2928 3876 455

913 3913 1025 3982 Qu.
1058 3915 1110 3964 3.
1141 3911 1225 3966 De
1255 3910 1413 3982 primi
1451 3911 1735 3986 Evangelii
1761 3913 1949 3985 lingua
1979 3911 2254 3983 primitiva
2269 3952 2746 3967 ........
2828 3913 2928 3965 459

914 4000 1022 4069 Qu.
1058 4003 1110 4053 4.
1141 3999 1227 4054 De
1254 3997 1622 4056 destinatione
1650 4008 1707 4056 et
1733 3999 1842 4056 fine
1870 3999 2032 4071 primi
2057 3999 2340 4072 Evangelii
2348 4039 2750 4053 .......
2831 4001 2924 4052 461

913 4088 1024 4156 Qu.
1056 4091 1111 4141 5.
1142 4087 1227 4142 De
1254 4087 1420 4158 primi
1444 4087 1726 4156 Evangelii
1749 4087 1943 4162 ordine
1955 4126 2748 4142 ............
2829 4090 2930 4138 464

912 4177 1023 4246 Qu.
1055 4179 1109 4230 6.
1142 4176 1267 4244 Quo
1297 4175 1417 4231 loco
1446 4183 1503 4230 et
1526 4184 1780 4246 tempore
1817 4177 2061 4246 primum
2095 4174 2448 4247 Evangelium
2475 4175 2546 4229 sit
2579 4174 2760 4244 scrip-

1066 4270 1191 4318 tum
1202 4301 2752 4318 .......................
2829 4265 2935 4314 466

860 4353 891 4417 §
919 4356 971 4406 3.
999 4352 1083 4406 De
1112 4351 1407 4422 Evangelio
1432 4350 1736 4406 secundum
1766 4353 2016 4406 Marcum
2030 4389 2754 4405 ...........
2830 4353 2934 4403 467

917 4441 1030 4510 Qu.
1064 4444 1114 4493 1.
1148 4441 1230 4493 De
1260 4440 1315 4494 S.
1348 4438 1521 4495 Marci
1547 4438 1928 4509 Evangelistae
1958 4438 2062 4494 vita
2071 4476 2754 4494 ...........
2831 4439 2936 4490 467

915 4530 1025 4597 Qu.
1058 4531 1111 4580 2.
1146 4528 1229 4580 De
1258 4524 1485 4581 secundi
1512 4525 1795 4598 Evangelii
1821 4525 2108 4582 authentia
2138 4532 2192 4580 et
2221 4523 2563 4596 integritate.
2593 4565 2608 4579 .
2667 4565 2682 4578 .
2739 4565 2755 4577 .
2833 4527 2940 4578 468

917 4616 1026 4685 Qu.
1062 4619 1114 4668 3.
1146 4615 1232 4668 De
1260 4613 1378 4669 eius
1406 4611 1774 4669 destinatione
1803 4619 1860 4668 et
1886 4611 1996 4670 fine
2002 4651 2756 4668 ............
2835 4615 2940 4664 472
