3050 5184
617 361 692 406 ms
735 363 1037 408 sacaonuu
1078 362 1373 408 naitonum
1417 363 1735 408 solemnius
1776 363 1853 406 Εἰ·
1898 365 2162 409 Numano.
2586 351 2656 408 11

161 507 410 547 sacrorum
435 491 704 548 librorum
735 495 1133 550 collectionem
1163 495 1247 550 vel
1278 496 1458 566 potius
1481 510 1675 550 omnes
1700 509 1795 551 eos
1822 495 1992 552 libros
2019 495 2307 564 designare
2335 464 2535 567 coepit,
2567 497 2658 567 qui

160 577 348 646 publice
379 595 474 635 ceu
499 581 642 636 sacri
671 590 726 636 et
758 580 1018 637 divinitus
1045 581 1294 654 inspirati
1321 583 1809 656 praelegebantur3
1846 599 1877 638 a
1916 581 2219 638 iunioribus
2256 581 2485 638 demum
2522 583 2658 638 seri-

160 666 376 736 ptoribus
399 667 592 725 eodem
619 670 844 725 nomine
873 669 1182 743 catatoqus
1207 672 1440 726 istorum
1468 670 1741 727 librorum
1764 671 2093 742 appellatur.

217 821 268 876 4.
302 851 378 861 —
405 821 694 880 Recentis
723 821 988 898 originis
1017 824 1113 881 est
1141 820 1464 881 distinctio
1483 821 1679 900 primi
1700 825 1769 882 et
1791 823 2037 882 secundi
2064 821 2303 882 canonis
2334 839 2444 882 seu
2472 821 2651 881 libro·

155 929 264 972 rum
293 921 886 992 protocanonieorum
913 923 978 978 et
999 919 1688 991 deuteroeanonieorum,
1730 935 1893 996 quae
1910 963 1923 989 ,
1966 918 2312 979 dummodo
2344 923 2513 979 recte
2550 935 2657 978 ex-

157 1009 406 1084 plicetur,
441 1013 672 1074 merito
700 1015 1028 1074 retinetur.

209 1123 362 1179 Probe
389 1126 538 1180 enim
569 1127 875 1182 notandum
901 1136 1010 1194 est,
1037 1127 1144 1184 hac
1171 1126 1516 1184 distinctione
1542 1143 1642 1200 per
1669 1128 1905 1184 sixtum
1928 1134 2053 1184 Seu.
2080 1129 2149 1185 Ο.
2170 1127 2367 1185 Praed.
2395 1143 2537 1184 saec.
2568 1134 2651 1182 16.

169 1209 322 1267 invoeta
345 1229 464 1268 non
488 1215 854 1282 auctoritatis,
887 1231 1028 1286 quae
1052 1214 1246 1271 eadem
1272 1224 1356 1271 est
1379 1216 1629 1270 omnium
1651 1215 1921 1272 librorum
1943 1232 2248 1285 sacrorum,
2276 1215 2371 1273 sed
2394 1214 2659 1286 temporis

173 1295 419 1370 dumtaxat,
473 1319 586 1374 quo
627 1303 682 1358 in
727 1311 844 1358 tota
889 1304 1130 1359 Ecclesia
1174 1318 1276 1376 pro
1319 1302 1514 1358 divinis
1556 1303 1721 1374 agniti
1773 1313 1930 1372 sunt,
1988 1304 2357 1360 differentiam
2408 1300 2652 1359 indicari.

172 1387 610 1446 Deuterocanonici
665 1391 833 1464 igitur
886 1391 1238 1463 appellantur
1283 1390 1406 1447 libri
1461 1390 1573 1460 illi,
1618 1390 1689 1446 de
1734 1391 1933 1464 quibus
1978 1391 2035 1446 in
2080 1390 2359 1446 nonnullis
2415 1392 2659 1446 ecclesiis

161 1489 228 1542 per
259 1477 484 1550 aliquod
523 1479 791 1551 temporis
836 1480 1074 1551 spatium
1117 1478 1490 1536 dubitationes
1532 1480 1712 1551 magis
1756 1479 2007 1535 minusve
2047 1493 2239 1550 graves
2284 1478 2649 1552 agitabantur,

155 1564 222 1632 qui
247 1581 367 1622 vero
413 1583 482 1622 re
523 1567 830 1623 accuratius
875 1568 1154 1640 explorata
1201 1565 1271 1623 ab
1316 1566 1611 1622 universali
1654 1566 1894 1623 Ecclesia
1938 1583 2039 1639 pro
2086 1567 2254 1623 sacris
2298 1576 2355 1622 et
2396 1565 2659 1622 divinitus

154 1651 381 1722 inspiratis
403 1653 580 1726 recipi
609 1663 951 1711 meruerunt.
981 1657 1104 1711 Hoc
1131 1671 1298 1710 sensu
1323 1655 1541 1710 Veteris
1569 1657 1717 1711 Test.
1748 1653 2229 1711 deuterocanonici
2254 1663 2383 1710 sunt
2416 1655 2650 1722 Tobios,

151 1741 332 1808 Iudith,
357 1744 688 1816 Sapientia
713 1743 854 1812 Sol„
884 1743 1350 1811 Ecclesiasticus,
1383 1743 1625 1798 Baruek
1652 1759 1781 1800 cum
1808 1744 2071 1816 epistola,
2088 1744 2359 1799 Ieremioe
2388 1745 2551 1812 (Bar.
2574 1743 2653 1811 6),

153 1835 234 1884 1.2
263 1832 756 1887 machabaeorum
791 1831 962 1896 libri,
987 1831 1338 1907 fraqmenta
1363 1833 1404 1888 l.
1434 1831 1647 1888 Esther
1673 1831 1865 1898 (Estk.
1901 1833 2253 1904 10,⁴-16,24)
2286 1839 2341 1887 et
2374 1831 2412 1886 l.
2444 1827 2655 1886 Daniel

163 1919 278 1974 Dan.
317 1925 582 1988 a,24-903
628 1921 1002 1992 1³,1·14‚42).
1046 1924 1198 1976 Inter
1231 1920 1374 1976 Novi
1409 1921 1561 1975 Test.
1602 1918 2099 1976 deuterocanonica
2134 1927 2491 1976 recensentur
2526 1919 2652 1990 epi-

147 2005 296 2062 stolae
321 2009 408 2063 ad
443 2008 651 2076 Reor„
685 2008 922 2076 lasabi,
955 2013 989 2064 2
1028 2008 1216 2079 Petri,
1243 2014 1297 2064 2.
1331 2013 1364 2064 3
1401 2008 1685 2072 Ioannis,
1712 2007 1931 2072 Iudae,
1964 2016 2246 2078 praeterea
2272 2005 2654 2080 Apocalypsis

145 2103 185 2146 et
199 2093 492 2168 fragmenta
515 2096 936 2168 Evangeliornm
955 2099 1148 2154 Marci
1167 2097 1460 2167 (16‚9-20),
1485 2101 1677 2152 Lucae
1696 2097 1900 2166 (22,⁴3.
1920 2096 2033 2166 44),
2051 2097 2294 2152 loannis
2311 2099 2567 2164 (⁷,53·8‚1
2580 2099 2651 2160 1).

149 2183 620 2242 Demerocanonica
650 2185 718 2240 V.
749 2187 815 2240 T.
847 2201 880 2240 a
907 2185 1350 2241 Protcstantibus
1377 2201 1669 2257 perperam
1706 2185 2053 2256 appellantur
2086 2183 2403 2256 apocrypha
2432 2181 2533 2250 (cl'r
2560 2185 2651 2236 in-

145 2268 224 2338 fra
245 2275 274 2340 ς
297 2280 348 2330 e.
373 2289 429 2346 p.
461 2279 585 2340 48.)

239 2445 355 2523 §2
385 2483 476 2492 —
505 2446 608 2509 De
634 2463 980 2508 sacrorum
1011 2441 1334 2508 librorum
1373 2461 1649 2506 numero
1666 2491 1683 2520 ,
1718 2439 1984 2520 ordine,
2014 2436 2520 2528 partitionibus.

207 2611 254 2667 1.
277 2645 348 2654 —
375 2608 744 2670 Secundum
781 2625 1086 2668 canonem
1128 2608 1541 2668 tridentinum
1584 2607 1779 2667 Vetus
1813 2606 1981 2666 Test.
2022 2607 2437 2684 quadrayinta
2476 2609 2649 2684 quin-

145 2719 232 2777 que
254 2707 370 2781 vel,
402 2708 456 2766 si
495 2705 735 2766 Threni
765 2709 828 2764 et
855 2705 1096 2764 Baruch
1135 2722 1172 2764 a
1208 2704 1470 2764 Ieremia
1511 2707 1906 2780 separantur,
1945 2701 2361 2782 quadraqinta
2395 2709 2642 2778 septem,

147 2799 350 2862 Novum
373 2808 598 2864 autem
625 2802 842 2880 myinti
861 2809 1076 2880 septem
1110 2800 1303 2861 libros
1331 2800 1866 2876 complectuntur.
1900 2797 2117 2858 Iudaei
2148 2815 2295 2858 vero
2326 2796 2643 2866 moderni,

148 2919 272 2980 quos
295 2912 648 2987 sequuntur
675 2907 1100 2965 Protestantes
1118 2951 1132 2976 ,
1163 2905 1492 2981 expunctis
1527 2900 2270 2965 deuterocanonicis-non
2300 2898 2423 2960 nisi
2462 2900 2661 2962 unde-

153 3015 518 3094 quadraginta
540 3017 617 3076 V.
645 3015 712 3073 T.
737 3013 934 3072 libros
963 3013 1296 3072 canonicos
1323 3011 1591 3082 habent,
1616 3008 1727 3068 sed
1758 3011 1865 3068 aut
1895 3025 2010 3085 pro
2040 3023 2307 3067 numero
2336 3008 2655 3067 literarum

153 3109 424 3186 alphabeti
455 3113 557 3172 sui
597 3111 822 3188 viginti
862 3108 1026 3170 duos
1054 3108 1151 3168 v-el
1187 3108 1407 3186 viginti
1444 3109 1722 3184 septem,
1752 3107 1861 3164 aut
1898 3121 2013 3181 pro
2043 3121 2307 3164 numero
2330 3103 2657 3164 literarum

155 3222 469 3280 graecarum
493 3207 726 3285 viginti
755 3210 1025 3283 quatuor
1053 3208 1417 3264 numerant.

209 3323 246 3376 A
277 3323 598 3378 Tridentino
637 3321 798 3388 (SesS.
849 3318 946 3374 IV.
987 3302 1152 3372 Decr.
1199 3315 1270 3372 de
1312 3331 1508 3371 canon.
1554 3314 1779 3386 Script.)
1816 3329 1917 3384 pro
1951 3335 1975 3364 α
2017 3311 2189 3368 sacris
2227 3317 2282 3365 et
2320 3311 2599 3366 canonicis
2627 3331 2655 3361 a>

155 3406 464 3467 declarantur
501 3409 562 3465 hi
602 3407 728 3465 libri
769 3427 793 3458 α
833 3407 1192 3462 Testamenti
1219 3404 1444 3459 Veteris
1475 3423 1495 3456 .·
1523 3401 1771 3474 quinque
1800 3402 2073 3474 Moysis..
2093 3440 2108 3468 ‚
2143 3403 2332 3464 Iosue,
2376 3397 2653 3458 Indicum,

161 3495 294 3566 Ruth,
318 3509 549 3571 quatuor
577 3499 818 3568 Regum,
847 3494 958 3550 duo
985 3494 1459 3563 Paralipomenon,
1487 3491 1693 3547 Esdrae
1720 3491 1763 3544 Ι.
1799 3498 1856 3544 et
1880 3491 1977 3558 11.‚
2003 3489 2097 3560 qui
2120 3487 2320 3542 dicitur
2342 3485 2657 3552 Nehemias,

155 3583 344 3653 Tobias,
372 3587 593 3656 Iudith,
625 3585 845 3653 Esther,
877 3582 1008 3652 Iob,
1038 3582 1369 3639 Psalterium
1407 3579 1735 3635 Davidicum
1770 3583 1870 3634 150
1906 3578 2287 3642 Psalmorum,
2325 3573 2656 3642 Parabolae,

161 3671 495 3744 Ecclesiastes,
524 3673 818 3732 Canticum
853 3673 1038 3742 Cant.,
1069 3670 1374 3742 Sapientia,
1399 3668 1849 3734 Ecclesiasticus,
1882 3665 2082 3730 IsaiaS,
2111 3663 2375 3719 IeremIas
2416 3663 2511 3733 [sc.
2547 3663 2657 3720 Va.-

159 3757 306 3818 ticinia
329 3773 383 3818 et
406 3763 640 3830 Thi-eni]
664 3777 792 3816 cum
819 3759 1038 3816 Baruch
1054 3800 1069 3826 ,
1097 3757 1384 3826 Ezechiel,
1415 3755 1641 3822 Daniel,
1672 3752 1971 3809 duodecim
1996 3751 2299 3823 prophetae
2324 3751 2654 3815 minoreS...,

160 3845 244 3903 duo
259 3850 714 3908 Machabaeorum
734 3851 781 3906 1.
805 3858 861 3906 et
880 3851 987 3916 11.;
1016 3849 1370 3903 Testamenti
1389 3846 1543 3902 Novi
1568 3861 1587 3898 .·
1612 3851 1848 3916 quatuor
1870 3839 2168 3912 Evangelia
2194 3838 2499 3895 secundum
2522 3841 2661 3894 Mat·

159 3933 361 4006 thaeum,
389 3942 664 4006 Marcum,
688 3939 896 3994 Lucam
922 3945 976 3992 et
1002 3936 1284 4003 Ioannem,
1312 3935 1484 3989 Actus
1507 3931 1919 4003 Apostolorum,
1948 3926 2365 4000 quatuordecim
2384 3927 2659 3997 Epistolae

163 4024 282 4082 Pauli
305 4028 577 4100 Apostoli,
609 4043 688 4083 sc.
719 4025 793 4084 ad
825 4029 1096 4092 Romam,
1128 4022 1272 4079 duae
1300 4021 1371 4077 ad
1398 4018 1645 4076 Corinth.
1666 4061 1681 4088 ,
1714 4017 1785 4074 ad
1811 4017 2026 4085 Galat.,
2060 4016 2132 4072 ad
2160 4015 2361 4088 EpheS.
2380 4058 2394 4085 ,
2427 4014 2497 4070 ad
2526 4014 2660 4070 Phi-

165 4111 286 4182 lipp„
303 4115 370 4170 ad
395 4117 636 4184 Coloss.,
659 4115 800 4170 duae
827 4112 899 4170 ad
927 4110 1323 4178 Thessalonic.,
1348 4107 1492 4165 duae
1519 4106 1591 4163 ad
1616 4104 1879 4174 Timoth.,
1904 4104 1976 4161 ad
2000 4105 2134 4175 Tit.,
2156 4104 2229 4160 ad
2256 4103 2657 4166 Philemonem,

165 4197 216 4252 ad
237 4203 414 4272 Hebr.,
443 4205 595 4260 Petri
631 4201 883 4275 Apostoli
911 4199 1080 4270 duae,
1113 4196 1334 4255 Ioannis
1371 4195 1625 4268 Apostoli
1652 4203 1796 4262 treS,
1826 4193 2013 4250 Iacobi
2043 4191 2292 4265 Apostoli
2323 4205 2461 4256 una,
2493 4188 2664 4245 Iudae

177 4289 372 4353 &postoli
403 4309 545 4360 una,
581 4300 642 4348 ct
675 4288 1032 4362 Apocalypsis
1069 4285 1294 4344 loannis
1329 4283 1579 4356 Apostoli
1620 4305 1671 4338 ιο.
1712 4285 1796 4338 De
1833 4281 2064 4338 diversis
2110 4276 2438 4336 numerandi
2478 4277 2661 4334 modis

171 4371 452 4434 ludaeorum
483 4379 604 4436 l'use
632 4387 690 4436 et
719 4378 866 4434 clare
893 4376 1007 4449 agit
1044 4376 1102 4432 S.
1141 4365 1537 4446 Hieronymus
1564 4372 1621 4428 in
1651 4372 1889 4442 Prologo
1922 4369 2135 4442 galeato
2166 4365 2499 4422 editionibus
2522 4367 2659 4420 Vul-

171 4467 291 4529 gatac
309 4468 564 4537 praefixo.

229 4615 276 4672 Ξ.
302 4649 375 4661 -—
405 4619 471 4677 In
514 4579 752 4695 canone
801 4614 1146 4676 tridentino
1194 4613 1337 4692 libri
1389 4611 1617 4689 digesti
1672 4613 1821 4670 sunt
1867 4606 2099 4687 partim
2148 4605 2485 4684 temporiS‚
2538 4619 2662 4680 quo

178 4709 347 4787 scripti
375 4718 728 4782 censentur,
762 4713 990 4791 partim
1019 4711 1408 4789 argumenti,
1443 4706 1609 4786 quod
1636 4710 1939 4777 tractant,
1976 4703 2221 4764 ratione
2248 4701 2479 4762 habita.
