3050 5184
394 303 510 361 446
548 318 627 362 ΒΕ
656 319 790 363 VET.
822 318 1073 365 TESTAM.
1102 320 1299 364 umus
1328 316 1730 365 PROPRETICIS.
1756 338 1834 348 -—
1853 318 1982 365 CAP.
2013 320 2092 365 vl.
2124 320 2198 365 ΒΕ
2227 320 2548 364 PROPHETIS
2571 318 2879 364 »tinomaus

394 454 525 509 tam
554 467 749 528 pauca
776 453 960 515 nobis
992 458 1140 515 sunt
1166 452 1427 527 tradita,
1459 458 1532 514 ut
1571 470 1652 513 ne
1681 452 1748 512 id
1789 451 2048 530 quidem
2095 456 2368 523 constet,
2397 471 2550 513 num
2587 451 2884 531 propheta,

394 547 496 606 cui
524 564 739 607 nomen
756 553 1071 628 propriam
1097 550 1219 611 fuit
1264 549 1629 621 MalachiaS,
1655 548 1989 609 exstiterit.
2026 550 2284 610 Certum
2315 554 2527 609 tamen
2557 554 2680 621 est,
2710 547 2888 607 vatici-

396 642 500 702 nia
526 642 678 703 haec
704 644 783 703 ad
806 645 1035 705 Esdrae
1068 646 1540 723 Nehemiaeque
1571 649 1844 705 aetatem
1875 646 2216 725 pertinere.

465 756 803 813 Malachias
850 740 1096 849 (tags’pp)
1136 759 1189 814 vi
1235 758 1603 839 etymologiae
1645 774 1778 814 suae
1816 768 1912 815 aut
1939 768 2024 816 est
2072 779 2098 809 α
2129 760 2371 829 αηςεὶαε
2403 776 2586 836 ‚meus
2615 780 2640 809 ι
2675 767 2766 813 aut
2802 759 2895 827 (pro

398 858 665 971 Πξζνιῂζὶ)
700 900 724 929 α
754 880 998 949 anqelus
1030 880 1265 935 Domini
1296 900 1355 948 ις
1382 888 1620 951 utraque
1644 888 1831 935 autem
1857 878 2185 952 significatio
2213 880 2424 936 nomini
2444 878 2804 952 appellativo
2825 892 2898 946 po-

396 992 506 1047 tius
535 994 704 1065 quam
726 995 974 1065 proprio
1002 1010 1033 1050 a
1064 993 1385 1065 parentibus
1410 992 1592 1053 indito
1619 992 1836 1049 videtur
1863 994 2178 1049 convenire.
2211 995 2279 1049 In
2306 993 2459 1049 libris
2484 992 2692 1048 Esdrae
2717 1003 2899 1062 quoque

399 1089 455 1135 et
482 1096 512 1135 a
539 1080 623 1135 Fl.
656 1080 925 1149 Iosepbo,
952 1081 1048 1153 qui
1074 1086 1365 1154 Aggaeum
1408 1090 1465 1137 et
1505 1080 1833 1145 Zachariam
1873 1081 2185 1150 nominant,
2230 1080 2554 1153 prophetae,
2605 1080 2693 1135 cui
2731 1090 2899 1133 nomen

400 1168 683 1239 proprium
710 1167 813 1223 fuit
836 1168 1168 1239 MalachiaS,
1200 1168 1354 1225 nulla
1382 1168 1445 1225 fit
1474 1170 1714 1237 mentio,
1738 1184 1846 1245 qua
1884 1176 2103 1236 tamen,
2131 1177 2326 1240 utpote
2363 1188 2387 1219 ι
2434 1167 2677 1241 sigillum
2703 1162 2900 1237 propbe-

400 1266 585 1312 tarum
610 1276 635 1307 »
666 1257 960 1337 (nm-enm
994 1257 1182 1337 amn)
1212 1256 1415 1329 dignus
1446 1255 1774 1325 videbatur3
1796 1256 2141 1315 alexandrini
2179 1257 2508 1328 interpretes
2544 1264 2602 1310 et
2637 1252 2902 1326 paraphra-

400 1362 510 1409 stes
537 1352 857 1409 chaldaicus
892 1369 1097 1410 nomen
1143 1355 1293 1410 velut
1335 1355 1732 1426 appellativum
1769 1356 2194 1423 transtulerunt,
2227 1362 2394 1426 atque
2439 1350 2757 1409 chaldaicus
2782 1348 2900 1405 addit

405 1462 431 1493 α
460 1442 689 1513 angelus
715 1457 891 1512 meus,
920 1443 1077 1497 euius
1104 1458 1315 1497 ‘nomen
1342 1446 1427 1498 est
1450 1442 1679 1499 Esdras
1705 1442 1904 1501 scriba
1933 1464 1984 1496 w.
2010 1442 2170 1498 Hanc
2193 1442 2544 1507 sententiam,
2576 1440 2806 1496 Esdram
2825 1436 2904 1491 sub

400 1530 623 1585 nomine
646 1526 953 1585 Malachiae
982 1529 1174 1597 latere,
1205 1545 1319 1585 non
1364 1532 1588 1585 tantum
1615 1528 1860 1585 iuniores
1895 1528 2228 1600 interpretes
2263 1526 2464 1585 iudaici
2501 1526 2896 1598 adoptaverunt.

400 1614 501 1672 sed
536 1617 705 1673 etiam
732 1618 790 1672 S.
812 1620 1194 1685 Hieronymus
1224 1617 1301 1682 (in
1328 1616 1458 1671 Mal.
1490 1616 1668 1683 Prol.)
1686 1659 1700 1685 ,
1734 1631 1904 1689 quem
1928 1618 2099 1673 secuti
2137 1624 2266 1673 sunt
2291 1616 2624 1690 Remiqius,
2657 1619 2904 1685 nuperus

408 1707 558 1759 Tuit.
593 1704 821 1775 aliique3
854 1702 1197 1775 eandemque
1234 1702 1491 1759 moderni
1516 1704 1772 1759 nonnulli
1807 1713 2002 1760 tenent
2029 1704 2195 1761 simul
2232 1712 2553 1771 monentes»,
2589 1704 2696 1759 hae
2721 1701 2902 1757 ratione

404 1800 529 1863 apte
574 1790 859 1861 explicari3
891 1806 992 1846 cur
1036 1806 1067 1845 a
1096 1789 1339 1847 Siraeida
1386 1790 1445 1845 in
1481 1791 1739 1863 catalogo
1771 1792 2018 1847 virorum
2045 1792 2413 1865 gloriosorum
2441 1789 2652 1847 Esdras
2674 1790 2746 1845 sit
2769 1786 2906 1845 omis·

402 1894 515 1949 sus,
548 1879 748 1951 quippe
776 1877 867 1949 qui
908 1878 1051 1935 inter
1093 1877 1385 1935 duodecim
1431 1879 1733 1949 prophetas
1775 1880 1885 1934 iam
1923 1880 1992 1933 sit
2024 1888 2510 1937 commemoratus.
2555 1875 2828 1948 Quidquid
2857 1872 2909 1927 de

405 1965 508 2022 hac
552 1966 821 2022 sententia
850 1973 952 2035 est,
987 1965 1058 2021 ad
1096 1974 1338 2022 aetatem
1362 1966 1571 2022 Esdrae
1610 1975 1666 2022 et
1694 1966 1996 2023 Nehemiae
2036 1976 2186 2023 certe
2209 1966 2447 2038 pertinet
2475 1964 2702 2021 libellus
2736 1971 2905 2019 noster.

405 2053 471 2109 Id
500 2054 646 2109 enim
674 2070 788 2109 non
814 2062 1033 2109 tantum
1078 2051 1308 2109 traditio
1338 2062 1599 2110 constans
1628 2062 1684 2109 et
1719 2054 2000 2111 unanimis
2040 2051 2224 2123 docet,
2267 2051 2366 2111 sod
2412 2051 2638 2109 libellus
2664 2051 2774 2122 ipse
2799 2064 2908 2120 quo·

406 2157 511 2213 que
557 2156 682 2196 eam
725 2156 913 2197 rerum
952 2140 1325 2197 conditionem
1362 2141 1642 2211 supponit,
1687 2158 1856 2213 quam
1897 2150 2147 2214 tempore
2177 2139 2386 2197 Esdrae
2419 2149 2475 2197 et
2511 2140 2809 2197 Nehemiae
2840 2134 2911 2191 ad·

408 2228 572 2283 fuisse
600 2244 666 2283 ex
694 2243 889 2283 eorum
920 2228 1283 2283 relationibus
1312 2228 1594 2283 discimus.
1623 2228 1950 2284 Accuratius
1977 2228 2255 2300 inquirere
2289 2228 2471 2285 solent
2497 2226 2780 2291 moderni,
2807 2236 2911 2278 num

406 2316 595 2387 primis
626 2332 699 2371 an
727 2314 936 2371 ultimis
964 2331 1033 2370 an
1071 2315 1412 2371 intermediis
1444 2316 1604 2372 annis
1641 2315 1789 2371 illius
1823 2316 2089 2387 temporis
2117 2315 2208 2384 (ab
2235 2331 2286 2371 a.
2329 2322 2384 2371 7.
2419 2314 2739 2373 Artaxerxis
2773 2326 2913 2380 usqur

406 2402 477 2458 ad
514 2418 565 2458 a.
601 2411 650 2459 1.
682 2403 838 2457 Darii
874 2402 1045 2459 Nothi
1072 2404 1107 2457 i.
1143 2420 1193 2459 e.
1224 2408 1534 2469 alea-423.)
1565 2403 1917 2475 promulgata
1959 2403 2070 2459 sint
2117 2402 2372 2459 vaticinia
2417 2412 2642 2471 nostr83
2687 2410 2742 2456 at
2778 2413 2912 2469 argu·

408 2498 591 2545 menta
620 2489 955 2561 probabilia,
985 2490 1183 2563 quibus
1212 2489 1351 2545 haec
1379 2490 1629 2563 quaestio
1655 2489 1972 2561 definiatur,
2005 2490 2290 2546 deficiunt.

484 2643 543 2699 2.
577 2674 657 2683 -
697 2642 815 2699 Pro
864 2640 1087 2700 aetatis
1134 2640 1310 2700 illius
1356 2639 1836 2700 necessitatibus
1888 2639 2195 2718 propheta
2241 2643 2457 2699 noster
2494 2637 2913 2706 contribulium

408 2754 667 2798 suorum
689 2736 768 2813 de
792 2738 922 2797 Deo
944 2736 1229 2813 querelas
1256 2735 1600 2815 redarguit,
1625 2740 1917 2815 peccata,
1946 2736 2172 2814 quibus
2198 2751 2394 2796 novas
2414 2736 2803 2799 calamitates
2821 2728 2916 2790 sibi

406 2838 797 2895 attraxerunt
814 2878 830 2905 ,
856 2833 1137 2911 increpat
1152 2878 1167 2905 ,
1190 2832 1305 2893 Dei
1336 2833 1643 2893 beneficia
1668 2836 1854 2918 antea
1879 2832 2006 2893 iam
2026 2832 2254 2893 collata
2273 2837 2338 2892 et
2366 2832 2431 2891 in
2461 2830 2789 2909 posterum
2804 2842 2918 2894 0011·

406 2930 662 2990 ferenda
690 2930 756 2989 in
786 2930 1156 2990 memoriam
1186 2932 1467 3001 revocat,
1500 2933 1688 3006 atque
1720 2932 2046 3006 tamquam
2079 2952 2110 2983 «
2133 2929 2416 3007 sig-illum
2445 2927 2918 3007 prophetarum»

406 3042 883 3105 praecursorem
915 3026 1175 3086 Messiae
1202 3026 1281 3085 ad
1311 3024 1624 3085 iudicium
1645 3025 2038 3086 advenientis
2060 3025 2238 3102 quasi
2271 3024 2471 3101 digito
2500 3024 2750 3085 intento
2775 3036 2918 3079 mon·

408 3128 613 3183 straus
642 3114 1084 3199 praecedentia
1108 3122 1404 3182 vaticinia
1433 3126 1603 3182 certa
1632 3120 1906 3198 quadam
1929 3121 2172 3181 ratione
2204 3122 2555 3181 confirmat.

478 3227 601 3281 Non
626 3224 929 3284 admodum
946 3225 1155 3281 laetam
1181 3224 1348 3283 tuisse
1378 3223 1756 3281 conditionem
1793 3224 2082 3291 reducum,
2126 3224 2332 3280 Esdrae
2369 3222 2491 3279 libri
2535 3232 2706 3296 atque
2741 3218 2916 3293 ,aggaei

410 3312 823 3385 zachariaeque
846 3312 1103 3371 vaticinia
1130 3311 1353 3369 docent.
1384 3314 1523 3369 Cum
1551 3312 1734 3369 reditu
1761 3328 1864 3367 suo
1891 3312 2194 3367 adventum
2223 3312 2456 3367 Messiae
2485 3311 2836 3367 coniunctum
2867 3303 2919 3358 iri

408 3410 575 3471 atque
600 3416 803 3456 novam
826 3415 983 3456 suam
1011 3400 1413 3471 rempublicam
1446 3398 1807 3471 splendorem
1835 3399 2052 3471 antiqui
2089 3400 2246 3471 regni
2275 3396 2514 3453 davidici
2545 3406 2920 3470 superaturam.

408 3496 761 3559 speraverant
784 3487 1030 3555 reduces,
1064 3496 1122 3543 at
1146 3486 1254 3543 hac
1289 3502 1387 3559 spe
1419 3485 1669 3542 frustrati
1697 3486 1799 3542 sub
1837 3489 2134 3543 Persarum
2173 3486 2558 3541 dominatione
2587 3486 2722 3541 satis
2752 3482 2923 3539 duram

410 3576 576 3631 vitam
604 3574 842 3647 agebant
866 3579 916 3641 (2
946 3574 1108 3655 Esdr.
1140 3580 1289 3639 9,36.
1324 3575 1431 3646 37).
1463 3576 1609 3631 Hinc
1634 3575 1930 3631 continuae
1959 3574 2152 3647 populi
2180 3572 2459 3646 querelae,
2486 3588 2554 3628 ac
2581 3574 2628 3628 si
2653 3576 2800 3627 Deus
2825 3582 2923 3639 pro·

408 3662 730 3719 missionum
751 3678 975 3719 suarum
1004 3671 1149 3718 esset
1175 3662 1498 3730 immemor3
1535 3661 1633 3719 sed
1665 3661 1794 3718 hinc
1823 3662 1990 3718 etiam
2018 3661 2151 3717 satis
2173 3676 2376 3733 magna
2401 3659 2660 3716 socordia
2687 3660 2744 3715 in
2763 3656 2924 3712 obser-

408 3750 602 3807 vandis
628 3748 829 3806 divinis
871 3750 1203 3821 praeceptis,
1236 3765 1407 3823 quam
1444 3750 1597 3805 vanis
1627 3749 2073 3807 excusationibus
2109 3758 2299 3821 tegere
2341 3748 2712 3805 conabantur.
2751 3742 2924 3802 Esdras

408 3838 578 3910 igitur
601 3846 657 3893 et
679 3838 980 3895 Nehemias
1012 3836 1162 3893 baud
1191 3853 1367 3908 pauca
1404 3838 1766 3905 invenerunt,
1799 3852 1942 3909 quae
1969 3836 2368 3893 reformatione
2405 3835 2759 3909 indigebant,
2785 3840 2926 3901 atque-

408 3934 598 3981 nostra
627 3925 881 3981 vaticinia
906 3940 1036 3981 eum
1060 3926 1118 3981 in
1145 3925 1315 3981 finem
1338 3934 1467 3980 sunt
1495 3925 1866 3997 promulgata,
1897 3934 1960 3981 ut
1979 3940 2174 3981 eorum
2197 3933 2430 3981 conatus
2455 3920 2800 3981 adiuvarent.

489 4076 548 4134 3.
578 4110 657 4118 —
680 4074 990 4146 LibelluS‚
1039 4046 1229 4135 cuius·
1261 4074 1460 4134 forma
1507 4073 1636 4133 fere
1682 4079 1779 4134 est
1825 4074 2164 4152 dialogica,
2195 4074 2413 4153 lingua
2451 4078 2668 4135 autem
2710 4084 2854 4150 pura
2879 4072 2928 4123 el

412 4188 620 4231 sermo
648 4172 945 4249 simplex,
974 4170 1217 4233 duabus
1246 4170 1525 4247 partibus
1553 4174 1834 4242 constat,
1860 4187 2122 4248 quarum
2152 4171 2326 4250 prior
2355 4170 2736 4241 sacerdotes,
2760 4164 2928 4225 altera

412 4267 724 4345 integrum
754 4267 1060 4345 populum
1090 4268 1169 4327 ob
1199 4266 1404 4326 varios
1434 4267 1668 4326 abusus
1698 4266 1999 4347 increpat.

488 4370 809 4425 Exordium
840 4374 1033 4438 (1,2-5)
1063 4368 1169 4425 Iud
1202 4385 1397 4426 eorum
1426 4378 1483 4425 et
1511 4368 1905 4425 Idumaeorum
1933 4380 2083 4427 sorte
2118 4380 2436 4443 comparata
2479 4369 2808 4442 singularem
2839 4358 2928 4415 Dei

419 4456 817 4526 providentiam
839 4474 969 4531 erga
999 4459 1172 4514 Israel
1201 4459 1385 4514 docet.

489 4550 538 4599 1.
570 4545 914 4601 Sacerdotes
937 4547 1005 4601 ob
1035 4547 1259 4601 cultum
1286 4546 1556 4601 divinum
1591 4545 1900 4615 neglectum
1931 4546 2345 4619 corripiuntur
2373 4548 2642 4613 (1,6-2,9).
2679 4573 2746 4583 -
2779 4532 2924 4592 Victi-

663 4648 781 4688 mas
806 4633 1065 4703 offerunt,
1090 4649 1227 4705 quas
1257 4635 1527 4689 Dominus
1548 4648 1806 4705 respuere
1835 4634 2020 4697 debet,
2052 4636 2146 4706 qui
2169 4633 2293 4690 ideo
2311 4634 2412 4689 sibi
2432 4631 2760 4689 oblationem
2785 4637 2922 4681 mun·
