3050 5184
648 397 725 441 nt:
764 398 923 441 unm
968 398 1185 443 wm‘rn
1224 398 1647 443 sucromTATB
1689 398 2026 441 ulsTomuA.
2492 382 2610 441 279

121 532 321 587 narrata
347 528 666 591 acciderit.
699 530 827 589 Iam
856 546 1007 591 vero
1034 530 1251 591 medio
1281 546 1440 591 saec.
1476 532 1559 601 7.,
1591 546 1666 590 eo
1708 531 1948 591 scilicet
1975 520 2291 610 tempore,
2325 547 2452 607 quo
2489 530 2610 589 Ma-

120 640 293 683 nasses
324 630 432 685 aut
469 628 753 703 captivus
796 626 1177 704 Babyloniae
1221 626 1486 703 degebat
1527 628 1636 686 aut
1679 626 1784 686 vix
1829 626 2030 687 redux
2071 625 2346 687 vinculis
2381 625 2610 685 fractus

119 719 509 797 scelerumque
534 722 945 800 pristinorum
974 738 1218 783 memor
1244 722 1858 783 administrationem
1881 722 2058 799 regni
2081 722 2371 783 nondum
2397 737 2610 781 susce-

119 820 285 891 perat,
308 816 361 875 is
382 817 502 877 fuit
530 818 915 879 Palaestinae
954 823 1020 879 et
1054 819 1349 895 Assyriae
1380 822 1611 889 statuS,
1645 819 1758 895 qui
1791 817 1856 878 in
1887 818 1931 877 1.
1961 817 2174 879 Iudith
2203 817 2605 895 supponitur;

120 912 707 973 Nabuchodonosoris
732 914 989 975 nomine
1021 920 1237 975 autem
1266 913 1818 993 Asurbanipelem,
1853 931 2068 991 regem
2093 914 2416 991 Assyriae,
2447 913 2609 973 desi-

116 1008 257 1081 gnari
278 1012 465 1085 atque
503 1010 569 1069 in
602 1010 820 1071 libello
854 1010 1005 1071 istas
1036 1010 1469 1088 expeditiones
1502 1012 1771 1084 narrari,
1804 1010 2016 1089 quibus
2043 1008 2461 1087 Asurbanipal
2493 1025 2610 1087 po-

118 1103 261 1177 pulos
282 1106 462 1165 Asiae
480 1152 496 1179 ,
520 1107 628 1183 qui
657 1106 735 1166 ab
771 1123 847 1167 eo
877 1105 1262 1179 defecerant,
1293 1105 1373 1167 ad
1404 1105 1838 1167 obedientiam
1869 1104 2158 1185 redigere
2187 1109 2448 1167 conatus
2482 1109 2607 1174 est,

116 1196 449 1275 hypothesis
480 1207 606 1275 est,
640 1218 799 1280 quae
824 1219 1045 1263 omnes
1074 1201 1403 1263 historicas
1432 1201 1830 1263 difficultates
1860 1201 2100 1282 optime
2137 1202 2345 1263 solvit.

166 1294 287 1349 Prae
308 1296 485 1352 oculis
506 1296 811 1353 habeamus
832 1305 1083 1368 oportet,
1116 1296 1287 1354 libelli
1314 1298 1489 1353 nostri
1506 1305 1718 1353 textum
1745 1296 2131 1369 primigenium
2152 1296 2420 1352 interiisse
2447 1303 2611 1367 atque

120 1382 351 1438 versiones
378 1383 544 1455 eulpa
578 1385 944 1455 interpretum
978 1384 1065 1441 vel
1098 1383 1457 1441 librariorum
1498 1384 1688 1441 multis
1715 1383 1934 1441 mendis
1962 1399 2081 1441 esse
2103 1392 2418 1455 corruptae,
2448 1383 2524 1439 ita
2551 1392 2612 1437 ut

118 1468 157 1520 in
177 1470 476 1527 nominibus
504 1472 740 1543 propriis
777 1472 1172 1545 quamplurimi
1212 1488 1430 1528 errores
1456 1472 1670 1528 lateant
1699 1475 1749 1539 (ς
1774 1477 1939 1541 36,1).
1969 1474 2057 1527 De
2087 1480 2355 1544 tempore,
2391 1487 2500 1542 quo
2525 1485 2614 1525 res

119 1556 359 1627 acciderit,
410 1559 525 1615 iam
554 1558 932 1616 dissenserunt
956 1562 1149 1615 Patres
1186 1568 1242 1615 et
1272 1560 1612 1632 antiquiores
1642 1560 1971 1629 interpretes
1987 1602 2001 1623 ,
2033 1560 2129 1631 qui
2170 1559 2436 1631 plerique,
2471 1573 2609 1629 quo-

120 1644 231 1698 niam
256 1648 409 1718 repis
445 1646 582 1703 Iuda
611 1664 724 1703 non
747 1646 811 1703 lit
838 1648 1049 1705 mentio
1072 1656 1127 1703 et
1154 1648 1390 1719 populus
1416 1648 1689 1719 templum
1711 1646 2094 1703 reaedificasse
2114 1646 2317 1702 dicitur
2341 1651 2452 1716 (4,3
2473 1653 2529 1701 et
2553 1651 2608 1711 5,

124 1736 181 1784 18.
217 1740 274 1788 19
312 1736 417 1789 Gr.
458 1732 540 1789 cfr
573 1740 723 1805 5,22.
759 1741 828 1791 23
862 1734 1079 1808 Vulq.),
1120 1752 1244 1792 rem
1272 1744 1399 1807 post
1428 1735 1686 1793 exsilium
1720 1734 2116 1806 babylonicum
2159 1742 2368 1807 gestam
2404 1748 2522 1789 esse
2558 1742 2614 1788 et

124 1818 637 1879 Nabuchodonosoris
660 1822 886 1878 nomine
912 1838 1089 1878 unum
1120 1840 1187 1878 ex
1220 1823 1447 1894 persicis
1474 1822 1699 1895 regibus
1723 1821 2003 1895 designari
2033 1829 2320 1893 putarunt.
2351 1824 2610 1876 Attamen

121 1914 323 1977 tempore
344 1911 563 1981 persico
586 1926 689 1967 nec
712 1910 1047 1983 assyriacum
1065 1926 1301 1983 regnum
1318 1926 1421 1965 nec
1444 1909 1724 1967 medicum
1752 1910 1978 1976 exstitit,
1999 1926 2104 1965 nec
2132 1924 2398 1981 umquam
2417 1908 2612 1963 Ninive

120 1990 196 2048 fuit
222 1995 373 2053 sedes
406 2012 610 2071 regum
645 2000 970 2067 Persarum,
1002 2013 1105 2054 nec
1134 1998 1327 2054 Iudaei
1354 2012 1620 2069 umquam
1648 2006 1843 2053 contra
1866 1999 2064 2053 Persas
2088 1995 2304 2052 bellum
2324 2002 2615 2068 gesserunt

118 2090 189 2135 aut
212 2083 572 2153 rebellarunt;
599 2084 728 2141 ideo
764 2084 1021 2141 moderni
1054 2085 1305 2159 plerique
1342 2100 1463 2141 rem
1492 2083 1830 2141 intermedio
1859 2092 2110 2155 tempore
2152 2084 2300 2139 inter
2326 2081 2614 2153 utriusque

120 2171 238 2241 regni
272 2172 560 2227 interitum
602 2171 867 2228 accidisse
912 2172 1115 2228 rectius
1154 2181 1376 2237 tenent,
1403 2181 1570 2244 atque
1604 2170 1988 2227 verisimiliora
2025 2177 2306 2239 statuunt,
2335 2170 2437 2240 qui
2476 2168 2613 2225 illud

119 2264 292 2329 tempus
320 2258 660 2330 praeferunt,
687 2276 797 2333 quo
822 2262 1107 2316 Manasses
1129 2260 1377 2331 captivus
1394 2259 1760 2333 Babyloniam
1781 2258 2054 2315 adductus
2078 2264 2132 2325 (2
2157 2262 2294 2315 Par.
2318 2262 2501 2326 33,11)
2531 2273 2614 2313 re·

121 2344 189 2412 gni
212 2346 733 2403 administrationem
758 2348 963 2403 vicario
991 2346 1211 2403 cuidam
1237 2346 1554 2418 reliquerat.

170 2434 359 2490 Etenim
378 2438 465 2505 a.)
488 2434 588 2490 illo
615 2444 865 2507 tempore
906 2435 1114 2491 exstitit
1158 2434 1424 2507 pontifex,
1458 2436 1544 2491 vel
1589 2434 1774 2506 potius
1791 2433 2139 2509 praefectus
2183 2433 2394 2489 domus
2419 2435 2617 2505 reqiae

121 2519 313 2577 Eliakim
343 2524 391 2592 (4
419 2526 565 2595 Reg.
601 2528 760 2592 18‚18
787 2525 952 2596 sqq.),
981 2523 1074 2578 cui
1111 2522 1322 2578 ultimis
1357 2521 1630 2579 Ezechiae
1667 2520 1825 2578 annis
1857 2522 2027 2578 Isaias
2063 2535 2382 2591 supremam
2417 2536 2616 2593 quam-

121 2604 217 2662 dam
252 2618 579 2679 potestatem
621 2608 966 2681 praedixerat
993 2614 1091 2677 (Is.
1120 2616 1285 2677 222⁰
1312 2616 1480 2682 sqq),
1514 2619 1578 2666 ut
1603 2626 1718 2666 non
1744 2609 1865 2665 sine
1895 2608 2257 2665 fundamento
2296 2624 2426 2665 eum
2469 2616 2618 2665 tem-

122 2708 223 2760 pore
240 2698 515 2766 Manasse,
546 2697 649 2753 filii
672 2695 969 2764 Ezechiae,
996 2712 1231 2769 regnum
1258 2697 1672 2757 administrasse
1702 2696 1951 2753 dicamus
1979 2702 2110 2763 (4,5.
2143 2700 2248 2758 11).
2272 2726 2346 2737 —
2377 2695 2454 2761 ὁ.)
2485 2695 2618 2750 Eius

121 2794 265 2839 autem
300 2786 693 2841 auctoritatem
735 2786 902 2841 etiam
948 2786 1019 2841 ad
1059 2784 1257 2841 decem
1296 2784 1544 2841 tribuum
1585 2786 1875 2856 reliquias,
1922 2800 2064 2856 quae
2108 2792 2206 2839 aut
2241 2782 2618 2854 captivitatem

120 2872 403 2941 ‘as-syriacam
450 2870 923 2945 subterfugientes
967 2881 1065 2929 aut
1099 2888 1167 2927 ex
1208 2887 1271 2927 ea
1309 2872 1451 2927 clam
1488 2886 1742 2929 reversae
1778 2871 1838 2927 in
1871 2870 2151 2927 montanis
2186 2868 2508 2941 regionibus
2547 2868 2618 2923 ab

124 2954 243 3013 hoste
278 2974 388 3016 non
434 2962 723 3032 occupatis
760 2976 932 3016 novas
974 2959 1135 3017 sedes
1182 2958 1548 3015 fundaverant
1591 2964 1726 3029 (5,a.
1769 2964 1881 3027 23),
1921 2974 2040 3014 sese
2082 2956 2419 3025 extendisse,
2469 2965 2618 3013 recte

120 3042 414 3114 admittitur3
448 3062 587 3103 nam
624 3048 791 3103 etiam
826 3046 928 3103 sub
975 3045 1211 3103 Ezechia
1247 3048 1297 3115 (2
1334 3046 1538 3102 Par-al.
1582 3050 1692 3115 30.)
1731 3055 1787 3103 et
1829 3044 1970 3101 Iosia
1999 3048 2053 3115 (2
2091 3045 2304 3100 Par-al.
2345 3044 2457 3116 34.)
2493 3045 2619 3099 reli·

124 3132 247 3199 quiae
272 3132 423 3207 regni
451 3134 923 3205 septemtrionalis
949 3134 1173 3207 regibus
1202 3132 1337 3189 Iuda
1369 3132 1656 3205 parebant.
1689 3138 1872 3205 Atque
1901 3132 2100 3189 eodem
2123 3140 2378 3203 tempore
2405 3132 2618 3187 incolae

124 3220 243 3287 regni
266 3222 427 3289 luda,
456 3222 713 3293 quicum
756 3224 1013 3278 Manasse
1052 3220 1400 3278 idololatriae
1448 3236 1506 3277 se
1544 3220 1812 3277 dederant
1851 3226 1905 3288 (2
1943 3225 2088 3277 Par.
2126 3224 2254 3288 3:3‚9
2291 3224 2430 3291 sq.),
2472 3220 2622 3291 regis

124 3306 391 3375 captivitate
421 3307 710 3381 perterriti
740 3308 813 3364 ad
855 3310 1037 3365 Deum
1062 3316 1190 3364 sunt
1231 3308 1440 3364 reversi
1468 3318 1524 3364 et
1558 3330 1584 3361 α
1619 3324 1748 3365 vasa
1788 3316 1842 3364 et
1868 3307 2040 3364 altare
2074 3315 2128 3364 et
2155 3308 2428 3379 templum
2456 3322 2620 3363 sanc-

124 3390 423 3452 tifieaverant
446 3412 479 3453 a
502 3395 809 3468 pollutione
848 3414 875 3449 ι
906 3398 1057 3466 (4,3).
1090 3398 1175 3451 De
1208 3394 1696 3467 reaedificatione
1743 3396 1933 3465 templi
1977 3402 2161 3451 textus
2206 3394 2479 3467 genuInus
2506 3409 2623 3450 non

125 3478 339 3549 loquitur.
364 3514 437 3527 -
460 3486 537 3551 c.)
578 3484 933 3556 Assyriorum
958 3498 1194 3557 reguum
1218 3491 1341 3538 tum
1369 3484 1637 3551 temporis
1664 3482 2106 3554 potentissimum
2130 3488 2266 3537 erat.
2295 3481 2622 3537 Assurbani·

126 3567 189 3633 pal
218 3574 325 3640 (pro
351 3572 515 3627 cuius
552 3572 743 3644 ignoto
776 3570 1001 3627 nomine
1041 3569 1181 3627 forte
1219 3586 1253 3626 a
1286 3570 1512 3627 librario
1553 3568 1795 3642 quodam
1827 3566 2343 3626 Nabuchodonosor
2379 3570 2623 3640 positum

126 3656 199 3723 est)
220 3656 487 3731 integram
518 3658 708 3715 Asiam
738 3659 1051 3715 citeriorem
1090 3667 1145 3713 et
1182 3662 1499 3731 Aegyptum
1536 3656 1702 3713 variis
1739 3655 2185 3729 expeditionibus
2221 3656 2530 3713 subiecerat
2567 3664 2624 3712 et

128 3738 235 3796 inter
269 3760 422 3818 reges
462 3744 569 3803 sibi
608 3745 930 3803 tributarios
975 3746 1143 3801 etiam
1186 3746 1440 3801 nominat
1480 3746 1796 3801 Manassen.
1843 3745 2076 3801 Devicto
2122 3744 2422 3800 Occidente
2466 3758 2622 3800 arma

126 3826 287 3887 Orienti
322 3833 623 3902 intulerat3
656 3834 716 3889 in
755 3832 871 3890 suis
905 3832 1213 3890 Annalibus
1248 3832 1496 3905 loquitur
1539 3831 1610 3888 de
1651 3831 1960 3888 Birizhadri
1995 3832 2302 3887 Medorum
2345 3846 2473 3903 rege
2521 3830 2621 3886 de-

128 3914 254 3974 victo.
280 3918 399 3989 Quo
426 3931 683 3993 tempore
712 3930 897 3977 autem
922 3922 981 3977 in
1011 3918 1189 3977 Media
1230 3928 1349 3977 erat
1374 3928 1680 3991 occupatus
1711 3918 1828 3975 eius
1856 3918 2026 3975 frater
2053 3917 2418 3990 Sammughes
2441 3918 2622 3988 (Saul-

128 4006 353 4078 mugina),
400 4022 572 4082 quem
620 4007 956 4081 Babyloniae
1004 4007 1370 4079 praefecerat,
1423 4005 1796 4064 occidentales
1843 4007 2078 4078 populos
2133 4004 2207 4061 ad
2263 4004 2622 4061 rebellionem

130 4093 367 4163 excitavit,
392 4104 461 4152 ut
488 4111 684 4155 eorum
724 4112 829 4168 ope
864 4094 1215 4153 chaldaicum
1253 4110 1487 4167 regnum
1524 4094 1636 4149 sibi
1663 4093 1988 4151 vindicaret.
2026 4095 2182 4149 Haec
2208 4091 2427 4148 videtur
2456 4091 2621 4147 fuisse

129 4182 303 4237 oeoesio
342 4182 502 4252 belli,
542 4184 697 4239 euius
737 4182 1119 4259 expeditiones³
1153 4182 1324 4239 refert
1351 4181 1493 4238 liber
1520 4190 1727 4237 noster.
1760 4184 1841 4237 Ex
1882 4181 2030 4253 regis
2058 4178 2350 4236 annalibus
2383 4187 2618 4245 constat,

130 4278 225 4320 eum
248 4268 577 4327 rebellantes
606 4272 837 4343 populos
865 4279 921 4328 et
950 4269 1179 4326 fratrem
1219 4286 1381 4326 suum
1410 4268 1719 4326 debellasse
1766 4277 1934 4341 atque
1975 4266 2202 4323 fratrem
2250 4282 2412 4322 suum
2453 4266 2619 4322 etiam

128 4348 377 4428 devicisse3
405 4374 475 4415 ex
512 4358 709 4415 iisdem
748 4374 967 4431 quoque
997 4367 1254 4430 apparet,
1282 4373 1410 4413 eum
1442 4372 1633 4413 versus
1659 4357 1814 4429 regni
1841 4356 2011 4412 finem
2039 4356 2096 4410 in
2129 4356 2256 4410 Asia
2287 4354 2543 4410 citeriore
2568 4364 2621 4410 et

128 4436 418 4517 illAegypto
452 4461 572 4503 non
616 4445 841 4517 eadem,
870 4460 979 4517 qua
1025 4455 1219 4515 antea,
1250 4444 1580 4501 auctoritate
1619 4444 1886 4500 valuisse:
1927 4459 1994 4499 ex
2024 4452 2214 4498 nostro
2255 4451 2440 4497 autem
2479 4440 2619 4497 libro

128 4523 373 4601 discimus,
410 4548 556 4606 quae
590 4532 757 4589 fuerit
782 4550 947 4590 causa
984 4532 1286 4590 diminutae
1324 4531 1690 4588 auctoritatis
1724 4532 1922 4603 Itaque
1949 4531 2178 4587 annales
2203 4530 2351 4603 regis
2379 4538 2436 4586 et
2480 4529 2622 4586 liber

128 4624 279 4673 noster
302 4636 419 4677 sese
444 4629 641 4677 mutuo
664 4621 963 4692 complent.
994 4652 1063 4663 —·-
1090 4620 1176 4687 d.)
1203 4620 1515 4676 Difficultas
1544 4627 1738 4675 eontra
1767 4619 1908 4674 hanc
1943 4618 2214 4691 temporis
2241 4618 2619 4675 definitionem

128 4714 176 4753 ex
198 4708 359 4769 1628.
388 4715 460 4764 ³⁰
488 4710 757 4773 exoritur3
788 4708 1153 4778 Sammughes
1188 4707 1336 4764 enim
1372 4716 1566 4762 contra
1609 4706 1836 4761 fratrem
1875 4705 2176 4763 insurrexit
2200 4724 2246 4762 c.
2282 4722 2334 4762 a.
2365 4712 2516 4769 650„
2545 4706 2619 4761 ita
