3050 5184
426 255 542 318 150
675 273 958 321 ms‘ronul
996 272 1357 319 Exeat-:scos
1402 286 1482 299 --
1524 268 1653 313 cAP.
1698 270 1781 313 ιν.
1829 270 2157 317 οΑΤΗοιιεΑ
2202 272 2689 319 INTERPRETATIO.

423 404 670 461 Psalmos
709 391 766 461 et
801 404 902 461 Iob
931 405 1123 475 edidit,
1163 409 1229 461 R.
1263 408 1472 459 Aaron
1505 400 1557 456 b.
1602 390 1765 457 Elia'
1792 417 1940 458 saec.
1984 408 2071 460 14.
2117 404 2551 461 pentateuchum
2590 404 2865 461 subtiliore
2887 414 2935 459 et

423 493 597 565 magis
636 491 838 549 diffuso
867 492 1240 565 explicationis
1277 506 1479 564 genere
1507 488 1823 545 illustravit.
1866 520 1936 530 —
1966 494 2120 546 Inter
2164 492 2603 548 Kabbalz'sticos
2632 495 2935 563 interpretes
3009 536 3010 539 ,

423 580 626 636 eminet
653 584 718 636 R.
750 584 972 648 Moyses
1008 578 1474 644 Naclimanides,
1512 576 1790 633 interdum
1828 578 2105 633 Ramban
2146 580 2451 651 appellatus
2480 582 2543 650 (†
2579 596 2627 635 c.
2664 596 2715 635 a.
2749 580 2933 651 1280.),

423 668 576 723 cuius
605 669 992 739 explicationes
1015 669 1073 723 in
1098 666 1538 723 Pentateuchum
1566 665 1857 737 aliquoties
1879 664 2041 721 affert
2063 668 2265 722 Paulus
2292 670 2459 740 Burg.
2492 699 2563 707 —
2580 669 2877 724 samarita
2888 668 2939 721 ni

427 771 645 828 quoque
667 773 795 811 suos
825 755 1033 813 habent
1057 755 1385 827 interpretes
1413 752 1510 825 qui
1533 761 1721 809 tamen
1746 752 2029 826 haggadas
2052 754 2227 826 magis
2256 771 2424 828 quam
2450 755 2717 812 literalem
2736 770 2937 811 sensum
3009 732 3010 785 Ῐ

425 852 724 899 sectantur.

505 1007 563 1063 2.
606 1038 684 1047 —
725 1004 963 1065 Iudaici
1007 1003 1470 1077 commentarii,
1523 1002 1634 1080 qui
1681 1002 1879 1081 magis
1925 1003 2345 1076 celebrantur,
2396 1002 2647 1065 collecti
2696 1008 2840 1063 sunt
2885 1002 2941 1060 in

427 1099 645 1160 Bibliis
671 1100 1014 1160 rabbim‘cis.

497 1215 620 1282 Quo
642 1213 868 1269 nomine
890 1214 1251 1287 designantur
1275 1214 1406 1269 illae
1423 1211 1696 1269 librorum
1716 1227 2002 1276 sacrorum
2021 1210 2311 1277 editiones,
2336 1228 2479 1287 quae
2504 1213 2685 1269 textui
2703 1212 2943 1269 hebraico

429 1303 752 1369 Massoram,
785 1300 1164 1374 Thargumim,
1205 1301 1489 1372 variasque
1536 1299 1895 1357 rabbinorum
1930 1300 2327 1372 explicationes
2368 1300 2695 1373 adiungunt.
2740 1302 2945 1370 Septem

431 1390 596 1461 vulgo
625 1390 939 1446 enumerari
965 1390 1162 1446 solent.
1208 1390 1390 1445 Prima
1418 1387 1592 1443 edidit
1618 1396 1674 1443 et
1701 1388 1873 1443 Leoni
1901 1389 1975 1445 X.
2016 1386 2290 1443 dedicavit
2316 1393 2385 1445 P.
2425 1388 2593 1444 Felix
2628 1387 2941 1451 pratensis,

429 1479 498 1532 Ο.
523 1478 580 1533 S.
605 1480 773 1549 Aug,
808 1477 1042 1533 Iudaeus
1066 1492 1362 1533 conversus
1393 1476 1659 1546 (venetiis
1698 1476 1910 1546 1517.);
1943 1475 2188 1531 venetiis
2216 1491 2438 1548 quoque
2475 1475 2801 1546 prodierunt
2822 1488 2945 1545 qua-

429 1574 558 1619 tuor
583 1565 870 1637 sequentia
902 1564 1058 1619 novis
1097 1563 1505 1619 commentariis
1534 1570 1693 1619 aucta
1734 1567 1911 1629 (r525.
1950 1568 2105 1619 1548.
2139 1578 2204 1618 ex
2234 1561 2455 1618 officina
2497 1562 2947 1635 Bomberqiana;

434 1658 589 1709 1568.
641 1656 841 1719 1617.).
887 1655 1052 1708 Sexta
1097 1650 1273 1707 edidit
1303 1654 1353 1707 Ι.
1399 1649 1671 1723 Buoetorf
1698 1652 1964 1717 (Basileae
2020 1654 2229 1718 1618.);
2270 1652 2529 1721 septima,
2574 1664 2720 1722 quae
2771 1649 2947 1718 Moysi

431 1738 916 1811 Francosurlensi
950 1737 1222 1795 debentur
1258 1738 1683 1806 (Amstelodami
1731 1744 1929 1805 1724),
1963 1737 2213 1793 omnium
2241 1737 2509 1794 ditissima
2538 1746 2689 1807 sunt,
2728 1736 2851 1809 quia
2877 1735 2946 1789 vi-

433 1827 568 1899 ginti
587 1842 682 1882 sex
710 1825 1067 1882 rabbinorum
1096 1834 1191 1881 aut
1230 1827 1286 1881 in
1320 1842 1514 1881 omnes
1541 1833 1639 1881 aut
1665 1826 1723 1881 in
1754 1826 1969 1898 aliquos
1997 1825 2168 1882 libros
2202 1826 2630 1881 commentarios
2660 1826 2942 1881 continent.

433 1918 636 1970 Textus
658 1912 979 1970 Christianis
1005 1914 1254 1970 iniuriosi
1282 1914 1339 1969 in
1363 1913 1699 1970 editionibus
1724 1913 1835 1969 illis
1862 1914 2052 1969 omissi
2073 1922 2220 1969 sunt.

1467 2196 1765 2264 CAPUT
1811 2197 1931 2263 IV.

963 2422 1057 2473 DE
1097 2420 1789 2472 INTERPRETATIONE
1829 2418 2437 2473 CATHOLICORUM.

742 2660 779 2742 ἓ
816 2664 879 2724 9.
911 2696 1000 2705 -
1027 2658 1148 2724 88.
1191 2659 1472 2722 Patrum
1509 2655 1703 2721 varia
1740 2666 2103 2744 systemata
2136 2651 2659 2721 hermeneutica.

517 2864 573 2921 1.
606 2894 683 2904 —-
713 2860 1078 2936 Simplicem
1117 2860 1613 2938 popularemque
1656 2858 2007 2936 explicandi
2038 2857 2297 2919 modum
2316 2904 2331 2931 ‚
2366 2874 2555 2935 quem
2585 2874 2662 2917 ex
2690 2856 2839 2917 orali
2867 2855 2949 2913 in-

439 2957 760 3018 stitutione
803 2957 1245 3034 Apostolorum
1289 2971 1638 3033 eorumque
1682 2954 1935 3032 scriptis
1980 2954 2353 3026 hauserant,
2386 2954 2577 3032 primi
2628 2954 2951 3014 tenuerunt

435 3056 648 3115 Patres
677 3054 742 3112 in
773 3070 846 3113 eo
877 3058 1186 3113 tantum'a
1213 3052 1531 3129 magistris
1560 3052 1694 3111 suis
1724 3050 2185 3129 discrepanteS,
2222 3054 2393 3127 quod
2425 3068 2547 3110 una
2576 3067 2724 3110 cum
2750 3052 2953 3111 Vetere

437 3152 606 3211 Test.
641 3150 864 3221 etiam,
899 3149 993 3209 uti
1031 3166 1147 3226 par
1185 3154 1348 3219 erat,
1383 3148 1829 3226 Apostolorum
1859 3147 2039 3207 libris
2080 3165 2193 3207 ceu
2222 3147 2527 3224 inspirato
2567 3142 2955 3206 revelationis

442 3248 609 3307 fonte
639 3247 737 3306 usi
761 3248 925 3306 sunt.
950 3245 1284 3321 Interprcti
1315 3262 1391 3304 ex
1409 3243 1875 3322 antiquioribus
1896 3244 2185 3305 Patribus
2208 3242 2578 3321 praesertlm
2600 3238 2953 3302 consulendi

442 3348 586 3404 sunt
612 3343 722 3403 SS.
755 3340 1029 3401 lustinus
1059 3340 1126 3420 (ἠ-
1157 3339 1322 3419 167.)
1354 3345 1415 3401 et
1445 3340 1730 3400 Irenaeus
1758 3339 1827 3419 (ἥ-
1858 3340 2046 3419 202).

512 3454 873 3512 Rabbinicam
900 3454 1364 3525 interpretationis
1393 3454 1668 3509 rationem
1704 3453 1763 3508 in
1791 3452 1932 3508 Novi
1965 3454 2113 3508 Test.
2153 3452 2313 3509 libris
2336 3453 2580 3508 invenire
2616 3452 2811 3509 volunt
2832 3464 2956 3505 non-

441 3543 578 3599 nulli
607 3541 858 3599 modcrni
886 3544 1286 3610 Protestantes;
1314 3550 1559 3597 attamen
1578 3541 1625 3596 si
1652 3556 1779 3596 cum
1796 3548 1913 3596 tota
1935 3540 2262 3612 antiquitate
2285 3540 2565 3611 duplicem
2592 3554 2816 3595 sensum
2836 3537 2958 3592 eius·

441 3631 569 3687 dem
592 3629 959 3700 auctoritatiS,
981 3630 1253 3685 literalem
1282 3637 1337 3684 et
1363 3629 1627 3702 typicum,
1656 3628 1713 3683 in
1737 3628 2033 3698 Scripturis
2055 3628 2414 3684 admitterent
2440 3637 2607 3700 atque
2635 3622 2953 3683 consectaria

441 3736 508 3775 ex
533 3719 703 3775 sacris
732 3718 914 3775 verbis
941 3718 1182 3791 legitime
1211 3716 1448 3773 deducta
1475 3715 1700 3787 Spiritui
1730 3716 1787 3771 S.
1820 3723 1969 3771 recte
1998 3714 2227 3771 attribui
2253 3714 2643 3783 concederent,
2679 3729 2782 3769 nec
2798 3712 2951 3769 Hala-

441 3808 573 3863 chas
599 3823 702 3862 nec
729 3805 1024 3878 Haggadas
1051 3806 1108 3861 in
1133 3807 1188 3862 S.
1225 3804 1380 3860 Pauli
1416 3804 1663 3875 epistolis
1700 3803 2041 3876 detegerent.
2083 3806 2204 3860 Iam
2238 3802 2434 3860 eodem
2462 3801 2662 3872 modo,
2692 3817 2801 3874 quo
2832 3795 2953 3854 sacri

441 3896 762 3967 scriptoreS,
795 3894 958 3966 primi
981 3896 1174 3949 Patres
1202 3892 1511 3963 Scripturas
1544 3890 1937 3959 adhibuerunt,
1975 3907 2089 3947 non
2117 3890 2533 3947 commentariis
2568 3906 2662 3946 eas
2687 3890 2955 3945 illustran-

442 3992 552 4050 teS,
582 3982 681 4039 sed
703 3999 770 4039 ex
798 3982 1002 4054 duplici
1030 3997 1224 4037 eorum
1250 3996 1414 4036 sensu
1442 3986 1769 4051 argumenta
1794 3994 1894 4034 sua
1922 3978 2293 4035 desumenteS.
2320 3980 2405 4033 Ita
2432 3978 2490 4035 S.
2518 3981 2776 4033 Iustinus
2797 3976 2853 4030 in
2869 3986 2955 4027 suo

442 4072 660 4145 dialogo
683 4079 878 4128 contra
900 4069 1252 4141 Tryphonem
1285 4065 1522 4124 Iudaeos
1550 4067 1739 4123 multis
1770 4066 2036 4124 vaticiniis
2064 4066 2405 4122 messianicis
2441 4064 2717 4134 confutat,
2758 4062 2875 4118 aliis
2897 4058 2955 4114 li-

443 4160 617 4228 terali,
649 4159 770 4216 aliis
791 4158 976 4231 typico
999 4172 1163 4212 sensu
1187 4155 1406 4228 egregie
1434 4154 1714 4227 expositiS.
1744 4154 1803 4211 S.
1830 4159 2108 4209 Irenaeus
2132 4163 2317 4209 autem
2338 4162 2532 4209 contra
2562 4151 2859 4208 haereticos
2884 4145 2957 4201 di-

441 4248 652 4304 micans
681 4264 746 4303 ex
770 4245 1026 4303 omnibus
1054 4242 1168 4299 sere
1211 4243 1508 4313 Utriusque
1537 4245 1685 4299 Test.
1725 4241 1877 4297 libris
1910 4250 2233 4314 argumenta
2264 4256 2362 4297 sua
2403 4240 2627 4313 colligit,
2656 4237 2755 4295 sed
2784 4242 2957 4295 contra

441 4336 734 4391 Gnosticos
766 4333 1042 4389 literalem
1070 4346 1295 4387 sensum
1319 4332 1560 4386 maxime
1588 4346 1792 4402 urgens
1822 4346 1927 4385 nec
1963 4328 2097 4385 satis
2126 4337 2381 4385 accurate
2415 4328 2561 4385 inter
2592 4342 2813 4385 sensum
2841 4336 2959 4394 pro-

446 4424 628 4493 prium
654 4430 712 4478 et
737 4422 1069 4477 translatum
1097 4417 1414 4475 discernens
1441 4416 1760 4473 chiliasticis
1788 4417 2137 4489 opinionibus
2159 4415 2324 4473 favet.

525 4583 584 4638 2.
619 4612 696 4623 -
725 4580 876 4640 Inde
905 4598 942 4640 a
969 4582 1028 4640 3.
1066 4578 1316 4639 saeculo
1347 4580 1563 4638 Patres
1592 4576 1870 4655 integros
1900 4576 2095 4637 libros
2136 4593 2346 4637 sacros
2376 4572 2687 4638 continuis
2726 4568 2961 4633 scholiis
