3050 5184
315 304 433 362 124
510 318 665 361 susr.
712 320 996 364 ruxruuu
1037 318 1115 363 m·
1157 320 1517 365 vnnsmrtuu.
1565 334 1646 347 -
1685 318 1813 363 cAr.
1860 318 1952 364 vt.
1993 316 2069 361 ns
2113 313 2318 359 sonunt
2363 310 2473 355 usu
2511 306 2768 352 cru-rme.

314 448 599 509 scientias,
626 464 767 519 quae
794 450 1303 522 praerequiruntur‚
1338 451 1588 506 animum
1616 448 1985 518 attendimus;
2020 449 2193 504 altera
2223 452 2411 500 tamen
2434 457 2500 498 ex
2531 446 2692 512 parte
2731 436 2874 492 faci-

314 534 419 589 lior
444 533 609 591 hodie
640 534 783 591 l‘acta
810 545 919 605 est,
954 546 1245 609 postquam
1278 537 1411 593 inde
1441 536 1509 592 ab
1537 538 1764 593 ineunte
1790 552 1934 593 saec.
1965 540 2054 591 16.
2085 533 2405 589 adiumenta
2436 536 2665 585 externa
2700 538 2871 580 com-

314 622 497 691 parari
517 630 646 677 sunt
676 631 891 695 coepta.
916 624 1117 681 Variae
1140 625 1289 680 enim
1330 624 1598 680 lectiones
1633 622 2004 695 undequaque
2039 622 2154 677 iam
2191 627 2322 675 suut
2351 616 2643 681 collectae,
2679 626 2874 681 neque

314 707 515 764 desunt
544 708 707 766 hodie
733 710 881 767 bona
908 726 1102 782 opera,
1128 712 1191 767 in
1218 710 1418 783 quibus
1446 712 1525 767 ita
1553 719 1686 766 sunt
1711 709 1995 783 digestae,
2025 717 2087 765 ut
2114 721 2390 780 quaenam
2417 704 2491 759 sit
2519 700 2875 772 singularum

314 796 643 865 auctoritas,
682 814 793 853 non
833 798 1007 854 nimia
1042 814 1177 855 cum
1212 798 1541 854 difficultate
1579 798 1930 870 percipiatur.
1967 801 2318 869 Apparatus
2351 793 2619 857 criticos,
2655 788 2756 859 qui
2795 785 2874 840 ad

312 882 623 953 Scripturas
652 885 1007 958 primigenias
1032 894 1089 941 et
1114 885 1185 941 ad
1206 886 1529 956 praecipuas
1555 886 1838 941 versiones
1864 894 1994 940 sunt
2019 882 2329 955 comparati
2345 924 2359 950 ,
2389 880 2506 937 suis
2534 876 2673 934 locis
2713 872 2874 929 indi-

316 971 591 1038 cavimus;
636 980 805 1027 restat
844 980 905 1027 ut
940 971 1011 1027 de
1040 973 1383 1047 Polyqlottis
1428 988 1604 1044 pauca
1657 971 1958 1041 addamus,
1998 972 2060 1027 in
2096 969 2300 1043 quibus
2328 966 2642 1040 primitivus
2681 970 2874 1018 textus

315 1072 443 1112 cum
474 1058 783 1131 praecipuis
813 1059 1155 1115 versionibus
1180 1061 1261 1116 ita
1293 1067 1379 1117 est
1418 1060 1747 1131 dispositus,
1785 1068 1849 1117 ut
1879 1058 2060 1130 primo
2099 1058 2257 1131 quasi
2299 1064 2524 1127 aspectu
2561 1058 2866 1124 appareat,

318 1144 597 1215 quomodo
640 1147 803 1203 variis
838 1146 1179 1218 temporibus
1215 1148 1417 1219 aliquis
1447 1148 1604 1203 locus
1631 1148 1704 1203 sit
1737 1148 1914 1204 lectus
1941 1155 2110 1217 atque
2150 1146 2482 1201 intellectus·
2508 1144 2740 1198 Praeter
2767 1137 2872 1192 mi·

316 1248 453 1288 nora
483 1231 776 1304 quaedam,
804 1233 1005 1305 quibus
1032 1251 1145 1291 non
1172 1250 1375 1307 magna
1398 1242 1483 1291 est
1510 1234 1842 1302 auctoritas,
1869 1242 2109 1307 quatuor
2131 1232 2459 1304 prodierunt
2479 1229 2692 1284 maiora
2715 1240 2868 1281 saec.

322 1325 406 1376 16.
438 1327 493 1375 et
524 1326 608 1376 17.
640 1320 907 1378 adornata
924 1365 938 1392 ,
966 1338 1109 1394 quae
1134 1322 1363 1395 speciali
1390 1322 1672 1378 mentione
1699 1331 1829 1379 sunt
1859 1322 2046 1395 digna.

393 1408 971 1475 1.)Com‘tu·r13nsu
1011 1425 1064 1469 a.
1114 1417 1270 1467 1502.
1307 1410 1610 1481 instigante
1637 1415 1696 1465 et
1739 1410 2021 1481 impensas
2055 1409 2406 1465 ministrante
2447 1404 2611 1463 Card.
2649 1407 2866 1460 Fraus.

318 1496 593 1551 Ximenes
624 1496 699 1553 de
732 1498 1030 1563 Cimo-os,
1077 1500 1147 1555 0.
1186 1498 1351 1565 Min„
1394 1497 1714 1569 praeparari
1747 1504 1878 1553 sunt
1913 1506 2135 1567 coepta,
2169 1495 2494 1551 hebraicum
2529 1501 2586 1549 et
2621 1488 2869 1548 chaldai-

318 1598 446 1638 cum
482 1592 694 1639 textum
734 1593 1003 1641 curarunt
1027 1592 1141 1641 tres
1178 1584 1371 1641 Iudaei
1412 1585 1667 1641 conversi
1708 1584 2045 1657 Alplaonsus
2079 1583 2398 1655 Compluc„
2433 1580 2662 1637 Paulus
2695 1582 2869 1635 Coro-

318 1670 532 1737 uellus,
566 1671 745 1743 Alpa.
781 1672 857 1727 de
878 1676 1185 1741 Zamora,
1216 1687 1479 1744 graecum
1505 1680 1563 1728 et
1587 1672 1828 1729 latinum
1867 1676 2031 1727 Dem.
2063 1676 2266 1727 Dusae
2301 1672 2473 1738 Cret„
2513 1668 2723 1723 Aelius
2749 1671 2870 1721 An-

320 1762 511 1813 tonius
540 1757 779 1823 Nebiss.,
809 1763 935 1815 Iao.
965 1764 1155 1831 Lopez
1182 1763 1471 1832 Astuniqa
1494 1760 1784 1831 (Stunica),
1811 1761 1979 1815 Ferd.
2003 1764 2199 1817 Nunn.
2221 1758 2298 1815 de
2317 1761 2608 1814 Gusman.
2633 1756 2870 1811 Ineunte

319 1862 371 1900 a.
405 1851 559 1901 1514.
603 1846 744 1901 Novi
782 1847 932 1905 Test.
982 1847 1272 1917 impressio
1314 1856 1436 1903 erat
1479 1847 1778 1903 terminata
1818 1847 1880 1903 in
1917 1846 2055 1903 urbe
2099 1847 2504 1918 complutensi
2544 1842 2760 1911 (Alcala
2797 1841 2870 1895 de

318 1932 605 1999 Henares),
636 1932 815 1988 tribus
856 1934 1017 1989 annis
1053 1943 1179 2005 post
1220 1934 1387 1990 etiam
1424 1936 1598 1991 Vetus
1635 1937 1785 1991 Test.
1827 1943 1948 1991 erat
1987 1935 2136 2007 typis
2173 1933 2541 2004 descriptum3
2581 1932 2642 1987 in
2682 1930 2870 1986 lucem

319 2028 503 2075 tamen
525 2020 787 2075 emissum
816 2036 956 2092 opus
987 2038 1101 2077 non
1128 2030 1211 2078 est
1233 2022 1341 2079 nisi
1360 2038 1414 2079 a.⁴
1439 2028 1592 2077 1522.
1615 2031 1740 2092 post
1767 2021 1935 2079 Card.
1967 2022 2224 2077 Ximenis
2241 2030 2499 2077 mortem.
2523 2019 2753 2075 Constat
2773 2032 2871 2073 sex

322 2106 723 2177 voluminibus3
758 2109 802 2165 Ι.
835 2110 1081 2165 continet
1109 2109 1546 2166 Pentateuchum
1584 2110 1766 2173 hebr..
1803 2110 1974 2181 vulg„
2005 2108 2288 2167 alexandr.
2329 2122 2456 2165 cum
2495 2107 2748 2163 versione
2783 2106 2872 2159 in-

318 2194 627 2263 terlineari,
663 2194 851 2253 chald.
894 2196 1257 2267 paraphrasin
1289 2196 1558 2253 Onkelosi
1599 2213 1728 2253 cum
1769 2197 2021 2253 versione
2060 2197 2260 2265 latina,
2295 2198 2493 2253 11.-1v.
2529 2194 2776 2265 reliquos
2804 2193 2868 2247 li-

322 2281 449 2337 bros
500 2282 718 2339 Veteris
761 2285 910 2339 Test.
956 2284 1415 2353 protocanonicos
1462 2283 1656 2340 eadem
1694 2285 1938 2353 ratione,
1981 2284 2082 2341 sed
2131 2286 2250 2339 sine
2289 2282 2616 2355 paraphrasi
2651 2281 2868 2345 chald..

320 2368 845 2427 deuterocanonicos
874 2386 1069 2443 graece
1090 2379 1148 2427 et
1174 2372 1373 2439 latiue;
1396 2373 1461 2429 V.
1488 2371 1712 2428 exhibet
1742 2370 2163 2428 vocabularium
2191 2369 2350 2427 hebr.
2385 2380 2443 2429 et
2477 2368 2664 2427 chald.
2695 2376 2870 2439 atque

320 2458 736 2529 grammaticam
761 2456 945 2527 hebr„
974 2460 1070 2515 Vl.
1104 2460 1322 2515 Novum
1349 2461 1499 2517 Test.
1542 2476 1738 2533 graece
1766 2469 1823 2517 et
1846 2461 2020 2517 latine
2047 2475 2176 2515 cum
2207 2458 2578 2515 vocabulario·

388 2548 467 2611 2.)
496 2550 1017 2603 Aurwnnrmusu
1040 2561 1137 2602 seu
1169 2549 1371 2605 Rama
1396 2547 1806 2603 munificentiae
1833 2550 1992 2620 reqis
2018 2547 2288 2619 Philippi
2309 2550 2386 2603 11.
2413 2544 2714 2611 debentur;
2743 2560 2869 2615 pro-

320 2632 542 2687 dierunt
560 2641 747 2689 autem
759 2638 1139 2707 Antwcrpiae
1166 2640 1439 2691 1569.-72.
1464 2635 1770 2692 editoribus
1789 2640 1926 2691 Bere.
1941 2638 2094 2691 Aria
2115 2638 2420 2703 Montano,
2437 2632 2623 2689 Andr.
2645 2633 2862 2693 Musio,

320 2722 525 2775 Franc.
554 2726 714 2775 Luca
739 2725 942 2794 Bruq„
974 2722 1223 2793 aliisque.
1264 2726 1407 2779 Octo
1448 2722 1793 2779 voluminum
1823 2730 2062 2794 quatuor
2091 2722 2278 2793 priora
2305 2721 2403 2790 iis,
2436 2736 2580 2792 quae
2622 2719 2684 2775 in
2717 2735 2870 2775 com·

322 2808 658 2878 plutensibus
682 2817 926 2880 exstant,
950 2810 1293 2882 reliquorum
1324 2810 1598 2865 librorum
1625 2809 1988 2881 paraphrases
2011 2809 2328 2865 chaldaicas
2350 2823 2480 2864 cum
2517 2822 2710 2863 earum
2749 2823 2868 2862 ver-

318 2895 471 2951 sione
496 2897 665 2953 latina
694 2896 934 2965 adduut3
957 2899 1024 2953 V.
1052 2913 1249 2970 graeco
1275 2907 1330 2953 et
1347 2898 1520 2953 latino
1547 2900 1702 2954 Novo
1731 2900 1882 2953 Test.
1911 2896 2068 2951 addit
2095 2897 2376 2969 syriacum
2403 2896 2518 2951 suis
2548 2894 2790 2967 propriis
2811 2904 2870 2951 et

320 2984 520 3039 iterum
549 2983 825 3040 hebraicis
852 2984 1028 3041 literis
1053 2983 1395 3057 descriptum
1430 3000 1559 3041 cum
1589 2986 1760 3040 latina
1786 2984 2038 3040 versione
2075 2984 2309 3052 verbali;
2346 2983 2454 3040 tria
2481 2982 2696 3055 reliqua
2727 2998 2868 3039 con-

318 3070 497 3126 tinent
524 3071 705 3126 varios
732 3079 1003 3127 tractatus
1029 3072 1098 3128 de
1126 3072 1547 3144 antiquitatibus
1571 3073 1740 3129 sacris
1781 3080 1888 3128 etc.

388 3162 463 3228 3.)
492 3161 889 3216 ΡΑιιιεῐεΝειΑ
921 3159 1215 3230 splendore
1239 3169 1467 3216 externo
1496 3158 1596 3217 sed
1624 3176 1740 3217 non
1763 3160 1986 3215 interno
2011 3159 2228 3231 reliqua
2255 3168 2537 3232 superant.
2579 3161 2869 3230 Impensas

322 3246 513 3302 Guido
540 3246 719 3301 Mich.
762 3250 838 3303 Le
862 3250 1007 3319 Jay,
1042 3246 1340 3305 advocatus
1381 3249 1568 3321 regiae
1605 3247 1822 3317 curiae,
1855 3247 2327 3316 subministravit,
2355 3245 2599 3303 editores
2641 3244 2869 3301 fuerunt

320 3337 484 3388 toan.
506 3336 775 3391 Morinus
804 3342 861 3389 et
883 3333 995 3390 duo
1020 3336 1359 3411 Maronitae,
1384 3335 1636 3392 Gabriel
1652 3339 1884 3393 Sionica
1912 3343 1969 3391 et
2004 3335 2322 3393 Abraham
2347 3334 2736 3400 Echellensis;
2769 3335 2864 3391 Pa-

320 3422 466 3477 risiis
500 3421 691 3477 decem
724 3421 1095 3479 voluminibus
1129 3422 1473 3494 prodierunt.
1515 3425 1622 3480 Sex
1651 3424 1837 3495 priora
1869 3422 1940 3479 ab
1969 3422 2216 3480 editione
2254 3432 2534 3494 antwerp.
2561 3422 2621 3477 in
2653 3436 2720 3477 eo
2743 3422 2866 3477 solo

318 3508 612 3578 disserunt,
657 3508 807 3581 quod
850 3526 952 3581 pro
991 3518 1148 3567 textu
1185 3526 1297 3583 syr.
1347 3512 1416 3567 N.
1466 3513 1616 3568 Test.
1670 3509 1945 3567 hebraicis
1990 3511 2168 3567 literis
2209 3510 2522 3581 conscripto
2569 3508 2866 3565 exhibeant

318 3596 621 3653 arabicum.
658 3596 867 3653 Ultima
894 3606 1134 3669 quatuor
1157 3601 1374 3654 Pentat.
1406 3600 1666 3655 samarit.
1699 3600 1926 3670 eiusque
1953 3599 2264 3654 versionem
2287 3598 2558 3665 samarit.,
2589 3595 2674 3651 uti
2694 3596 2864 3651 etiam

318 3686 594 3759 syriacum
622 3693 677 3739 et
703 3684 855 3739 arab.
887 3687 1060 3742 Vetus
1081 3687 1229 3741 Test.
1262 3702 1391 3741 cum
1420 3685 1970 3757 interpretationibus
1998 3686 2185 3741 latinis
2213 3685 2471 3741 afferunt.

386 3777 467 3841 4.)
494 3774 919 3829 Loxmmmsu
946 3773 1033 3828 vel
1064 3776 1495 3831 WALTomAM
1518 3774 1772 3830 omnium
1798 3773 2008 3845 optima
2033 3782 2191 3841 sunt,
2219 3788 2391 3845 quum
2416 3772 2602 3843 plures
2629 3779 2686 3827 et
2707 3786 2864 3827 accu-

320 3862 549 3917 ratiores
577 3868 762 3916 textus
784 3861 1105 3917 contineant
1132 3870 1299 3933 atque
1328 3862 1515 3932 amplo
1546 3870 1602 3918 et
1635 3862 1855 3935 egregio
1895 3869 2164 3933 apparatu
2194 3860 2387 3917 critico
2425 3862 2538 3915 sint
2573 3860 2858 3915 instructa.

322 3948 635 4005 Editoribus
677 3952 913 4024 Bryane
962 3949 1247 4015 {Valcom
1290 3950 1608 4006 Edmundo
1657 3950 1916 4006 castello
1955 3949 2188 4019 aliisque
2237 3948 2563 4017 prodierunt
2607 3946 2864 4002 Londim·

324 4042 697 4105 1657.-1686.,
729 4044 857 4091 octo
888 4036 1260 4093 voluminibus
1277 4080 1291 4107 ,
1318 4052 1558 4107 quorum
1587 4036 1698 4093 duo
1727 4038 1922 4093 ultima
1947 4036 2173 4093 Castelli
2191 4036 2432 4091 Lexicon
2461 4034 2863 4107 heptaglotton,

322 4128 413 4179 VI.
458 4133 787 4196 apparatum
826 4124 1082 4180 criticum
1124 4124 1195 4181 ad
1237 4139 1431 4182 omnes
1471 4134 1654 4181 textus
1699 4126 1944 4197 quinque
1992 4122 2272 4195 prioribus
2307 4122 2682 4178 voluminibus
2726 4136 2862 4177 con-

317 4222 501 4267 tentos
528 4212 809 4269 exhibent.
839 4214 1163 4281 versiones,
1197 4228 1339 4284 quae
1361 4212 1475 4267 iam
1503 4212 1562 4267 in
1583 4212 1989 4269 Parisiensibus
2015 4218 2260 4279 exstant,
2287 4211 2466 4266 multo
2494 4210 2864 4266 accuratiores

319 4309 449 4355 suut
474 4310 752 4371 receptae,
790 4299 1012 4355 additae
1046 4308 1235 4356 autem
1272 4308 1403 4355 sunt
1440 4301 1722 4357 versiones
1757 4300 2070 4371 aethiopica
2102 4308 2159 4355 et
2185 4298 2420 4370 persica.
2459 4297 2868 4354 Pentateuchus

318 4396 443 4443 octo
470 4390 633 4443 variis
653 4388 855 4459 linguis
882 4396 965 4443 est
988 4387 1177 4455 datus,
1208 4388 1540 4443 Psalterium
1566 4398 1807 4461 septem,
1842 4388 2038 4459 reliqui
2059 4386 2190 4443 libri
2209 4384 2630 4458 protocanouici
2653 4386 2866 4441 Veteris

317 4480 467 4531 Test.
498 4480 735 4546 (ptae·er
772 4475 991 4543 Esther)
1030 4486 1084 4531 et
1112 4477 1409 4547 Evangelia
1442 4485 1575 4531 sunt
1613 4478 1958 4549 hexaglotta,
1993 4474 2192 4532 Esther
2228 4482 2285 4530 et
2319 4473 2524 4544 reliqui
2560 4471 2690 4527 libri
2721 4474 2862 4529 Novi

316 4568 465 4621 Test.
500 4564 847 4635 pentaglotti,
883 4564 1365 4620 deuterocauonici
1391 4566 1609 4621 Veteris
1637 4568 1785 4621 Test.
1813 4565 2063 4637 plerique
2090 4561 2426 4636 tetraglotti,
2457 4561 2557 4617 sed
2588 4560 2776 4617 Iudith
2805 4572 2859 4617 et

322 4661 370 4708 1.
400 4658 435 4707 2
464 4651 647 4707 Maeli.
676 4653 935 4725 triglotti,
968 4652 1277 4725 fragmenta
1306 4654 1533 4709 demum
1562 4654 1808 4710 Estheris
1836 4654 2091 4726 diglotta.
