3050 5184
318 332 498 376 CANON
536 334 678 380 novt
721 336 886 382 TBs'r.
932 336 976 380 A
1015 337 1272 384 sal-:cum
1312 327 1374 384 4.
1419 341 1498 384 ΑΒ
1540 341 1823 386 ΝΟδΤΒΑΠ
1866 343 2051 394 USQUE
2090 343 2400 390 AETATEM.
2543 333 2617 392 47

143 463 226 518 siae
240 479 490 521 cunonem
511 483 576 522 ex
602 469 661 524 S.
681 467 1016 542 Epiphania·
1037 471 1348 528 testimonio
1370 471 1547 542 (haer.
1575 477 1725 540 76,5)
1749 474 2149 547 cognoscimus,
2176 485 2233 530 et
2249 478 2415 549 Syros
2439 478 2611 534 orien·
2686 541 2691 545 ,

143 551 246 604 tales
275 567 409 608 saec.
441 562 494 608 4.
535 570 725 611 omnes
751 561 971 614 nostros
1009 557 1176 614 libros
1202 575 1305 631 pro
1333 559 1531 615 divinis
1559 560 1815 618 habuisse
1858 561 2159 619 ostendunt
2192 564 2247 618 S.
2292 565 2615 638 Ephraemi

139 654 294 707 opera,
338 641 392 696 in
433 642 627 713 quibus
673 645 842 700 etiam
887 645 1126 701 minores
1177 647 1436 718 epistolas
1491 655 1548 703 et
1600 650 1992 722 Apocalypsim
2039 649 2190 707 haud
2242 652 2620 724 infrequenter

139 725 342 782 adhiberi
374 729 486 784 iam
529 730 782 788 diximus.
821 761 893 773 -
929 735 1002 789 At
1044 736 1099 790 S.
1148 735 1411 804 cyrillus
1453 737 1627 793 leros.
1668 737 1727 792 in
1772 752 1871 793 suo
1913 738 2165 812 catalogo
2204 741 2342 806 (Cat.
2387 742 2484 796 IV.
2527 742 2615 813 36)

137 816 456 888 Apocalypsin
490 818 692 875 omittit
726 835 958 892 eamque
991 820 1120 877 alibi
1150 823 1476 896 apocryphis
1512 823 1879 882 adnumerare
1916 824 2131 882 videtur
2163 828 2295 888 (Cat.
2337 829 2462 884 XV.
2508 833 2616 897 16),

135 901 228 958 licet
248 903 301 960 in
317 904 512 961 eadem
533 906 808 964 catechm'
833 908 906 965 ad
934 924 1058 965 eam
1080 909 1368 981 aliquoties
1396 911 1531 968 satis
1553 912 1701 968 clare
1722 911 1933 969 alludat
1954 914 2088 980 (Cat.
2112 915 2238 970 XV.
2271 921 2353 970 13.
2381 920 2472 971 22.
2501 921 2613 984 27).

135 989 330 1048 Eandem
357 993 412 1048 in
439 1009 545 1050 suo
581 995 834 1068 catalogo
867 999 925 1053 S.
961 999 1282 1070 Greqorius
1317 1001 1468 1055 Naz.
1502 1014 1723 1073 quoque
1751 1000 1953 1056 omittit
1984 1001 2070 1072 (de
2097 1001 2334 1058 Genuin.
2366 1001 2611 1074 Script.),

134 1081 176 1130 s.
194 1083 622 1152 Amphilochius
645 1093 830 1139 autem
860 1083 1060 1156 (Carm.
1087 1085 1254 1141 iamb.
1290 1085 1360 1142 ad
1388 1087 1601 1145 Seleuc.
1607 1091 1627 1155 )
1652 1103 1773 1144 eam
1797 1088 1878 1143 ab
1902 1089 2207 1158 aliquibus
2229 1091 2373 1146 inter
2400 1089 2619 1146 canoni-

135 1181 198 1220 ms
218 1167 370 1224 libros
397 1171 701 1238 recenseri,
730 1186 771 1227 a
798 1173 1098 1244 plerisque
1127 1174 1370 1244 spuriam
1400 1173 1670 1231 declarari
1699 1175 1909 1232 asserit.
1940 1175 2095 1232 Idem
2124 1177 2291 1233 etiam
2321 1176 2518 1234 dubias
2544 1177 2615 1235 ab

139 1255 352 1326 aliquibus
375 1256 568 1314 haberi
593 1258 728 1315 dicit
747 1269 983 1332 quatuor
1001 1260 1242 1317 minores
1264 1263 1524 1333 epistolas
1550 1263 1865 1333 catholicas,
1890 1280 2028 1336 quas
2051 1266 2109 1321 S.
2140 1267 2613 1336 chrysostome-s,

149 1344 438 1402 antiochenae
467 1345 730 1404 ecclesiae
765 1349 1090 1419 praecipuus
1118 1350 1300 1421 testiS,
1333 1349 1502 1406 libros
1530 1366 1719 1407 sacros
1747 1367 2077 1409 enumerans
2105 1342 2214 1408 una
2244 1368 2371 1409 cum
2396 1357 2615 1426 Apoca-

147 1431 227 1501 Ιῑρει
248 1435 637 1505 praetermittit
665 1437 812 1509 (Syn.
843 1437 900 1494 S.
931 1438 1129 1508 Script.
1133 1439 1158 1507 )
1179 1453 1284 1494 nec
1311 1453 1561 1511 unquam
1586 1439 1644 1494 in
1671 1440 1861 1496 multis
1887 1440 1999 1496 suis
2022 1440 2279 1512 operibus
2302 1440 2616 1498 adhibuisse

143 1519 300 1578 dieitur.
337 1522 450 1578 Alii
486 1523 820 1580 Antiocheni
855 1540 922 1581 eo
962 1541 1138 1598 usque
1174 1527 1450 1598 progressi
1489 1535 1647 1597 sunt,
1687 1537 1749 1583 ut
1785 1543 1980 1584 omnes
2019 1527 2320 1586 catholicas
2358 1530 2614 1602 epistolas

139 1608 364 1666 reficerent
391 1609 498 1678 (cfr
533 1616 732 1668 Leout.
779 1617 924 1684 Byz.
970 1630 1020 1670 c.
1061 1615 1286 1669 Nestor.
1333 1614 1436 1670 111.
1484 1620 1592 1684 14).
1622 1616 1871 1671 —Inter
1906 1615 2203 1673 hodiernas
2242 1616 2615 1674 schismaticas

133 1697 336 1754 eeclesias
363 1701 588 1757 Graeci
613 1715 802 1757 omnes
829 1711 1048 1758 nostros
1076 1701 1248 1758 libros
1272 1711 1609 1774 agnoscunt,
1640 1704 1773 1759 item
1798 1719 1989 1760 omnes
2016 1703 2276 1762 ecclesiae
2304 1703 2610 1780 monophy-

133 1784 292 1856 εἱῑίωε,
321 1792 583 1861 comica,
617 1805 886 1858 armena,
915 1793 1191 1860 syriaca,
1223 1787 1582 1863 aetlaeiopica‚·
1609 1790 1707 1847 sed
1744 1793 1971 1847 Armeni
2008 1807 2108 1848 suo
2146 1793 2345 1848 canoni
2381 1791 2610 1849 addide-

133 1883 223 1928 mnt
244 1881 272 1930 3
295 1877 452 1932 Pauli
488 1876 562 1933 ad
597 1877 912 1935 Corinthios
947 1878 1264 1950 epistolam,
1296 1878 1603 1950 Aethiopes
1630 1886 1757 1934 octo
1786 1879 1954 1936 libros
1988 1879 2453 1936 Constitutionum
2483 1896 2613 1951 apo·

129 1961 388 2020 stolioerum
414 1963 519 2037 (cfr
546 1965 754 2021 Biblia
782 1982 1052 2022 armena.
1079 1966 1324 2022 venetiis
1360 1972 1519 2023 1860.
1551 1983 1609 2038 p.
1654 1972 1821 2034 12ι9;
1859 1967 2096 2040 Ludols.
2128 1969 2275 2024 Hist.
2306 1968 2469 2024 Aetli.
2503 1969 2610 2027 111.

127 2067 160 2100 c.
199 2057 258 2116 5).
302 2054 619 2109 Nestoriani
664 2061 849 2110 autem
897 2057 954 2111 in
1003 2071 1105 2110 suo
1160 2069 1398 2120 canone,
1449 2070 1617 2127 quem
1664 2053 1837 2111 refert
1895 2054 2180 2112 Ebediesu
2242 2054 2345 2127 (cfr
2396 2059 2609 2113 Assem.

127 2137 414 2198 Bibliotheca
440 2141 643 2198 orient.
673 2143 776 2198 111.
811 2148 860 2198 1.
893 2158 944 2213 p.
980 2142 1032 2214 7)
1063 2143 1389 2214 Apocalypsi
1414 2150 1469 2198 et
1497 2152 1736 2216 quatuor
1758 2142 2062 2199 minoribns
2085 2142 2373 2200 catholicis
2401 2151 2608 2200 carent.

180 2327 226 2384 5.
253 2362 324 2370 —-
347 2330 892 2388 Pae-rasusncffi
924 2332 1126 2388 sectae
1158 2345 1274 2388 nec
1301 2328 1466 2387 inter
1494 2344 1562 2387 se
1591 2327 1669 2388 de
1702 2328 1962 2388 canonis
1994 2329 2237 2390 ambitu
2271 2346 2607 2391 consense-

127 2428 234 2481 runt
256 2429 356 2484 aut
378 2425 807 2496 consentiunt,
842 2442 1048 2502 neque
1075 2425 1354 2503 singulae
1387 2428 1593 2484 sectae
1632 2424 1839 2485 eidem
1873 2427 2218 2486 sententiae
2256 2431 2611 2487 constantes

127 2515 518 2594 inhaeserunt;
569 2520 681 2582 sed
728 2526 902 2582 certo
941 2521 1354 2631 fundamento
1403 2521 1740 2582 destitutae
1777 2521 1969 2582 hodie
2006 2523 2209 2583 adhuc
2238 2522 2605 2601 inquirunt,

127 2715 172 2768 et
187 2729 515 2788 proximam
547 2714 699 2776 fidei
723 2715 1006 2793 regulam
1035 2714 1467 2793 agnoscendos
1497 2731 1635 2774 esse
1660 2713 2072 2792 proclamant.

178 2835 566 2892 Carlostadius
593 2837 706 2892 iam
735 2851 785 2892 a.
829 2841 986 2892 1520.
1025 2843 1237 2908 septem
1273 2834 1444 2892 libros
1475 2833 1571 2908 (ad
1606 2834 1801 2900 Hebr„
1831 2837 1965 2905 Iac.‚
2000 2840 2034 2890 2
2068 2837 2241 2906 Petr.,
2273 2842 2323 2891 2.
2366 2843 2399 2892 3
2429 2839 2605 2902 loan„

127 2919 282 2992 Iudae,
311 2929 527 2995 lipom),
562 2924 690 2996 quia
720 2924 854 2980 olim
875 2923 946 2980 de
969 2923 1034 2980 iis
1061 2922 1373 2980 dubitatum
1396 2924 1484 2989 sit,
1519 2943 1547 2974 α
1576 2923 1635 2978 in
1654 2923 1881 2979 tertium
1908 2931 1965 2979 et
1989 2923 2241 2979 infimum
2270 2923 2609 2980 auctoritatis

124 3005 295 3066 dinnao
331 3013 520 3068 locum
565 3031 590 3062 n
634 3010 954 3067 referendos
995 3010 1396 3083 pronuntiavit3
1426 3011 1717 3068 Lutherus
1756 3011 2016 3083 epistolas
2052 3011 2121 3067 ad
2164 3011 2358 3080 Hebr.,
2390 3009 2604 3082 Iacchi,

127 3095 258 3153 Iudae
281 3111 331 3156 et
367 3098 739 3174 Apocalypsin
755 3143 770 3168 ,
808 3099 936 3172 quia
969 3100 1028 3155 in
1052 3100 1160 3156 illis
1198 3119 1224 3151 n
1253 3099 1505 3171 spiritum
1535 3099 1914 3172 evangelicum
1941 3107 1997 3156 et
2029 3099 2389 3171 apostolicum
2429 3119 2454 3152 n
2493 3116 2609 3157 non

125 3183 344 3243 invenerit
376 3205 408 3244 a
437 3187 666 3260 reliquis
691 3186 846 3244 libris
883 3195 1164 3258 separatas
1197 3186 1394 3242 ultimo
1431 3188 1487 3242 in
1516 3187 1641 3244 loco
1669 3202 1801 3244 suae
1827 3185 2063 3243 versioni
2091 3185 2321 3244 addidit.
2354 3187 2463 3244 Sed
2491 3188 2608 3244 eius

125 3285 365 3346 sequaces,
400 3291 576 3349 quum
628 3289 796 3348 quam
843 3275 1211 3346 periculosum
1270 3276 1342 3330 sit
1379 3274 1707 3346 principium
1756 3291 1790 3332 a
1838 3275 2102 3348 magistro
2157 3291 2257 3330 suo
2304 3275 2605 3332 stabilitum

127 3363 474 3433 perspicerent,
496 3362 723 3420 eosdem
751 3362 974 3435 quidem
1002 3363 1171 3420 libros
1199 3377 1309 3419 una
1337 3379 1466 3420 cum
1492 3369 1526 3418 2
1559 3366 1709 3420 Petr.
1742 3371 1797 3419 et
1823 3368 1875 3418 2.
1910 3369 1943 3418 3
1962 3365 2117 3418 Ioan.
2146 3361 2482 3427 reiecerunt,
2504 3362 2605 3420 sed

127 3459 201 3514 pro
219 3461 530 3524 argumento
551 3452 880 3520 attulerunt,
910 3471 936 3504 α
962 3450 1113 3524 quod
1135 3451 1318 3520 certis,
1341 3449 1514 3507 firmis
1534 3461 1589 3508 et
1613 3449 2077 3508 consentientibus
2100 3450 2310 3521 primae
2333 3459 2389 3506 et
2410 3453 2608 3508 veteris

129 3535 352 3595 Ecclesiae
376 3539 850 3598 testificationibus
881 3560 906 3591 n
939 3538 1185 3596 destituti
1211 3549 1413 3595 essent.
1447 3541 1665 3596 Interea
1694 3543 1749 3595 Z
1752 3539 2069 3611 winyliani
2095 3547 2151 3595 et
2177 3539 2525 3595 calviniani
2548 3541 2607 3595 in

131 3643 148 3669 ι
177 3625 591 3686 Confessionibus
617 3648 642 3681 n
668 3629 782 3684 suis
807 3643 999 3684 omnes
1026 3626 1199 3683 nostri
1227 3626 1452 3683 canonis
1479 3627 1651 3684 libros
1674 3627 2017 3684 admiserunt
2032 3670 2045 3696 ,
2067 3627 2255 3699 itaque
2280 3625 2351 3682 ad
2376 3625 2607 3682 eandem

129 3717 406 3773 sententiam
430 3716 640 3774 reversi
662 3725 792 3773 sunt
818 3715 1121 3772 Lutherani
1148 3731 1293 3772 saec.
1318 3720 1402 3772 17.
1427 3717 1671 3772 ineunte.
1702 3719 1776 3771 At
1801 3714 1987 3771 medio
2014 3729 2157 3771 saec.
2183 3720 2269 3770 18.
2294 3715 2603 3782 semlerus,

129 3803 436 3862 mtionaliami
463 3804 649 3863 biblici
678 3813 854 3876 pater,
881 3805 1256 3861 canonicitatis
1279 3803 1605 3876 principium
1632 3819 1665 3859 a
1693 3803 1937 3859 Luthero
1963 3803 2249 3859 inventum
2276 3803 2475 3859 iterum
2501 3813 2607 3859 sta-

132 3887 264 3948 bilivit
285 3894 628 3968 singulisque·
645 3892 898 3951 fidelibus
921 3895 1006 3949 ius
1033 3891 1324 3948 vindicavit
1352 3890 1420 3947 de
1449 3890 1720 3948 librorum
1748 3891 1998 3948 omnium
2024 3889 2306 3947 divinitate
2328 3889 2607 3947 iudicandi

131 3993 292 4052 eosque
331 3984 476 4041 solos
517 3981 816 4048 retinendi,
862 3997 1000 4054 quos
1039 3981 1333 4052 inspiratos
1379 3994 1497 4036 esse
1540 3980 1643 4052 ipsi
1682 3980 1989 4036 sentirent.
2029 3978 2151 4047 Quo
2193 3979 2459 4051 principio
2494 3977 2607 4035 nixi

133 4065 504 4145 Neotubingiani
529 4087 721 4127 omnoe
757 4069 924 4127 libros
962 4078 1176 4140 praeter
1215 4076 1454 4140 quatuor
1480 4068 1715 4124 maiores
1751 4067 1907 4123 Pauli
1942 4066 2199 4140 epistolas
2236 4069 2419 4133 (Rom.
2439 4109 2453 4137 ,
2491 4072 2540 4122 1.
2569 4072 2604 4122 2

133 4153 248 4224 Οοι·.,
267 4157 406 4228 Gal.)
433 4159 742 4216 reiecerunt
768 4165 933 4230 atque
958 4157 1060 4214 has
1087 4171 1306 4229 quoque
1334 4154 1549 4212 divinae
1577 4154 1800 4228 originis
1829 4169 1947 4211 esse
1972 4162 2275 4227 negarunt,
2306 4153 2396 4209 alii
2423 4162 2607 4211 autem

135 4241 406 4303 alioslibros
433 4246 793 4318 admiserunt,
815 4261 917 4302 nec
943 4245 1058 4302 ulla
1083 4244 1192 4301 illis
1219 4243 1445 4316 affulget
1471 4259 1597 4314 spes
1626 4241 1764 4313 sore,
1788 4251 1852 4298 ut
1879 4243 1973 4299 lite
1996 4241 2299 4312 composita
2326 4257 2455 4298 mox
2480 4257 2604 4298 eum

137 4333 410 4391 certitudine
443 4335 570 4392 illos
606 4333 775 4392 libros
803 4341 1162 4407 cognoscant,
1195 4347 1261 4388 ex
1290 4330 1486 4404 quibus
1520 4331 1652 4390 solis
1688 4346 1745 4388 se
1775 4345 1965 4388 veram
2000 4329 2167 4387 fldem
2195 4329 2419 4386 haurire
2448 4345 2607 4400 posse

137 4423 178 4469 et
199 4420 308 4479 velle
329 4433 718 4497 protestantur.
