<?xml version="1.0" encoding="UTF-8"?>
<!DOCTYPE html PUBLIC "-//W3C//DTD XHTML 1.0 Transitional//EN"
    "http://www.w3.org/TR/xhtml1/DTD/xhtml1-transitional.dtd">
<html xmlns="http://www.w3.org/1999/xhtml" xml:lang="en" lang="en">
 <head>
  <title>
</title>
<meta http-equiv="Content-Type" content="text/html;charset=utf-8" />
  <meta name='ocr-system' content='tesseract 3.04.00' />
  <meta name='ocr-capabilities' content='ocr_page ocr_carea ocr_par ocr_line ocrx_word'/>
</head>
<body>
  <div class='ocr_page' id='page_1' title='image "./historicaeetcri00corngoog_0416.png"; bbox 0 0 3050 5184; ppageno 0'>
   <div class='ocr_carea' id='block_1_1' title="bbox 450 335 3034 395">
    <p class='ocr_par' dir='ltr' id='par_1_1' title="bbox 450 335 3034 395">
     <span class='ocr_line' id='line_1_1' title="bbox 450 335 3034 395; baseline -0.006 0"><span class='ocrx_word' id='word_1_1' title='bbox 450 335 567 395; x_wconf 65' lang='lat'>406</span> <span class='ocrx_word' id='word_1_2' title='bbox 605 351 682 394; x_wconf 77' lang='lat' dir='ltr'>m:</span> <span class='ocrx_word' id='word_1_3' title='bbox 706 351 841 394; x_wconf 72' lang='lat' dir='ltr'>vm.</span> <span class='ocrx_word' id='word_1_4' title='bbox 875 350 1130 394; x_wconf 64' lang='lat' dir='ltr'>TESTAM.</span> <span class='ocrx_word' id='word_1_5' title='bbox 1162 350 1360 394; x_wconf 76' lang='lat' dir='ltr'>mulus</span> <span class='ocrx_word' id='word_1_6' title='bbox 1385 349 1791 394; x_wconf 71' lang='lat' dir='ltr'>Pnol’flssrlcls.</span> <span class='ocrx_word' id='word_1_7' title='bbox 1807 367 1885 378; x_wconf 91' lang='grc'>·--</span> <span class='ocrx_word' id='word_1_8' title='bbox 1904 349 2033 392; x_wconf 77' lang='lat' dir='ltr'>CAP.</span> <span class='ocrx_word' id='word_1_9' title='bbox 2058 349 2142 393; x_wconf 78' lang='lat' dir='ltr'>IV.</span> <span class='ocrx_word' id='word_1_10' title='bbox 2166 348 2243 392; x_wconf 73' lang='lat' dir='ltr'>DE</span> <span class='ocrx_word' id='word_1_11' title='bbox 2262 344 2599 390; x_wconf 69' lang='lat' dir='ltr'>mmmmm</span> <span class='ocrx_word' id='word_1_12' title='bbox 2618 341 2935 388; x_wconf 73' lang='lat' dir='ltr'>Ezscnu-:Lts</span> <span class='ocrx_word' id='word_1_13' title='bbox 3033 341 3034 344; x_wconf 76' lang='grc'>’</span> 
     </span>
    </p>
   </div>
   <div class='ocr_carea' id='block_1_2' title="bbox 451 472 2943 552">
    <p class='ocr_par' dir='ltr' id='par_1_2' title="bbox 451 472 2943 552">
     <span class='ocr_line' id='line_1_2' title="bbox 451 472 2943 552; baseline -0.005 -15"><span class='ocrx_word' id='word_1_14' title='bbox 451 497 550 537; x_wconf 89' lang='lat' dir='ltr'>sua</span> <span class='ocrx_word' id='word_1_15' title='bbox 578 480 918 537; x_wconf 81' lang='lat' dir='ltr'>manifestata</span> <span class='ocrx_word' id='word_1_16' title='bbox 955 482 1221 552; x_wconf 89' lang='lat' dir='ltr'>populum</span> <span class='ocrx_word' id='word_1_17' title='bbox 1249 479 1320 536; x_wconf 89' lang='lat' dir='ltr'>ad</span> <span class='ocrx_word' id='word_1_18' title='bbox 1361 482 1567 552; x_wconf 84' lang='lat' dir='ltr'>Legem</span> <span class='ocrx_word' id='word_1_19' title='bbox 1609 489 1911 536; x_wconf 84' lang='lat' dir='ltr'>revocaret.</span> <span class='ocrx_word' id='word_1_20' title='bbox 1945 479 2265 551; x_wconf 77' lang='lat' dir='ltr'><strong>Septuagies</strong></span> <span class='ocrx_word' id='word_1_21' title='bbox 2304 475 2453 533; x_wconf 88' lang='lat' dir='ltr'>enim</span> <span class='ocrx_word' id='word_1_22' title='bbox 2480 473 2698 530; x_wconf 84' lang='lat' dir='ltr'>circiter</span> <span class='ocrx_word' id='word_1_23' title='bbox 2725 473 2863 527; x_wconf 86' lang='lat' dir='ltr'>velut</span> <span class='ocrx_word' id='word_1_24' title='bbox 2884 472 2943 524; x_wconf 87' lang='lat' dir='ltr'>si-</span> 
     </span>
    </p>
   </div>
   <div class='ocr_carea' id='block_1_3' title="bbox 453 562 2942 644">
    <p class='ocr_par' dir='ltr' id='par_1_3' title="bbox 453 562 3034 644">
     <span class='ocr_line' id='line_1_3' title="bbox 453 562 2942 644; baseline -0.005 -20"><span class='ocrx_word' id='word_1_25' title='bbox 453 569 640 642; x_wconf 83' lang='lat' dir='ltr'>gillum</span> <span class='ocrx_word' id='word_1_26' title='bbox 667 570 832 624; x_wconf 89' lang='lat' dir='ltr'>minis</span> <span class='ocrx_word' id='word_1_27' title='bbox 852 579 907 624; x_wconf 89' lang='lat' dir='ltr'>ct</span> <span class='ocrx_word' id='word_1_28' title='bbox 937 567 1388 644; x_wconf 60' lang='lat' dir='ltr'><strong>promissionibus</strong></span> <span class='ocrx_word' id='word_1_29' title='bbox 1422 568 1535 623; x_wconf 91' lang='lat' dir='ltr'>suis</span> <span class='ocrx_word' id='word_1_30' title='bbox 1561 566 1715 624; x_wconf 84' lang='lat' dir='ltr'><strong>addit</strong></span> <span class='ocrx_word' id='word_1_31' title='bbox 1736 566 1905 623; x_wconf 85' lang='lat' dir='ltr'>verba</span> <span class='ocrx_word' id='word_1_32' title='bbox 1931 587 1945 622; x_wconf 71' lang='grc' dir='ltr'><strong><em>ε</em></strong></span> <span class='ocrx_word' id='word_1_33' title='bbox 1994 588 2019 618; x_wconf 85' lang='lat'>«</span> <span class='ocrx_word' id='word_1_34' title='bbox 2046 571 2127 622; x_wconf 86' lang='lat' dir='ltr'>Et</span> <span class='ocrx_word' id='word_1_35' title='bbox 2152 565 2384 630; x_wconf 80' lang='lat' dir='ltr'>scietis,</span> <span class='ocrx_word' id='word_1_36' title='bbox 2415 567 2563 636; x_wconf 74' lang='lat' dir='ltr'>quia</span> <span class='ocrx_word' id='word_1_37' title='bbox 2586 578 2695 633; x_wconf 75' lang='lat' dir='ltr'>eqo·</span> <span class='ocrx_word' id='word_1_38' title='bbox 2718 562 2892 615; x_wconf 61' lang='lat' dir='ltr'>lama</span> <span class='ocrx_word' id='word_1_39' title='bbox 2922 579 2942 606; x_wconf 77' lang='lat' dir='ltr'>n</span> 
     </span>
    </p>
   </div>
   <div class='ocr_carea' id='block_1_4' title="bbox 452 645 2949 730">
    <p class='ocr_par' dir='ltr' id='par_1_4' title="bbox 452 645 2949 730">
     <span class='ocr_line' id='line_1_4' title="bbox 452 645 2949 730; baseline -0.005 -20"><span class='ocrx_word' id='word_1_40' title='bbox 452 656 490 710; x_wconf 92' lang='lat' dir='ltr'>i.</span> <span class='ocrx_word' id='word_1_41' title='bbox 523 671 572 712; x_wconf 94' lang='lat' dir='ltr'>e.</span> <span class='ocrx_word' id='word_1_42' title='bbox 603 656 707 712; x_wconf 82' lang='lat' dir='ltr'>ille</span> <span class='ocrx_word' id='word_1_43' title='bbox 734 660 835 730; x_wconf 71' lang='lat' dir='ltr'>qui</span> <span class='ocrx_word' id='word_1_44' title='bbox 861 662 976 721; x_wconf 82' lang='lat' dir='ltr'>est,</span> <span class='ocrx_word' id='word_1_45' title='bbox 1008 656 1100 728; x_wconf 91' lang='lat' dir='ltr'>qui</span> <span class='ocrx_word' id='word_1_46' title='bbox 1127 655 1198 712; x_wconf 86' lang='lat' dir='ltr'>ab</span> <span class='ocrx_word' id='word_1_47' title='bbox 1227 665 1453 711; x_wconf 88' lang='lat' dir='ltr'>aeterno</span> <span class='ocrx_word' id='word_1_48' title='bbox 1496 663 1553 712; x_wconf 89' lang='lat' dir='ltr'>et</span> <span class='ocrx_word' id='word_1_49' title='bbox 1590 656 1647 711; x_wconf 90' lang='lat' dir='ltr'>in</span> <span class='ocrx_word' id='word_1_50' title='bbox 1676 664 1960 711; x_wconf 88' lang='lat' dir='ltr'>aeternum</span> <span class='ocrx_word' id='word_1_51' title='bbox 1990 671 2091 726; x_wconf 90' lang='lat' dir='ltr'>per</span> <span class='ocrx_word' id='word_1_52' title='bbox 2127 671 2187 710; x_wconf 93' lang='lat' dir='ltr'>se</span> <span class='ocrx_word' id='word_1_53' title='bbox 2206 655 2391 709; x_wconf 88' lang='lat' dir='ltr'>solum</span> <span class='ocrx_word' id='word_1_54' title='bbox 2413 656 2495 706; x_wconf 74' lang='lat' dir='ltr'>esc</span> <span class='ocrx_word' id='word_1_55' title='bbox 2522 648 2759 720; x_wconf 88' lang='lat' dir='ltr'>ideoque</span> <span class='ocrx_word' id='word_1_56' title='bbox 2791 645 2949 702; x_wconf 87' lang='lat' dir='ltr'>omnis</span> 
     </span>
    </p>
   </div>
   <div class='ocr_carea' id='block_1_5' title="bbox 451 735 3034 815">
    <p class='ocr_par' dir='ltr' id='par_1_5' title="bbox 451 735 3034 815">
     <span class='ocr_line' id='line_1_5' title="bbox 451 735 3034 815; baseline -0.003 -18"><span class='ocrx_word' id='word_1_57' title='bbox 451 745 772 800; x_wconf 81' lang='lat' dir='ltr'>mutationis</span> <span class='ocrx_word' id='word_1_58' title='bbox 809 745 1041 815; x_wconf 84' lang='lat' dir='ltr'>incapax</span> <span class='ocrx_word' id='word_1_59' title='bbox 1086 744 1370 814; x_wconf 87' lang='lat' dir='ltr'>promissis</span> <span class='ocrx_word' id='word_1_60' title='bbox 1415 743 1529 798; x_wconf 90' lang='lat' dir='ltr'>suis</span> <span class='ocrx_word' id='word_1_61' title='bbox 1569 742 1750 798; x_wconf 80' lang='lat' dir='ltr'>tidelis</span> <span class='ocrx_word' id='word_1_62' title='bbox 1794 751 1932 810; x_wconf 71' lang='lat' dir='ltr'>stat,</span> <span class='ocrx_word' id='word_1_63' title='bbox 1978 742 2073 814; x_wconf 92' lang='lat' dir='ltr'>qui</span> <span class='ocrx_word' id='word_1_64' title='bbox 2120 749 2307 797; x_wconf 89' lang='lat' dir='ltr'>autem</span> <span class='ocrx_word' id='word_1_65' title='bbox 2346 738 2573 794; x_wconf 76' lang='lat' dir='ltr'>fidelem</span> <span class='ocrx_word' id='word_1_66' title='bbox 2620 745 2676 792; x_wconf 82' lang='lat' dir='ltr'>et</span> <span class='ocrx_word' id='word_1_67' title='bbox 2718 735 2949 791; x_wconf 88' lang='lat' dir='ltr'>immuta-</span> <span class='ocrx_word' id='word_1_68' title='bbox 3033 791 3034 800; x_wconf 18' lang='lat'>¹</span> 
     </span>
    </p>
   </div>
   <div class='ocr_carea' id='block_1_6' title="bbox 453 821 3034 903">
    <p class='ocr_par' dir='ltr' id='par_1_6' title="bbox 453 821 3034 903">
     <span class='ocr_line' id='line_1_6' title="bbox 453 821 3034 903; baseline -0.004 -17"><span class='ocrx_word' id='word_1_69' title='bbox 453 830 616 888; x_wconf 88' lang='lat' dir='ltr'>bilem</span> <span class='ocrx_word' id='word_1_70' title='bbox 635 846 752 887; x_wconf 87' lang='lat' dir='ltr'>sese</span> <span class='ocrx_word' id='word_1_71' title='bbox 775 830 1023 886; x_wconf 83' lang='lat' dir='ltr'>exhibuit</span> <span class='ocrx_word' id='word_1_72' title='bbox 1047 831 1108 886; x_wconf 89' lang='lat' dir='ltr'>iu</span> <span class='ocrx_word' id='word_1_73' title='bbox 1134 831 1345 901; x_wconf 75' lang='lat' dir='ltr'>poeniS,</span> <span class='ocrx_word' id='word_1_74' title='bbox 1373 847 1514 903; x_wconf 88' lang='lat' dir='ltr'>quas</span> <span class='ocrx_word' id='word_1_75' title='bbox 1540 831 1909 886; x_wconf 89' lang='lat' dir='ltr'>comminatus</span> <span class='ocrx_word' id='word_1_76' title='bbox 1938 837 2076 896; x_wconf 88' lang='lat' dir='ltr'>erat,</span> <span class='ocrx_word' id='word_1_77' title='bbox 2100 828 2323 903; x_wconf 84' lang='lat' dir='ltr'>fidelem</span> <span class='ocrx_word' id='word_1_78' title='bbox 2353 841 2579 898; x_wconf 88' lang='lat' dir='ltr'>quoque</span> <span class='ocrx_word' id='word_1_79' title='bbox 2604 839 2726 880; x_wconf 65' lang='lat' dir='ltr'>sose</span> <span class='ocrx_word' id='word_1_80' title='bbox 2752 821 2952 878; x_wconf 80' lang='lat' dir='ltr'>exhibe·</span> <span class='ocrx_word' id='word_1_81' title='bbox 3033 855 3034 858; x_wconf 58' lang='lat'><em>=</em></span> 
     </span>
    </p>
   </div>
   <div class='ocr_carea' id='block_1_7' title="bbox 451 915 2419 990">
    <p class='ocr_par' dir='ltr' id='par_1_7' title="bbox 451 915 2419 990">
     <span class='ocr_line' id='line_1_7' title="bbox 451 915 2419 990; baseline -0.003 -16"><span class='ocrx_word' id='word_1_82' title='bbox 451 917 534 974; x_wconf 86' lang='lat' dir='ltr'>bit</span> <span class='ocrx_word' id='word_1_83' title='bbox 559 919 613 974; x_wconf 89' lang='lat' dir='ltr'>in</span> <span class='ocrx_word' id='word_1_84' title='bbox 642 917 919 990; x_wconf 88' lang='lat' dir='ltr'>praemiis,</span> <span class='ocrx_word' id='word_1_85' title='bbox 951 933 1092 990; x_wconf 90' lang='lat' dir='ltr'>quae</span> <span class='ocrx_word' id='word_1_86' title='bbox 1119 918 1323 989; x_wconf 92' lang='lat' dir='ltr'>populo</span> <span class='ocrx_word' id='word_1_87' title='bbox 1349 918 1651 990; x_wconf 88' lang='lat' dir='ltr'>poenitenti</span> <span class='ocrx_word' id='word_1_88' title='bbox 1679 917 2027 990; x_wconf 88' lang='lat' dir='ltr'>promiserat,</span> <span class='ocrx_word' id='word_1_89' title='bbox 2056 915 2419 988; x_wconf 88' lang='lat' dir='ltr'>praestandis.</span> 
     </span>
    </p>
   </div>
   <div class='ocr_carea' id='block_1_8' title="bbox 1197 1160 2243 1248">
    <p class='ocr_par' dir='ltr' id='par_1_8' title="bbox 1197 1160 2243 1248">
     <span class='ocr_line' id='line_1_8' title="bbox 1197 1160 2243 1248; baseline -0.004 -18"><span class='ocrx_word' id='word_1_90' title='bbox 1197 1167 1232 1248; x_wconf 63' lang='grc' dir='ltr'><strong>ἓ</strong></span> <span class='ocrx_word' id='word_1_91' title='bbox 1264 1169 1367 1230; x_wconf 60' lang='grc'><strong>11..</strong></span> <span class='ocrx_word' id='word_1_92' title='bbox 1401 1203 1491 1212; x_wconf 91' lang='grc'><strong>-</strong></span> <span class='ocrx_word' id='word_1_93' title='bbox 1525 1165 1619 1228; x_wconf 84' lang='lat' dir='ltr'>De</span> <span class='ocrx_word' id='word_1_94' title='bbox 1713 1161 2021 1228; x_wconf 74' lang='lat' dir='ltr'>zechielis</span> <span class='ocrx_word' id='word_1_95' title='bbox 2050 1160 2243 1227; x_wconf 79' lang='lat' dir='ltr'>libro,</span> 
     </span>
    </p>
   </div>
   <div class='ocr_carea' id='block_1_9' title="bbox 523 1394 2958 1478">
    <p class='ocr_par' dir='ltr' id='par_1_9' title="bbox 523 1394 2958 1478">
     <span class='ocr_line' id='line_1_9' title="bbox 523 1394 2958 1478; baseline -0.004 -17"><span class='ocrx_word' id='word_1_96' title='bbox 523 1405 579 1461; x_wconf 86' lang='lat'>1.</span> <span class='ocrx_word' id='word_1_97' title='bbox 614 1436 692 1446; x_wconf 91' lang='lat'>—</span> <span class='ocrx_word' id='word_1_98' title='bbox 722 1402 1061 1464; x_wconf 81' lang='lat' dir='ltr'>Ezechielis</span> <span class='ocrx_word' id='word_1_99' title='bbox 1089 1401 1430 1478; x_wconf 90' lang='lat' dir='ltr'>Prophetia</span> <span class='ocrx_word' id='word_1_100' title='bbox 1457 1400 1677 1461; x_wconf 89' lang='lat' dir='ltr'>multis</span> <span class='ocrx_word' id='word_1_101' title='bbox 1706 1399 2049 1473; x_wconf 81' lang='lat' dir='ltr'>vaticiniiS,</span> <span class='ocrx_word' id='word_1_102' title='bbox 2078 1399 2433 1459; x_wconf 85' lang='lat' dir='ltr'>actionibus</span> <span class='ocrx_word' id='word_1_103' title='bbox 2465 1397 2857 1474; x_wconf 84' lang='lat' dir='ltr'>symbolicis,</span> <span class='ocrx_word' id='word_1_104' title='bbox 2886 1394 2958 1452; x_wconf 81' lang='lat' dir='ltr'>vi-</span> 
     </span>
    </p>
   </div>
   <div class='ocr_carea' id='block_1_10' title="bbox 3033 873 3035 1474">
    <p class='ocr_par' dir='ltr' id='par_1_10' title="bbox 3033 873 3035 1474">
     <span class='ocr_line' id='line_1_10' title="bbox 3033 873 3035 1474; baseline 0 0"><span class='ocrx_word' id='word_1_105' title='bbox 3033 873 3035 1474; x_wconf 95' lang='lat' dir='ltr'> </span> 
     </span>
    </p>
   </div>
   <div class='ocr_carea' id='block_1_11' title="bbox 445 1481 3034 1576">
    <p class='ocr_par' dir='ltr' id='par_1_11' title="bbox 445 1481 3034 1576">
     <span class='ocr_line' id='line_1_11' title="bbox 445 1481 3034 1576; baseline -0.003 -20"><span class='ocrx_word' id='word_1_106' title='bbox 445 1498 730 1559; x_wconf 84' lang='lat' dir='ltr'>sionibus</span> <span class='ocrx_word' id='word_1_107' title='bbox 760 1503 1030 1568; x_wconf 82' lang='lat' dir='ltr'>constat,</span> <span class='ocrx_word' id='word_1_108' title='bbox 1060 1515 1218 1576; x_wconf 90' lang='lat' dir='ltr'>quae</span> <span class='ocrx_word' id='word_1_109' title='bbox 1249 1497 1476 1574; x_wconf 88' lang='lat' dir='ltr'>partim</span> <span class='ocrx_word' id='word_1_110' title='bbox 1507 1497 1947 1556; x_wconf 82' lang='lat' dir='ltr'>imminentem</span> <span class='ocrx_word' id='word_1_111' title='bbox 1977 1495 2155 1574; x_wconf 82' lang='lat' dir='ltr'>regni</span> <span class='ocrx_word' id='word_1_112' title='bbox 2182 1493 2337 1556; x_wconf 89' lang='lat' dir='ltr'>Iuda</span> <span class='ocrx_word' id='word_1_113' title='bbox 2364 1495 2687 1554; x_wconf 87' lang='lat' dir='ltr'>interitum</span> <span class='ocrx_word' id='word_1_114' title='bbox 2709 1540 2724 1566; x_wconf 90' lang='lat'>,</span> <span class='ocrx_word' id='word_1_115' title='bbox 2756 1491 2957 1571; x_wconf 85' lang='lat' dir='ltr'>partim</span> <span class='ocrx_word' id='word_1_116' title='bbox 3033 1481 3034 1514; x_wconf 73' lang='lat'><em>³</em></span> 
     </span>
    </p>
   </div>
   <div class='ocr_carea' id='block_1_12' title="bbox 442 1591 2092 1671">
    <p class='ocr_par' dir='ltr' id='par_1_12' title="bbox 442 1591 2092 1671">
     <span class='ocr_line' id='line_1_12' title="bbox 442 1591 2092 1671; baseline 0 -20"><span class='ocrx_word' id='word_1_117' title='bbox 442 1593 690 1654; x_wconf 78' lang='lat' dir='ltr'>felicem</span> <span class='ocrx_word' id='word_1_118' title='bbox 719 1595 867 1654; x_wconf 83' lang='lat' dir='ltr'>novi</span> <span class='ocrx_word' id='word_1_119' title='bbox 898 1593 1075 1671; x_wconf 82' lang='lat' dir='ltr'>regni</span> <span class='ocrx_word' id='word_1_120' title='bbox 1103 1593 1402 1653; x_wconf 85' lang='lat' dir='ltr'>exorituri</span> <span class='ocrx_word' id='word_1_121' title='bbox 1435 1597 1669 1653; x_wconf 79' lang='lat' dir='ltr'>sortem</span> <span class='ocrx_word' id='word_1_122' title='bbox 1700 1591 2092 1670; x_wconf 87' lang='lat' dir='ltr'>praedicunt.</span> 
     </span>
    </p>
   </div>
   <div class='ocr_carea' id='block_1_13' title="bbox 383 1717 3034 2318">
    <p class='ocr_par' dir='ltr' id='par_1_13' title="bbox 383 1717 3034 2318">
     <span class='ocr_line' id='line_1_13' title="bbox 509 1717 3034 1798; baseline -0.003 -21"><span class='ocrx_word' id='word_1_123' title='bbox 509 1723 856 1780; x_wconf 79' lang='lat' dir='ltr'>Ezechielem</span> <span class='ocrx_word' id='word_1_124' title='bbox 879 1739 910 1778; x_wconf 87' lang='lat' dir='ltr'>a</span> <span class='ocrx_word' id='word_1_125' title='bbox 942 1724 1245 1778; x_wconf 85' lang='lat' dir='ltr'>vastatione</span> <span class='ocrx_word' id='word_1_126' title='bbox 1273 1723 1514 1793; x_wconf 81' lang='lat' dir='ltr'>incipere</span> <span class='ocrx_word' id='word_1_127' title='bbox 1542 1730 1601 1778; x_wconf 89' lang='lat' dir='ltr'>et</span> <span class='ocrx_word' id='word_1_128' title='bbox 1626 1721 1879 1778; x_wconf 86' lang='lat' dir='ltr'>desinere</span> <span class='ocrx_word' id='word_1_129' title='bbox 1904 1722 1961 1776; x_wconf 90' lang='lat' dir='ltr'>in</span> <span class='ocrx_word' id='word_1_130' title='bbox 1990 1722 2447 1788; x_wconf 81' lang='lat' dir='ltr'>consolationem,</span> <span class='ocrx_word' id='word_1_131' title='bbox 2476 1718 2741 1774; x_wconf 83' lang='lat' dir='ltr'>dixerunt</span> <span class='ocrx_word' id='word_1_132' title='bbox 2771 1717 2956 1773; x_wconf 81' lang='lat' dir='ltr'>rabbini</span> <span class='ocrx_word' id='word_1_133' title='bbox 3033 1783 3034 1798; x_wconf 12' lang='grc' dir='ltr'>ἵ</span> 
     </span>
     <span class='ocr_line' id='line_1_14' title="bbox 441 1805 3034 1882; baseline -0.003 -18"><span class='ocrx_word' id='word_1_134' title='bbox 441 1810 575 1865; x_wconf 86' lang='lat' dir='ltr'>satis</span> <span class='ocrx_word' id='word_1_135' title='bbox 611 1819 737 1881; x_wconf 84' lang='lat' dir='ltr'>apte</span> <span class='ocrx_word' id='word_1_136' title='bbox 778 1809 906 1866; x_wconf 88' lang='lat' dir='ltr'>libri</span> <span class='ocrx_word' id='word_1_137' title='bbox 951 1811 1126 1866; x_wconf 88' lang='lat' dir='ltr'>nostri</span> <span class='ocrx_word' id='word_1_138' title='bbox 1173 1818 1562 1882; x_wconf 81' lang='lat' dir='ltr'>argumentum</span> <span class='ocrx_word' id='word_1_139' title='bbox 1608 1808 1984 1865; x_wconf 84' lang='lat' dir='ltr'>describentes</span> <span class='ocrx_word' id='word_1_140' title='bbox 2001 1851 2016 1877; x_wconf 91' lang='lat'>,</span> <span class='ocrx_word' id='word_1_141' title='bbox 2062 1807 2211 1880; x_wconf 87' lang='lat' dir='ltr'>quod</span> <span class='ocrx_word' id='word_1_142' title='bbox 2257 1824 2359 1880; x_wconf 89' lang='lat' dir='ltr'>pro</span> <span class='ocrx_word' id='word_1_143' title='bbox 2406 1807 2713 1878; x_wconf 87' lang='lat' dir='ltr'>prophetae</span> <span class='ocrx_word' id='word_1_144' title='bbox 2758 1819 2959 1861; x_wconf 82' lang='lat' dir='ltr'>munere</span> <span class='ocrx_word' id='word_1_145' title='bbox 3033 1805 3034 1836; x_wconf 74' lang='lat'>³</span> 
     </span>
     <span class='ocr_line' id='line_1_15' title="bbox 441 1891 2957 1969; baseline -0.003 -17"><span class='ocrx_word' id='word_1_146' title='bbox 441 1897 640 1968; x_wconf 88' lang='lat' dir='ltr'>duplex</span> <span class='ocrx_word' id='word_1_147' title='bbox 663 1906 764 1953; x_wconf 71' lang='lat' dir='ltr'>est.</span> <span class='ocrx_word' id='word_1_148' title='bbox 793 1900 935 1954; x_wconf 85' lang='lat' dir='ltr'>Nam</span> <span class='ocrx_word' id='word_1_149' title='bbox 957 1898 1016 1953; x_wconf 89' lang='lat' dir='ltr'>in</span> <span class='ocrx_word' id='word_1_150' title='bbox 1039 1897 1224 1968; x_wconf 89' lang='lat' dir='ltr'>priore</span> <span class='ocrx_word' id='word_1_151' title='bbox 1247 1896 1371 1953; x_wconf 89' lang='lat' dir='ltr'>libri</span> <span class='ocrx_word' id='word_1_152' title='bbox 1394 1905 1572 1968; x_wconf 89' lang='lat' dir='ltr'>parte,</span> <span class='ocrx_word' id='word_1_153' title='bbox 1602 1913 1745 1969; x_wconf 88' lang='lat' dir='ltr'>quae</span> <span class='ocrx_word' id='word_1_154' title='bbox 1768 1896 2023 1952; x_wconf 84' lang='lat' dir='ltr'>vaticinia</span> <span class='ocrx_word' id='word_1_155' title='bbox 2048 1910 2224 1968; x_wconf 90' lang='lat' dir='ltr'>usque</span> <span class='ocrx_word' id='word_1_156' title='bbox 2246 1895 2317 1951; x_wconf 89' lang='lat' dir='ltr'>ad</span> <span class='ocrx_word' id='word_1_157' title='bbox 2341 1910 2419 1950; x_wconf 88' lang='lat' dir='ltr'>m.</span> <span class='ocrx_word' id='word_1_158' title='bbox 2449 1901 2536 1951; x_wconf 89' lang='grc'>10.</span> <span class='ocrx_word' id='word_1_159' title='bbox 2568 1895 2699 1949; x_wconf 89' lang='lat' dir='ltr'>anni</span> <span class='ocrx_word' id='word_1_160' title='bbox 2724 1901 2779 1949; x_wconf 87' lang='grc'>9.</span> <span class='ocrx_word' id='word_1_161' title='bbox 2812 1891 2957 1950; x_wconf 85' lang='lat' dir='ltr'>Sede·</span> 
     </span>
     <span class='ocr_line' id='line_1_16' title="bbox 383 1979 3034 2057; baseline -0.004 -18"><span class='ocrx_word' id='word_1_162' title='bbox 383 2005 390 2012; x_wconf 86' lang='lat'><strong>·</strong></span> <span class='ocrx_word' id='word_1_163' title='bbox 441 1985 576 2053; x_wconf 73' lang='lat' dir='ltr'>ciue,</span> <span class='ocrx_word' id='word_1_164' title='bbox 609 1985 649 2040; x_wconf 91' lang='lat' dir='ltr'>i.</span> <span class='ocrx_word' id='word_1_165' title='bbox 681 2001 731 2040; x_wconf 87' lang='lat' dir='ltr'>e.</span> <span class='ocrx_word' id='word_1_166' title='bbox 759 2001 934 2057; x_wconf 89' lang='lat' dir='ltr'>usque</span> <span class='ocrx_word' id='word_1_167' title='bbox 963 1985 1033 2040; x_wconf 87' lang='lat' dir='ltr'>ad</span> <span class='ocrx_word' id='word_1_168' title='bbox 1051 1985 1272 2040; x_wconf 91' lang='lat' dir='ltr'>initium</span> <span class='ocrx_word' id='word_1_169' title='bbox 1291 1983 1593 2040; x_wconf 87' lang='lat' dir='ltr'>obsidionis</span> <span class='ocrx_word' id='word_1_170' title='bbox 1612 1984 1765 2039; x_wconf 90' lang='lat' dir='ltr'>urbis</span> <span class='ocrx_word' id='word_1_171' title='bbox 1786 1983 2137 2055; x_wconf 84' lang='lat' dir='ltr'>pronuntiata</span> <span class='ocrx_word' id='word_1_172' title='bbox 2158 1983 2433 2048; x_wconf 89' lang='lat' dir='ltr'>continet,</span> <span class='ocrx_word' id='word_1_173' title='bbox 2470 1997 2671 2037; x_wconf 80' lang='lat' dir='ltr'>vanam</span> <span class='ocrx_word' id='word_1_174' title='bbox 2692 1997 2813 2038; x_wconf 88' lang='lat' dir='ltr'>esse</span> <span class='ocrx_word' id='word_1_175' title='bbox 2836 1979 2959 2035; x_wconf 82' lang='lat' dir='ltr'>fidu·</span> <span class='ocrx_word' id='word_1_176' title='bbox 3033 1979 3034 2028; x_wconf 69' lang='grc' dir='ltr'>ἶ</span> 
     </span>
     <span class='ocr_line' id='line_1_17' title="bbox 442 2069 3034 2144; baseline -0.002 -18"><span class='ocrx_word' id='word_1_177' title='bbox 442 2073 586 2128; x_wconf 89' lang='lat' dir='ltr'>ciam</span> <span class='ocrx_word' id='word_1_178' title='bbox 606 2073 858 2128; x_wconf 88' lang='lat' dir='ltr'>exsulum</span> <span class='ocrx_word' id='word_1_179' title='bbox 884 2071 1127 2127; x_wconf 87' lang='lat' dir='ltr'>ostendit</span> <span class='ocrx_word' id='word_1_180' title='bbox 1149 2073 1522 2144; x_wconf 87' lang='lat' dir='ltr'>propinquum</span> <span class='ocrx_word' id='word_1_181' title='bbox 1548 2069 1789 2126; x_wconf 88' lang='lat' dir='ltr'>reditum</span> <span class='ocrx_word' id='word_1_182' title='bbox 1816 2071 1871 2126; x_wconf 88' lang='lat' dir='ltr'>in</span> <span class='ocrx_word' id='word_1_183' title='bbox 1892 2071 2131 2142; x_wconf 88' lang='lat' dir='ltr'>patriam</span> <span class='ocrx_word' id='word_1_184' title='bbox 2144 2071 2735 2141; x_wconf 85' lang='lat' dir='ltr'>conservationemque</span> <span class='ocrx_word' id='word_1_185' title='bbox 2758 2069 2901 2141; x_wconf 80' lang='lat' dir='ltr'>regni</span> <span class='ocrx_word' id='word_1_186' title='bbox 2916 2075 2959 2122; x_wconf 84' lang='lat' dir='ltr'>et</span> <span class='ocrx_word' id='word_1_187' title='bbox 3033 2079 3034 2100; x_wconf 75' lang='lat'>³</span> 
     </span>
     <span class='ocr_line' id='line_1_18' title="bbox 442 2155 3034 2230; baseline -0.002 -15"><span class='ocrx_word' id='word_1_188' title='bbox 442 2159 594 2215; x_wconf 88' lang='lat' dir='ltr'>urbis</span> <span class='ocrx_word' id='word_1_189' title='bbox 625 2161 994 2230; x_wconf 79' lang='lat' dir='ltr'>sperantium;</span> <span class='ocrx_word' id='word_1_190' title='bbox 1023 2159 1080 2214; x_wconf 90' lang='lat' dir='ltr'>in</span> <span class='ocrx_word' id='word_1_191' title='bbox 1107 2159 1302 2214; x_wconf 88' lang='lat' dir='ltr'>ultima</span> <span class='ocrx_word' id='word_1_192' title='bbox 1330 2167 1517 2215; x_wconf 89' lang='lat' dir='ltr'>autem</span> <span class='ocrx_word' id='word_1_193' title='bbox 1548 2166 1731 2230; x_wconf 90' lang='lat' dir='ltr'>parte,</span> <span class='ocrx_word' id='word_1_194' title='bbox 1758 2159 1794 2214; x_wconf 93' lang='lat' dir='ltr'>i.</span> <span class='ocrx_word' id='word_1_195' title='bbox 1827 2175 1877 2214; x_wconf 90' lang='lat' dir='ltr'>e.</span> <span class='ocrx_word' id='word_1_196' title='bbox 1910 2159 1967 2214; x_wconf 93' lang='lat' dir='ltr'>in</span> <span class='ocrx_word' id='word_1_197' title='bbox 1996 2157 2261 2213; x_wconf 86' lang='lat' dir='ltr'>vaticiniis</span> <span class='ocrx_word' id='word_1_198' title='bbox 2287 2173 2319 2213; x_wconf 89' lang='lat' dir='ltr'>a</span> <span class='ocrx_word' id='word_1_199' title='bbox 2350 2173 2424 2212; x_wconf 86' lang='lat' dir='ltr'>m.</span> <span class='ocrx_word' id='word_1_200' title='bbox 2462 2165 2547 2214; x_wconf 86' lang='grc'>10.</span> <span class='ocrx_word' id='word_1_201' title='bbox 2578 2159 2715 2212; x_wconf 88' lang='lat' dir='ltr'>anni</span> <span class='ocrx_word' id='word_1_202' title='bbox 2750 2163 2833 2213; x_wconf 86' lang='grc'>12.</span> <span class='ocrx_word' id='word_1_203' title='bbox 2872 2155 2958 2228; x_wconf 72' lang='lat' dir='ltr'>(vel</span> <span class='ocrx_word' id='word_1_204' title='bbox 3033 2167 3034 2230; x_wconf 57' lang='grc' dir='ltr'>ζ</span> 
     </span>
     <span class='ocr_line' id='line_1_19' title="bbox 445 2243 3034 2318; baseline -0.002 -16"><span class='ocrx_word' id='word_1_205' title='bbox 445 2246 624 2317; x_wconf 87' lang='lat' dir='ltr'>potius</span> <span class='ocrx_word' id='word_1_206' title='bbox 652 2253 705 2302; x_wconf 90' lang='grc'>11</span> <span class='ocrx_word' id='word_1_207' title='bbox 721 2289 758 2314; x_wconf 86' lang='grc'><strong>.,</strong></span> <span class='ocrx_word' id='word_1_208' title='bbox 787 2257 1080 2317; x_wconf 87' lang='lat' dir='ltr'>postquam</span> <span class='ocrx_word' id='word_1_209' title='bbox 1107 2254 1301 2317; x_wconf 88' lang='lat' dir='ltr'>captae</span> <span class='ocrx_word' id='word_1_210' title='bbox 1329 2255 1386 2302; x_wconf 88' lang='lat' dir='ltr'>et</span> <span class='ocrx_word' id='word_1_211' title='bbox 1413 2244 1631 2302; x_wconf 87' lang='lat' dir='ltr'>deletae</span> <span class='ocrx_word' id='word_1_212' title='bbox 1656 2245 1809 2302; x_wconf 90' lang='lat' dir='ltr'>urhis</span> <span class='ocrx_word' id='word_1_213' title='bbox 1830 2246 2057 2301; x_wconf 88' lang='lat' dir='ltr'>nuntius</span> <span class='ocrx_word' id='word_1_214' title='bbox 2078 2253 2199 2300; x_wconf 91' lang='lat' dir='ltr'>erat</span> <span class='ocrx_word' id='word_1_215' title='bbox 2225 2245 2443 2312; x_wconf 89' lang='lat' dir='ltr'>allatus)</span> <span class='ocrx_word' id='word_1_216' title='bbox 2473 2245 2842 2318; x_wconf 77' lang='lat' dir='ltr'>promulgatis</span> <span class='ocrx_word' id='word_1_217' title='bbox 2866 2243 2959 2299; x_wconf 91' lang='lat' dir='ltr'>ani·</span> <span class='ocrx_word' id='word_1_218' title='bbox 3033 2243 3034 2290; x_wconf 68' lang='grc' dir='ltr'>ἕ</span> 
     </span>
    </p>
   </div>
   <div class='ocr_carea' id='block_1_14' title="bbox 442 2331 2960 2580">
    <p class='ocr_par' dir='ltr' id='par_1_14' title="bbox 442 2331 2960 2580">
     <span class='ocr_line' id='line_1_20' title="bbox 443 2331 2954 2405; baseline -0.003 -16"><span class='ocrx_word' id='word_1_219' title='bbox 443 2349 564 2389; x_wconf 91' lang='lat' dir='ltr'>mos</span> <span class='ocrx_word' id='word_1_220' title='bbox 589 2333 662 2390; x_wconf 86' lang='lat' dir='ltr'>ad</span> <span class='ocrx_word' id='word_1_221' title='bbox 688 2349 887 2390; x_wconf 88' lang='lat' dir='ltr'>novam</span> <span class='ocrx_word' id='word_1_222' title='bbox 917 2349 1072 2404; x_wconf 89' lang='lat' dir='ltr'>spem</span> <span class='ocrx_word' id='word_1_223' title='bbox 1094 2333 1256 2404; x_wconf 85' lang='lat' dir='ltr'>erigit</span> <span class='ocrx_word' id='word_1_224' title='bbox 1275 2334 1514 2389; x_wconf 86' lang='lat' dir='ltr'>reditum</span> <span class='ocrx_word' id='word_1_225' title='bbox 1542 2348 1607 2388; x_wconf 90' lang='lat' dir='ltr'>ex</span> <span class='ocrx_word' id='word_1_226' title='bbox 1635 2333 1825 2388; x_wconf 83' lang='lat' dir='ltr'>exsilio</span> <span class='ocrx_word' id='word_1_227' title='bbox 1851 2333 2181 2403; x_wconf 87' lang='lat' dir='ltr'>promittens</span> <span class='ocrx_word' id='word_1_228' title='bbox 2200 2341 2259 2388; x_wconf 88' lang='lat' dir='ltr'>et</span> <span class='ocrx_word' id='word_1_229' title='bbox 2282 2333 2413 2388; x_wconf 90' lang='lat' dir='ltr'>novi</span> <span class='ocrx_word' id='word_1_230' title='bbox 2440 2332 2597 2403; x_wconf 84' lang='lat' dir='ltr'>regni</span> <span class='ocrx_word' id='word_1_231' title='bbox 2625 2331 2954 2405; x_wconf 74' lang='lat' dir='ltr'>(messianicij</span> 
     </span>
     <span class='ocr_line' id='line_1_21' title="bbox 442 2419 2960 2492; baseline -0.001 -16"><span class='ocrx_word' id='word_1_232' title='bbox 442 2420 791 2492; x_wconf 87' lang='lat' dir='ltr'>splendorem</span> <span class='ocrx_word' id='word_1_233' title='bbox 831 2419 1166 2476; x_wconf 60' lang='lat' dir='ltr'>describens</span> <span class='ocrx_word' id='word_1_234' title='bbox 1204 2421 1360 2489; x_wconf 85' lang='lat' dir='ltr'>Quae</span> <span class='ocrx_word' id='word_1_235' title='bbox 1401 2420 1512 2476; x_wconf 90' lang='lat' dir='ltr'>duo</span> <span class='ocrx_word' id='word_1_236' title='bbox 1552 2419 1623 2476; x_wconf 91' lang='lat' dir='ltr'>ad</span> <span class='ocrx_word' id='word_1_237' title='bbox 1674 2421 1944 2476; x_wconf 85' lang='lat' dir='ltr'>unitatem</span> <span class='ocrx_word' id='word_1_238' title='bbox 1989 2419 2084 2476; x_wconf 90' lang='lat' dir='ltr'>illa</span> <span class='ocrx_word' id='word_1_239' title='bbox 2120 2419 2246 2475; x_wconf 89' lang='lat' dir='ltr'>idea</span> <span class='ocrx_word' id='word_1_240' title='bbox 2293 2419 2641 2491; x_wconf 79' lang='lat' dir='ltr'>rediguntur,</span> <span class='ocrx_word' id='word_1_241' title='bbox 2683 2437 2797 2492; x_wconf 89' lang='lat' dir='ltr'>qua</span> <span class='ocrx_word' id='word_1_242' title='bbox 2832 2429 2960 2475; x_wconf 85' lang='lat' dir='ltr'>totus</span> 
     </span>
     <span class='ocr_line' id='line_1_22' title="bbox 443 2506 2600 2580; baseline 0 -18"><span class='ocrx_word' id='word_1_243' title='bbox 443 2508 581 2564; x_wconf 87' lang='lat' dir='ltr'>liber</span> <span class='ocrx_word' id='word_1_244' title='bbox 599 2508 808 2580; x_wconf 82' lang='lat' dir='ltr'>regitur</span> <span class='ocrx_word' id='word_1_245' title='bbox 829 2529 844 2562; x_wconf 74' lang='grc' dir='ltr'><strong>ι</strong></span> <span class='ocrx_word' id='word_1_246' title='bbox 867 2510 1048 2564; x_wconf 90' lang='lat' dir='ltr'>Deum</span> <span class='ocrx_word' id='word_1_247' title='bbox 1068 2523 1239 2580; x_wconf 91' lang='lat' dir='ltr'>quum</span> <span class='ocrx_word' id='word_1_248' title='bbox 1261 2509 1316 2563; x_wconf 93' lang='lat' dir='ltr'>in</span> <span class='ocrx_word' id='word_1_249' title='bbox 1336 2508 1500 2564; x_wconf 88' lang='lat' dir='ltr'>minis</span> <span class='ocrx_word' id='word_1_250' title='bbox 1517 2516 1641 2564; x_wconf 90' lang='lat' dir='ltr'>tum</span> <span class='ocrx_word' id='word_1_251' title='bbox 1660 2508 1718 2562; x_wconf 92' lang='lat' dir='ltr'>in</span> <span class='ocrx_word' id='word_1_252' title='bbox 1737 2508 2193 2579; x_wconf 86' lang='lat' dir='ltr'>promissionibus</span> <span class='ocrx_word' id='word_1_253' title='bbox 2212 2522 2331 2563; x_wconf 87' lang='lat' dir='ltr'>esse</span> <span class='ocrx_word' id='word_1_254' title='bbox 2360 2506 2600 2563; x_wconf 82' lang='lat' dir='ltr'>fidelem.</span> 
     </span>
    </p>
   </div>
   <div class='ocr_carea' id='block_1_15' title="bbox 441 2673 3034 2944">
    <p class='ocr_par' dir='ltr' id='par_1_15' title="bbox 441 2663 3034 2944">
     <span class='ocr_line' id='line_1_23' title="bbox 521 2673 2960 2752; baseline -0.002 -18"><span class='ocrx_word' id='word_1_255' title='bbox 521 2676 577 2734; x_wconf 77' lang='lat'>2.</span> <span class='ocrx_word' id='word_1_256' title='bbox 611 2709 690 2718; x_wconf 86' lang='lat'>——-</span> <span class='ocrx_word' id='word_1_257' title='bbox 713 2674 1090 2752; x_wconf 81' lang='lat' dir='ltr'>Prophe-tam</span> <span class='ocrx_word' id='word_1_258' title='bbox 1119 2674 1184 2734; x_wconf 92' lang='lat' dir='ltr'>in</span> <span class='ocrx_word' id='word_1_259' title='bbox 1215 2673 1629 2752; x_wconf 89' lang='lat' dir='ltr'>disponendis</span> <span class='ocrx_word' id='word_1_260' title='bbox 1661 2673 1973 2734; x_wconf 84' lang='lat' dir='ltr'>vaticiniis</span> <span class='ocrx_word' id='word_1_261' title='bbox 2008 2674 2086 2733; x_wconf 88' lang='lat' dir='ltr'>ad</span> <span class='ocrx_word' id='word_1_262' title='bbox 2119 2674 2316 2734; x_wconf 90' lang='lat' dir='ltr'>solam</span> <span class='ocrx_word' id='word_1_263' title='bbox 2348 2673 2825 2752; x_wconf 86' lang='lat' dir='ltr'>chronologiam</span> <span class='ocrx_word' id='word_1_264' title='bbox 2854 2691 2960 2733; x_wconf 89' lang='lat' dir='ltr'>non</span> 
     </span>
     <span class='ocr_line' id='line_1_24' title="bbox 441 2767 3034 2849; baseline -0.001 -19"><span class='ocrx_word' id='word_1_265' title='bbox 441 2771 811 2843; x_wconf 86' lang='lat' dir='ltr'>attendisse,</span> <span class='ocrx_word' id='word_1_266' title='bbox 838 2771 995 2831; x_wconf 85' lang='lat' dir='ltr'>licet</span> <span class='ocrx_word' id='word_1_267' title='bbox 1023 2787 1314 2848; x_wconf 82' lang='lat' dir='ltr'>magnam</span> <span class='ocrx_word' id='word_1_268' title='bbox 1345 2771 1480 2831; x_wconf 90' lang='lat' dir='ltr'>eius</span> <span class='ocrx_word' id='word_1_269' title='bbox 1509 2770 1821 2831; x_wconf 88' lang='lat' dir='ltr'>rationem</span> <span class='ocrx_word' id='word_1_270' title='bbox 1848 2769 2169 2842; x_wconf 87' lang='lat' dir='ltr'>habuerit,</span> <span class='ocrx_word' id='word_1_271' title='bbox 2204 2770 2433 2830; x_wconf 89' lang='lat' dir='ltr'>docent</span> <span class='ocrx_word' id='word_1_272' title='bbox 2459 2771 2901 2849; x_wconf 86' lang='lat' dir='ltr'>inscriptiones</span> <span class='ocrx_word' id='word_1_273' title='bbox 2920 2767 2960 2827; x_wconf 76' lang='lat'>⁴.</span> <span class='ocrx_word' id='word_1_274' title='bbox 3033 2787 3034 2802; x_wconf 72' lang='lat'>³</span> 
     </span>
     <span class='ocr_line' id='line_1_25' title="bbox 443 2866 3034 2944; baseline 0 -19"><span class='ocrx_word' id='word_1_275' title='bbox 443 2867 665 2928; x_wconf 87' lang='lat' dir='ltr'>Tribus</span> <span class='ocrx_word' id='word_1_276' title='bbox 693 2871 903 2927; x_wconf 91' lang='lat' dir='ltr'>autem</span> <span class='ocrx_word' id='word_1_277' title='bbox 926 2868 1213 2944; x_wconf 87' lang='lat' dir='ltr'>partibus</span> <span class='ocrx_word' id='word_1_278' title='bbox 1242 2866 1378 2926; x_wconf 85' lang='lat' dir='ltr'>eius</span> <span class='ocrx_word' id='word_1_279' title='bbox 1409 2867 1571 2927; x_wconf 88' lang='lat' dir='ltr'>liber</span> <span class='ocrx_word' id='word_1_280' title='bbox 1599 2871 1864 2938; x_wconf 88' lang='lat' dir='ltr'>constat,</span> <span class='ocrx_word' id='word_1_281' title='bbox 1890 2866 2209 2944; x_wconf 89' lang='lat' dir='ltr'>siquidem</span> <span class='ocrx_word' id='word_1_282' title='bbox 2234 2867 2530 2928; x_wconf 80' lang='lat' dir='ltr'>vaticinia</span> <span class='ocrx_word' id='word_1_283' title='bbox 2553 2868 2959 2928; x_wconf 87' lang='lat' dir='ltr'>comminato-</span> <span class='ocrx_word' id='word_1_284' title='bbox 3033 2921 3034 2926; x_wconf 73' lang='grc'>,</span> 
     </span>
    </p>
   </div>
   <div class='ocr_carea' id='block_1_16' title="bbox 441 2961 2647 3042">
    <p class='ocr_par' dir='ltr' id='par_1_16' title="bbox 441 2961 2647 3042">
     <span class='ocr_line' id='line_1_26' title="bbox 441 2961 2647 3042; baseline 0 -20"><span class='ocrx_word' id='word_1_285' title='bbox 441 2965 532 3023; x_wconf 88' lang='lat' dir='ltr'>ria</span> <span class='ocrx_word' id='word_1_286' title='bbox 565 2981 602 3023; x_wconf 89' lang='lat' dir='ltr'>a</span> <span class='ocrx_word' id='word_1_287' title='bbox 629 2963 1064 3024; x_wconf 87' lang='lat' dir='ltr'>consolatoriis</span> <span class='ocrx_word' id='word_1_288' title='bbox 1094 2966 1462 3040; x_wconf 81' lang='lat' dir='ltr'>separantur</span> <span class='ocrx_word' id='word_1_289' title='bbox 1491 2963 1743 3024; x_wconf 88' lang='lat' dir='ltr'>insertis</span> <span class='ocrx_word' id='word_1_290' title='bbox 1772 2963 2085 3022; x_wconf 82' lang='lat' dir='ltr'>vaticiniis</span> <span class='ocrx_word' id='word_1_291' title='bbox 2116 2967 2330 3023; x_wconf 90' lang='lat' dir='ltr'>contra</span> <span class='ocrx_word' id='word_1_292' title='bbox 2358 2967 2576 3042; x_wconf 78' lang='lat' dir='ltr'>gentes</span> <span class='ocrx_word' id='word_1_293' title='bbox 2598 2961 2647 3022; x_wconf 81' lang='lat'>².</span> 
     </span>
    </p>
   </div>
   <div class='ocr_carea' id='block_1_17' title="bbox 501 3151 2478 3216">
    <p class='ocr_par' dir='ltr' id='par_1_17' title="bbox 501 3151 2478 3216">
     <span class='ocr_line' id='line_1_27' title="bbox 501 3151 2478 3216; baseline 0.002 -16"><span class='ocrx_word' id='word_1_294' title='bbox 501 3151 568 3216; x_wconf 98' lang='grc'>(1)</span> <span class='ocrx_word' id='word_1_295' title='bbox 600 3155 706 3202; x_wconf 81' lang='lat' dir='ltr'>Hae</span> <span class='ocrx_word' id='word_1_296' title='bbox 730 3151 1085 3216; x_wconf 85' lang='lat' dir='ltr'>inscriptiones</span> <span class='ocrx_word' id='word_1_297' title='bbox 1114 3152 1494 3216; x_wconf 81' lang='lat' dir='ltr'>chronologicae</span> <span class='ocrx_word' id='word_1_298' title='bbox 1521 3154 1574 3202; x_wconf 89' lang='lat' dir='ltr'>in</span> <span class='ocrx_word' id='word_1_299' title='bbox 1598 3153 1873 3216; x_wconf 87' lang='lat' dir='ltr'>Prophetia</span> <span class='ocrx_word' id='word_1_300' title='bbox 1901 3151 2173 3202; x_wconf 81' lang='lat' dir='ltr'>Ezechielis</span> <span class='ocrx_word' id='word_1_301' title='bbox 2196 3153 2435 3215; x_wconf 80' lang='lat' dir='ltr'>leguntur</span> <span class='ocrx_word' id='word_1_302' title='bbox 2466 3171 2478 3204; x_wconf 71' lang='grc' dir='ltr'><em>ε</em></span> 
     </span>
    </p>
   </div>
   <div class='ocr_carea' id='block_1_18' title="bbox 441 3265 2467 3330">
    <p class='ocr_par' dir='ltr' id='par_1_18' title="bbox 441 3265 2467 3330">
     <span class='ocr_line' id='line_1_28' title="bbox 441 3265 2467 3330; baseline 0 -15"><span class='ocrx_word' id='word_1_303' title='bbox 441 3270 537 3322; x_wconf 84' lang='grc'><strong>2.1.</strong></span> <span class='ocrx_word' id='word_1_304' title='bbox 573 3265 665 3315; x_wconf 89' lang='lat' dir='ltr'>Die</span> <span class='ocrx_word' id='word_1_305' title='bbox 700 3271 730 3315; x_wconf 83' lang='lat'><strong>4</strong></span> <span class='ocrx_word' id='word_1_306' title='bbox 767 3279 928 3316; x_wconf 89' lang='lat' dir='ltr'>mens.</span> <span class='ocrx_word' id='word_1_307' title='bbox 968 3273 1014 3316; x_wconf 89' lang='lat'>5.</span> <span class='ocrx_word' id='word_1_308' title='bbox 1053 3279 1136 3316; x_wconf 88' lang='lat' dir='ltr'>an.</span> <span class='ocrx_word' id='word_1_309' title='bbox 1175 3272 1221 3318; x_wconf 83' lang='lat'>5.</span> <span class='ocrx_word' id='word_1_310' title='bbox 1253 3266 1660 3330; x_wconf 87' lang='lat' dir='ltr'>transmigratio-</span> <span class='ocrx_word' id='word_1_311' title='bbox 1757 3271 1917 3324; x_wconf 85' lang='grc'><strong>30,20.</strong></span> <span class='ocrx_word' id='word_1_312' title='bbox 1956 3267 2047 3316; x_wconf 89' lang='lat' dir='ltr'>Die</span> <span class='ocrx_word' id='word_1_313' title='bbox 2076 3270 2123 3316; x_wconf 94' lang='lat'>7.</span> <span class='ocrx_word' id='word_1_314' title='bbox 2153 3279 2222 3315; x_wconf 89' lang='lat' dir='ltr'>m.</span> <span class='ocrx_word' id='word_1_315' title='bbox 2264 3273 2305 3316; x_wconf 92' lang='grc'>1.</span> <span class='ocrx_word' id='word_1_316' title='bbox 2336 3283 2365 3315; x_wconf 86' lang='lat' dir='ltr'>a</span> <span class='ocrx_word' id='word_1_317' title='bbox 2393 3273 2467 3316; x_wconf 88' lang='grc'>11.</span> 
     </span>
    </p>
   </div>
   <div class='ocr_carea' id='block_1_19' title="bbox 435 3343 2961 3883">
    <p class='ocr_par' dir='ltr' id='par_1_19' title="bbox 435 3343 2961 3883">
     <span class='ocr_line' id='line_1_29' title="bbox 563 3343 2448 3404; baseline 0.002 -12"><span class='ocrx_word' id='word_1_318' title='bbox 563 3344 716 3393; x_wconf 86' lang='lat' dir='ltr'>tionis</span> <span class='ocrx_word' id='word_1_319' title='bbox 738 3343 1027 3404; x_wconf 77' lang='lat' dir='ltr'>lechoniae;</span> <span class='ocrx_word' id='word_1_320' title='bbox 1758 3350 1888 3403; x_wconf 84' lang='grc'><strong>31,1.</strong></span> <span class='ocrx_word' id='word_1_321' title='bbox 1924 3347 2015 3395; x_wconf 90' lang='lat' dir='ltr'>Die</span> <span class='ocrx_word' id='word_1_322' title='bbox 2048 3351 2090 3394; x_wconf 91' lang='grc'>1.</span> <span class='ocrx_word' id='word_1_323' title='bbox 2114 3359 2183 3394; x_wconf 91' lang='lat' dir='ltr'>m.</span> <span class='ocrx_word' id='word_1_324' title='bbox 2214 3349 2261 3394; x_wconf 87' lang='lat'>3.</span> <span class='ocrx_word' id='word_1_325' title='bbox 2292 3359 2340 3396; x_wconf 92' lang='lat' dir='ltr'>a.</span> <span class='ocrx_word' id='word_1_326' title='bbox 2377 3353 2448 3396; x_wconf 92' lang='grc'>11.</span> 
     </span>
     <span class='ocr_line' id='line_1_30' title="bbox 439 3423 2485 3481; baseline 0.001 -8"><span class='ocrx_word' id='word_1_327' title='bbox 439 3429 537 3480; x_wconf 89' lang='grc'><strong>8,1.</strong></span> <span class='ocrx_word' id='word_1_328' title='bbox 572 3423 666 3472; x_wconf 90' lang='lat' dir='ltr'>Die</span> <span class='ocrx_word' id='word_1_329' title='bbox 696 3429 740 3472; x_wconf 82' lang='lat'>⁵.</span> <span class='ocrx_word' id='word_1_330' title='bbox 772 3437 930 3472; x_wconf 90' lang='lat' dir='ltr'>mens.</span> <span class='ocrx_word' id='word_1_331' title='bbox 956 3430 1002 3473; x_wconf 82' lang='lat'>6.</span> <span class='ocrx_word' id='word_1_332' title='bbox 1027 3437 1109 3472; x_wconf 88' lang='lat' dir='ltr'>an.</span> <span class='ocrx_word' id='word_1_333' title='bbox 1134 3425 1182 3474; x_wconf 82' lang='grc'><strong>6.</strong></span> <span class='ocrx_word' id='word_1_334' title='bbox 1756 3427 1885 3481; x_wconf 75' lang='grc'><strong>32,1.</strong></span> <span class='ocrx_word' id='word_1_335' title='bbox 1922 3423 2014 3474; x_wconf 91' lang='lat' dir='ltr'>Die</span> <span class='ocrx_word' id='word_1_336' title='bbox 2047 3429 2089 3474; x_wconf 87' lang='grc'>1.</span> <span class='ocrx_word' id='word_1_337' title='bbox 2120 3437 2188 3473; x_wconf 88' lang='lat' dir='ltr'>m.</span> <span class='ocrx_word' id='word_1_338' title='bbox 2224 3431 2296 3473; x_wconf 88' lang='grc'>12.</span> <span class='ocrx_word' id='word_1_339' title='bbox 2329 3439 2373 3474; x_wconf 89' lang='lat' dir='ltr'>a.</span> <span class='ocrx_word' id='word_1_340' title='bbox 2410 3431 2485 3477; x_wconf 80' lang='lat'>12.</span> 
     </span>
     <span class='ocr_line' id='line_1_31' title="bbox 438 3501 2488 3559; baseline 0.001 -9"><span class='ocrx_word' id='word_1_341' title='bbox 438 3507 566 3559; x_wconf 83' lang='lat'>20,1.</span> <span class='ocrx_word' id='word_1_342' title='bbox 602 3501 696 3550; x_wconf 92' lang='lat' dir='ltr'>Die</span> <span class='ocrx_word' id='word_1_343' title='bbox 727 3507 799 3551; x_wconf 90' lang='grc'>10.</span> <span class='ocrx_word' id='word_1_344' title='bbox 826 3513 895 3549; x_wconf 90' lang='lat' dir='ltr'>m.</span> <span class='ocrx_word' id='word_1_345' title='bbox 928 3507 973 3550; x_wconf 88' lang='lat'>5.</span> <span class='ocrx_word' id='word_1_346' title='bbox 1002 3515 1048 3549; x_wconf 87' lang='lat' dir='ltr'>a.</span> <span class='ocrx_word' id='word_1_347' title='bbox 1081 3503 1126 3550; x_wconf 93' lang='grc'><strong>7.</strong></span> <span class='ocrx_word' id='word_1_348' title='bbox 1756 3505 1915 3558; x_wconf 85' lang='grc'><strong>32,17.</strong></span> <span class='ocrx_word' id='word_1_349' title='bbox 1954 3502 2045 3550; x_wconf 89' lang='lat' dir='ltr'>Die</span> <span class='ocrx_word' id='word_1_350' title='bbox 2073 3507 2144 3552; x_wconf 84' lang='lat'>15.</span> <span class='ocrx_word' id='word_1_351' title='bbox 2172 3517 2237 3551; x_wconf 91' lang='lat' dir='ltr'>m.</span> <span class='ocrx_word' id='word_1_352' title='bbox 2270 3508 2307 3552; x_wconf 86' lang='lat'>?.</span> <span class='ocrx_word' id='word_1_353' title='bbox 2336 3519 2383 3553; x_wconf 87' lang='lat' dir='ltr'>a.</span> <span class='ocrx_word' id='word_1_354' title='bbox 2418 3511 2488 3554; x_wconf 87' lang='grc'>12.</span> 
     </span>
     <span class='ocr_line' id='line_1_32' title="bbox 435 3578 2961 3646; baseline 0 -18"><span class='ocrx_word' id='word_1_355' title='bbox 435 3583 567 3636; x_wconf 78' lang='grc'><strong>24,1.</strong></span> <span class='ocrx_word' id='word_1_356' title='bbox 604 3578 696 3628; x_wconf 90' lang='lat' dir='ltr'>Die</span> <span class='ocrx_word' id='word_1_357' title='bbox 728 3585 799 3628; x_wconf 87' lang='grc'>10.</span> <span class='ocrx_word' id='word_1_358' title='bbox 831 3593 899 3628; x_wconf 88' lang='lat' dir='ltr'>m.</span> <span class='ocrx_word' id='word_1_359' title='bbox 936 3585 1007 3628; x_wconf 91' lang='grc'>10.</span> <span class='ocrx_word' id='word_1_360' title='bbox 1039 3593 1086 3628; x_wconf 89' lang='lat' dir='ltr'>a.</span> <span class='ocrx_word' id='word_1_361' title='bbox 1113 3586 1160 3629; x_wconf 90' lang='grc'><strong>9.</strong></span> <span class='ocrx_word' id='word_1_362' title='bbox 1758 3585 1918 3638; x_wconf 59' lang='grc'><strong>3331.</strong></span> <span class='ocrx_word' id='word_1_363' title='bbox 1956 3581 2048 3631; x_wconf 90' lang='lat' dir='ltr'>Die</span> <span class='ocrx_word' id='word_1_364' title='bbox 2084 3589 2129 3632; x_wconf 75' lang='lat'>5.</span> <span class='ocrx_word' id='word_1_365' title='bbox 2161 3595 2229 3631; x_wconf 89' lang='lat' dir='ltr'>m.</span> <span class='ocrx_word' id='word_1_366' title='bbox 2276 3587 2349 3632; x_wconf 89' lang='grc'>10.</span> <span class='ocrx_word' id='word_1_367' title='bbox 2388 3596 2435 3633; x_wconf 87' lang='lat' dir='ltr'>a.</span> <span class='ocrx_word' id='word_1_368' title='bbox 2481 3588 2536 3633; x_wconf 82' lang='lat'>12</span> <span class='ocrx_word' id='word_1_369' title='bbox 2574 3584 2785 3646; x_wconf 79' lang='lat' dir='ltr'>(rectius</span> <span class='ocrx_word' id='word_1_370' title='bbox 2821 3603 2834 3634; x_wconf 91' lang='lat'>:</span> <span class='ocrx_word' id='word_1_371' title='bbox 2877 3581 2961 3642; x_wconf 82' lang='grc'><strong>11.)</strong></span> 
     </span>
     <span class='ocr_line' id='line_1_33' title="bbox 435 3657 2595 3723; baseline 0.003 -16"><span class='ocrx_word' id='word_1_372' title='bbox 435 3663 565 3710; x_wconf 81' lang='grc'><strong>26.1.</strong></span> <span class='ocrx_word' id='word_1_373' title='bbox 601 3657 694 3707; x_wconf 89' lang='lat' dir='ltr'>Die</span> <span class='ocrx_word' id='word_1_374' title='bbox 727 3663 770 3707; x_wconf 97' lang='grc'>1.</span> <span class='ocrx_word' id='word_1_375' title='bbox 799 3671 869 3706; x_wconf 89' lang='lat' dir='ltr'>m.</span> <span class='ocrx_word' id='word_1_376' title='bbox 891 3661 914 3706; x_wconf 67' lang='grc' dir='ltr'>Ρ</span> <span class='ocrx_word' id='word_1_377' title='bbox 937 3671 983 3707; x_wconf 92' lang='lat' dir='ltr'>a.</span> <span class='ocrx_word' id='word_1_378' title='bbox 1018 3663 1088 3706; x_wconf 85' lang='lat'>11.</span> <span class='ocrx_word' id='word_1_379' title='bbox 1881 3660 2339 3723; x_wconf 81' lang='lat' dir='ltr'>transmigrationis</span> <span class='ocrx_word' id='word_1_380' title='bbox 2374 3665 2595 3714; x_wconf 85' lang='lat' dir='ltr'>nostrae.</span> 
     </span>
     <span class='ocr_line' id='line_1_34' title="bbox 437 3735 2957 3804; baseline 0.003 -20"><span class='ocrx_word' id='word_1_381' title='bbox 437 3741 566 3792; x_wconf 85' lang='grc'><strong>29,1.</strong></span> <span class='ocrx_word' id='word_1_382' title='bbox 601 3735 794 3787; x_wconf 78' lang='lat' dir='ltr'>Dicit.</span> <span class='ocrx_word' id='word_1_383' title='bbox 827 3750 894 3786; x_wconf 91' lang='lat' dir='ltr'>m.</span> <span class='ocrx_word' id='word_1_384' title='bbox 931 3741 1004 3785; x_wconf 90' lang='grc' dir='ltr'>1ο.</span> <span class='ocrx_word' id='word_1_385' title='bbox 1035 3751 1080 3785; x_wconf 84' lang='lat' dir='ltr'>a.</span> <span class='ocrx_word' id='word_1_386' title='bbox 1117 3743 1193 3787; x_wconf 89' lang='grc'>10.</span> <span class='ocrx_word' id='word_1_387' title='bbox 1759 3742 1889 3797; x_wconf 79' lang='lat'>40,1.</span> <span class='ocrx_word' id='word_1_388' title='bbox 1926 3739 2019 3788; x_wconf 91' lang='lat' dir='ltr'>Die</span> <span class='ocrx_word' id='word_1_389' title='bbox 2055 3745 2126 3788; x_wconf 86' lang='grc'>10.</span> <span class='ocrx_word' id='word_1_390' title='bbox 2164 3753 2234 3789; x_wconf 88' lang='lat' dir='ltr'>m.</span> <span class='ocrx_word' id='word_1_391' title='bbox 2284 3746 2304 3790; x_wconf 87' lang='lat'>1</span> <span class='ocrx_word' id='word_1_392' title='bbox 2348 3741 2408 3803; x_wconf 79' lang='lat'><strong>(·?)</strong></span> <span class='ocrx_word' id='word_1_393' title='bbox 2450 3754 2499 3790; x_wconf 86' lang='lat' dir='ltr'>a.</span> <span class='ocrx_word' id='word_1_394' title='bbox 2542 3747 2604 3792; x_wconf 84' lang='grc'>25</span> <span class='ocrx_word' id='word_1_395' title='bbox 2644 3743 2957 3804; x_wconf 74' lang='lat' dir='ltr'>transmigra-</span> 
     </span>
     <span class='ocr_line' id='line_1_35' title="bbox 436 3815 2877 3883; baseline 0.003 -19"><span class='ocrx_word' id='word_1_396' title='bbox 436 3818 596 3876; x_wconf 84' lang='lat'>29,17.</span> <span class='ocrx_word' id='word_1_397' title='bbox 630 3815 722 3865; x_wconf 88' lang='lat' dir='ltr'>Die</span> <span class='ocrx_word' id='word_1_398' title='bbox 747 3821 790 3866; x_wconf 89' lang='grc'>1.</span> <span class='ocrx_word' id='word_1_399' title='bbox 819 3829 889 3864; x_wconf 88' lang='lat' dir='ltr'>m.</span> <span class='ocrx_word' id='word_1_400' title='bbox 921 3820 961 3864; x_wconf 87' lang='lat'>1.</span> <span class='ocrx_word' id='word_1_401' title='bbox 995 3830 1041 3864; x_wconf 87' lang='lat' dir='ltr'>a.</span> <span class='ocrx_word' id='word_1_402' title='bbox 1073 3819 1152 3865; x_wconf 88' lang='grc'><strong>27.</strong></span> <span class='ocrx_word' id='word_1_403' title='bbox 1886 3816 2056 3877; x_wconf 88' lang='lat' dir='ltr'>tionis,</span> <span class='ocrx_word' id='word_1_404' title='bbox 2086 3832 2132 3868; x_wconf 90' lang='lat' dir='ltr'>a.</span> <span class='ocrx_word' id='word_1_405' title='bbox 2176 3823 2251 3869; x_wconf 77' lang='grc'>14.</span> <span class='ocrx_word' id='word_1_406' title='bbox 2290 3824 2408 3883; x_wconf 86' lang='lat' dir='ltr'>post</span> <span class='ocrx_word' id='word_1_407' title='bbox 2438 3820 2581 3872; x_wconf 90' lang='lat' dir='ltr'>urbis</span> <span class='ocrx_word' id='word_1_408' title='bbox 2608 3823 2877 3874; x_wconf 84' lang='lat' dir='ltr'>excidium.</span> 
     </span>
    </p>
   </div>
   <div class='ocr_carea' id='block_1_20' title="bbox 431 3911 2961 4692">
    <p class='ocr_par' dir='ltr' id='par_1_20' title="bbox 431 3911 2961 4692">
     <span class='ocr_line' id='line_1_36' title="bbox 496 3911 2960 3994; baseline 0.002 -16"><span class='ocrx_word' id='word_1_409' title='bbox 496 3929 562 3990; x_wconf 88' lang='lat'>(2)</span> <span class='ocrx_word' id='word_1_410' title='bbox 597 3928 766 3978; x_wconf 80' lang='lat' dir='ltr'>Altera</span> <span class='ocrx_word' id='word_1_411' title='bbox 789 3941 996 3992; x_wconf 88' lang='lat' dir='ltr'>quoque</span> <span class='ocrx_word' id='word_1_412' title='bbox 1016 3927 1203 3978; x_wconf 81' lang='lat' dir='ltr'>divisio</span> <span class='ocrx_word' id='word_1_413' title='bbox 1230 3931 1308 3978; x_wconf 89' lang='lat' dir='ltr'>est</span> <span class='ocrx_word' id='word_1_414' title='bbox 1333 3927 1637 3994; x_wconf 86' lang='lat' dir='ltr'>probabilis,</span> <span class='ocrx_word' id='word_1_415' title='bbox 1665 3941 1799 3994; x_wconf 88' lang='lat' dir='ltr'>quae</span> <span class='ocrx_word' id='word_1_416' title='bbox 1827 3929 2057 3980; x_wconf 90' lang='lat' dir='ltr'>ordinem</span> <span class='ocrx_word' id='word_1_417' title='bbox 2085 3931 2149 3982; x_wconf 91' lang='lat' dir='ltr'>ab</span> <span class='ocrx_word' id='word_1_418' title='bbox 2180 3911 2306 3982; x_wconf 78' lang='lat' dir='ltr'>isaia</span> <span class='ocrx_word' id='word_1_419' title='bbox 2332 3933 2661 3986; x_wconf 79' lang='lat' dir='ltr'>observatum</span> <span class='ocrx_word' id='word_1_420' title='bbox 2689 3934 2960 3988; x_wconf 69' lang='lat' dir='ltr'>accuratim</span> 
     </span>
     <span class='ocr_line' id='line_1_37' title="bbox 433 4007 2957 4080; baseline 0.002 -24"><span class='ocrx_word' id='word_1_421' title='bbox 433 4008 685 4070; x_wconf 87' lang='lat' dir='ltr'>sequitur.</span> <span class='ocrx_word' id='word_1_422' title='bbox 712 4011 848 4057; x_wconf 85' lang='lat' dir='ltr'>Duas</span> <span class='ocrx_word' id='word_1_423' title='bbox 876 4007 1010 4056; x_wconf 90' lang='lat' dir='ltr'>enim</span> <span class='ocrx_word' id='word_1_424' title='bbox 1032 4009 1084 4056; x_wconf 90' lang='lat' dir='ltr'>in</span> <span class='ocrx_word' id='word_1_425' title='bbox 1108 4011 1326 4072; x_wconf 85' lang='lat' dir='ltr'>utraque</span> <span class='ocrx_word' id='word_1_426' title='bbox 1347 4009 1619 4072; x_wconf 72' lang='lat' dir='ltr'>Prophetis</span> <span class='ocrx_word' id='word_1_427' title='bbox 1654 4012 1825 4072; x_wconf 85' lang='lat' dir='ltr'>partes</span> <span class='ocrx_word' id='word_1_428' title='bbox 1854 4007 2170 4072; x_wconf 85' lang='lat' dir='ltr'>distinguere</span> <span class='ocrx_word' id='word_1_429' title='bbox 2193 4011 2337 4070; x_wconf 80' lang='lat' dir='ltr'>licet,</span> <span class='ocrx_word' id='word_1_430' title='bbox 2362 4027 2579 4076; x_wconf 87' lang='lat' dir='ltr'>quarum</span> <span class='ocrx_word' id='word_1_431' title='bbox 2607 4017 2751 4078; x_wconf 89' lang='lat' dir='ltr'>prior</span> <span class='ocrx_word' id='word_1_432' title='bbox 2778 4018 2867 4080; x_wconf 82' lang='lat' dir='ltr'>(Is.</span> <span class='ocrx_word' id='word_1_433' title='bbox 2896 4019 2957 4063; x_wconf 92' lang='grc'><strong>7.-</strong></span> 
     </span>
     <span class='ocr_line' id='line_1_38' title="bbox 434 4086 2959 4157; baseline 0.003 -22"><span class='ocrx_word' id='word_1_434' title='bbox 434 4091 520 4146; x_wconf 84' lang='grc'>37;</span> <span class='ocrx_word' id='word_1_435' title='bbox 553 4087 742 4136; x_wconf 76' lang='lat' dir='ltr'>Ezech.</span> <span class='ocrx_word' id='word_1_436' title='bbox 773 4091 1078 4146; x_wconf 78' lang='grc'><strong>3,23-39,29)</strong></span> <span class='ocrx_word' id='word_1_437' title='bbox 1107 4086 1170 4137; x_wconf 88' lang='lat' dir='ltr'>de</span> <span class='ocrx_word' id='word_1_438' title='bbox 1199 4087 1585 4152; x_wconf 77' lang='lat' dir='ltr'>praeparatione</span> <span class='ocrx_word' id='word_1_439' title='bbox 1607 4087 1673 4136; x_wconf 85' lang='lat' dir='ltr'>ad</span> <span class='ocrx_word' id='word_1_440' title='bbox 1694 4087 1910 4138; x_wconf 81' lang='lat' dir='ltr'>salutem</span> <span class='ocrx_word' id='word_1_441' title='bbox 1930 4089 2282 4140; x_wconf 69' lang='lat' dir='ltr'>moesianicam</span> <span class='ocrx_word' id='word_1_442' title='bbox 2308 4091 2431 4154; x_wconf 79' lang='lat' dir='ltr'>agit,</span> <span class='ocrx_word' id='word_1_443' title='bbox 2454 4092 2615 4144; x_wconf 84' lang='lat' dir='ltr'>altera</span> <span class='ocrx_word' id='word_1_444' title='bbox 2643 4095 2737 4157; x_wconf 81' lang='lat' dir='ltr'>(Is.</span> <span class='ocrx_word' id='word_1_445' title='bbox 2764 4099 2959 4145; x_wconf 78' lang='grc'><strong>38.-66.·.</strong></span> 
     </span>
     <span class='ocr_line' id='line_1_39' title="bbox 431 4163 2958 4230; baseline 0.001 -15"><span class='ocrx_word' id='word_1_446' title='bbox 431 4163 620 4215; x_wconf 74' lang='lat' dir='ltr'>Ezech.</span> <span class='ocrx_word' id='word_1_447' title='bbox 651 4169 728 4214; x_wconf 82' lang='grc' dir='ltr'><strong>4ο.</strong></span> <span class='ocrx_word' id='word_1_448' title='bbox 745 4191 767 4204; x_wconf 87' lang='grc'>-</span> <span class='ocrx_word' id='word_1_449' title='bbox 783 4165 883 4228; x_wconf 83' lang='grc'><strong>48.)</strong></span> <span class='ocrx_word' id='word_1_450' title='bbox 912 4164 1128 4214; x_wconf 87' lang='lat' dir='ltr'>salutem</span> <span class='ocrx_word' id='word_1_451' title='bbox 1158 4163 1320 4229; x_wconf 82' lang='lat' dir='ltr'>ipsam</span> <span class='ocrx_word' id='word_1_452' title='bbox 1349 4165 1605 4216; x_wconf 86' lang='lat' dir='ltr'>describit.</span> <span class='ocrx_word' id='word_1_453' title='bbox 1627 4165 1773 4215; x_wconf 87' lang='lat' dir='ltr'>Prior</span> <span class='ocrx_word' id='word_1_454' title='bbox 1795 4169 1967 4216; x_wconf 85' lang='lat' dir='ltr'>autem</span> <span class='ocrx_word' id='word_1_455' title='bbox 1991 4180 2107 4230; x_wconf 90' lang='lat' dir='ltr'>pars</span> <span class='ocrx_word' id='word_1_456' title='bbox 2133 4167 2183 4218; x_wconf 91' lang='lat' dir='ltr'>in</span> <span class='ocrx_word' id='word_1_457' title='bbox 2210 4173 2313 4219; x_wconf 88' lang='lat' dir='ltr'>tres</span> <span class='ocrx_word' id='word_1_458' title='bbox 2336 4169 2585 4221; x_wconf 82' lang='lat' dir='ltr'>sectiones</span> <span class='ocrx_word' id='word_1_459' title='bbox 2608 4172 2958 4224; x_wconf 85' lang='lat' dir='ltr'>distribuitur:</span> 
     </span>
     <span class='ocr_line' id='line_1_40' title="bbox 431 4241 2961 4313; baseline 0.003 -23"><span class='ocrx_word' id='word_1_460' title='bbox 431 4241 712 4292; x_wconf 77' lang='lat' dir='ltr'>calamitati</span> <span class='ocrx_word' id='word_1_461' title='bbox 747 4243 1028 4304; x_wconf 88' lang='lat' dir='ltr'>assyriacae</span> <span class='ocrx_word' id='word_1_462' title='bbox 1059 4243 1154 4293; x_wconf 88' lang='lat' dir='ltr'>sub</span> <span class='ocrx_word' id='word_1_463' title='bbox 1185 4243 1349 4293; x_wconf 79' lang='lat' dir='ltr'>Achaz</span> <span class='ocrx_word' id='word_1_464' title='bbox 1385 4241 1649 4293; x_wconf 87' lang='lat' dir='ltr'>incredulo</span> <span class='ocrx_word' id='word_1_465' title='bbox 1677 4243 1955 4306; x_wconf 89' lang='lat' dir='ltr'>respondet</span> <span class='ocrx_word' id='word_1_466' title='bbox 1987 4245 2256 4296; x_wconf 89' lang='lat' dir='ltr'>imminens</span> <span class='ocrx_word' id='word_1_467' title='bbox 2286 4247 2523 4298; x_wconf 88' lang='lat' dir='ltr'>interitus</span> <span class='ocrx_word' id='word_1_468' title='bbox 2546 4250 2799 4302; x_wconf 88' lang='lat' dir='ltr'>increduli</span> <span class='ocrx_word' id='word_1_469' title='bbox 2832 4249 2961 4313; x_wconf 83' lang='lat' dir='ltr'>regni</span> 
     </span>
     <span class='ocr_line' id='line_1_41' title="bbox 433 4319 2961 4396; baseline 0.003 -27"><span class='ocrx_word' id='word_1_470' title='bbox 433 4333 523 4382; x_wconf 88' lang='lat' dir='ltr'>per</span> <span class='ocrx_word' id='word_1_471' title='bbox 539 4319 822 4371; x_wconf 84' lang='lat' dir='ltr'>Chaldaeos</span> <span class='ocrx_word' id='word_1_472' title='bbox 844 4322 934 4383; x_wconf 83' lang='lat' dir='ltr'>(Is.</span> <span class='ocrx_word' id='word_1_473' title='bbox 962 4326 1059 4382; x_wconf 87' lang='grc'><strong>7,1-</strong></span> <span class='ocrx_word' id='word_1_474' title='bbox 1077 4329 1211 4383; x_wconf 77' lang='grc'><strong>12,6;</strong></span> <span class='ocrx_word' id='word_1_475' title='bbox 1231 4322 1421 4372; x_wconf 76' lang='lat' dir='ltr'>Ezech.</span> <span class='ocrx_word' id='word_1_476' title='bbox 1446 4323 1771 4385; x_wconf 77' lang='grc'><strong>3,23-24,27);</strong></span> <span class='ocrx_word' id='word_1_477' title='bbox 1792 4328 2078 4386; x_wconf 88' lang='lat' dir='ltr'>sequuntur</span> <span class='ocrx_word' id='word_1_478' title='bbox 2094 4325 2336 4375; x_wconf 84' lang='lat' dir='ltr'>vaticinia</span> <span class='ocrx_word' id='word_1_479' title='bbox 2354 4331 2535 4377; x_wconf 85' lang='lat' dir='ltr'>contra</span> <span class='ocrx_word' id='word_1_480' title='bbox 2547 4333 2723 4392; x_wconf 83' lang='lat' dir='ltr'>gentes</span> <span class='ocrx_word' id='word_1_481' title='bbox 2740 4330 2823 4396; x_wconf 76' lang='lat' dir='ltr'>(Is.</span> <span class='ocrx_word' id='word_1_482' title='bbox 2844 4335 2961 4392; x_wconf 81' lang='grc'><strong>13,1·</strong></span> 
     </span>
     <span class='ocr_line' id='line_1_42' title="bbox 435 4399 2961 4472; baseline 0.003 -24"><span class='ocrx_word' id='word_1_483' title='bbox 435 4402 603 4457; x_wconf 84' lang='grc'><strong>27,13;</strong></span> <span class='ocrx_word' id='word_1_484' title='bbox 645 4399 833 4449; x_wconf 76' lang='lat' dir='ltr'>Ezech.</span> <span class='ocrx_word' id='word_1_485' title='bbox 861 4400 1199 4464; x_wconf 82' lang='lat'>25,1-32‚32);</span> <span class='ocrx_word' id='word_1_486' title='bbox 1229 4399 1519 4451; x_wconf 88' lang='lat' dir='ltr'>liberationi</span> <span class='ocrx_word' id='word_1_487' title='bbox 1542 4399 1606 4450; x_wconf 88' lang='lat' dir='ltr'>ab</span> <span class='ocrx_word' id='word_1_488' title='bbox 1631 4400 1895 4451; x_wconf 79' lang='lat' dir='ltr'>invasione</span> <span class='ocrx_word' id='word_1_489' title='bbox 1919 4403 2264 4453; x_wconf 87' lang='lat' dir='ltr'>Sennacherib</span> <span class='ocrx_word' id='word_1_490' title='bbox 2292 4403 2387 4454; x_wconf 90' lang='lat' dir='ltr'>sub</span> <span class='ocrx_word' id='word_1_491' title='bbox 2411 4405 2494 4470; x_wconf 93' lang='lat' dir='ltr'>pio</span> <span class='ocrx_word' id='word_1_492' title='bbox 2520 4409 2733 4460; x_wconf 79' lang='lat' dir='ltr'>Ezechia</span> <span class='ocrx_word' id='word_1_493' title='bbox 2762 4423 2961 4472; x_wconf 73' lang='lat' dir='ltr'>respon-</span> 
     </span>
     <span class='ocr_line' id='line_1_43' title="bbox 433 4475 2957 4546; baseline 0.004 -22"><span class='ocrx_word' id='word_1_494' title='bbox 433 4475 556 4524; x_wconf 89' lang='lat' dir='ltr'>dent</span> <span class='ocrx_word' id='word_1_495' title='bbox 596 4477 837 4527; x_wconf 79' lang='lat' dir='ltr'>vaticinia</span> <span class='ocrx_word' id='word_1_496' title='bbox 883 4479 947 4528; x_wconf 91' lang='lat' dir='ltr'>de</span> <span class='ocrx_word' id='word_1_497' title='bbox 975 4477 1198 4529; x_wconf 83' lang='lat' dir='ltr'>feliciore</span> <span class='ocrx_word' id='word_1_498' title='bbox 1225 4482 1364 4528; x_wconf 88' lang='lat' dir='ltr'>sorte</span> <span class='ocrx_word' id='word_1_499' title='bbox 1401 4478 1576 4542; x_wconf 87' lang='lat' dir='ltr'>populi</span> <span class='ocrx_word' id='word_1_500' title='bbox 1608 4480 1915 4541; x_wconf 88' lang='lat' dir='ltr'>poenitentis</span> <span class='ocrx_word' id='word_1_501' title='bbox 1938 4480 2029 4542; x_wconf 77' lang='lat' dir='ltr'>(Is.</span> <span class='ocrx_word' id='word_1_502' title='bbox 2066 4487 2386 4544; x_wconf 83' lang='grc'><strong>28,1-37,38;</strong></span> <span class='ocrx_word' id='word_1_503' title='bbox 2424 4485 2607 4537; x_wconf 74' lang='lat' dir='ltr'>Ezech.</span> <span class='ocrx_word' id='word_1_504' title='bbox 2640 4489 2957 4546; x_wconf 78' lang='grc'><strong>33,1-39.39).</strong></span> 
     </span>
     <span class='ocr_line' id='line_1_44' title="bbox 433 4553 2959 4622; baseline 0.005 -20"><span class='ocrx_word' id='word_1_505' title='bbox 433 4555 592 4602; x_wconf 77' lang='lat' dir='ltr'>Tanta</span> <span class='ocrx_word' id='word_1_506' title='bbox 616 4553 768 4615; x_wconf 79' lang='lat' dir='ltr'>igitur</span> <span class='ocrx_word' id='word_1_507' title='bbox 791 4558 871 4606; x_wconf 86' lang='lat' dir='ltr'>est</span> <span class='ocrx_word' id='word_1_508' title='bbox 897 4556 1091 4606; x_wconf 85' lang='lat' dir='ltr'>ordinis</span> <span class='ocrx_word' id='word_1_509' title='bbox 1120 4556 1430 4618; x_wconf 86' lang='lat' dir='ltr'>similitudo,</span> <span class='ocrx_word' id='word_1_510' title='bbox 1459 4561 1520 4606; x_wconf 90' lang='lat' dir='ltr'>ut</span> <span class='ocrx_word' id='word_1_511' title='bbox 1558 4557 1808 4608; x_wconf 82' lang='lat' dir='ltr'>Ezechieli</span> <span class='ocrx_word' id='word_1_512' title='bbox 1835 4559 2089 4622; x_wconf 79' lang='lat' dir='ltr'>integrum</span> <span class='ocrx_word' id='word_1_513' title='bbox 2126 4561 2435 4613; x_wconf 89' lang='lat' dir='ltr'>hodiernum</span> <span class='ocrx_word' id='word_1_514' title='bbox 2470 4563 2657 4616; x_wconf 89' lang='lat' dir='ltr'>librum</span> <span class='ocrx_word' id='word_1_515' title='bbox 2696 4568 2847 4618; x_wconf 84' lang='lat' dir='ltr'>Isaiae</span> <span class='ocrx_word' id='word_1_516' title='bbox 2880 4579 2959 4615; x_wconf 86' lang='lat' dir='ltr'>co·</span> 
     </span>
     <span class='ocr_line' id='line_1_45' title="bbox 433 4631 1354 4692; baseline 0.009 -15"><span class='ocrx_word' id='word_1_517' title='bbox 433 4631 629 4692; x_wconf 82' lang='lat' dir='ltr'>gnitum</span> <span class='ocrx_word' id='word_1_518' title='bbox 653 4631 814 4683; x_wconf 84' lang='lat' dir='ltr'>fuisse</span> <span class='ocrx_word' id='word_1_519' title='bbox 839 4633 953 4683; x_wconf 86' lang='lat' dir='ltr'>iure</span> <span class='ocrx_word' id='word_1_520' title='bbox 974 4635 1354 4686; x_wconf 87' lang='lat' dir='ltr'>concludamus.</span> 
     </span>
    </p>
   </div>
   <div class='ocr_carea' id='block_1_21' title="bbox 3033 2309 3034 2920">
    <p class='ocr_par' dir='ltr' id='par_1_21' title="bbox 3033 2309 3034 2920">
     <span class='ocr_line' id='line_1_46' title="bbox 3033 2309 3034 2920; baseline 0 0"><span class='ocrx_word' id='word_1_521' title='bbox 3033 2309 3034 2920; x_wconf 95' lang='lat' dir='ltr'> </span> 
     </span>
    </p>
   </div>
  </div>
 </body>
</html>
