3050 5184
383 311 499 368 144
542 324 618 367 nr:
656 323 1213 369 mrsnrnssurrom:
1255 326 1303 367 S.
1352 322 1745 367 SCRIPTURAE.
1777 341 1854 351 —
1885 324 2016 369 car.
2063 325 2136 368 11.
2167 324 2352 369 meas
2394 324 2922 370 nnnmnssuncsss.

390 457 536 511 inter
567 455 897 526 interpretes
924 463 981 509 et
1020 454 1166 509 inter
1193 454 1548 510 scientiarum
1577 455 1850 521 cultoreS,
1881 454 1977 525 qui
2004 456 2226 527 utrique
2257 457 2462 513 limites
2499 472 2628 512 suos
2654 464 2928 526 transgre-

392 542 624 597 diuntur
654 559 753 614 pro
782 557 945 599 sensu
972 541 1383 613 Scripturarum
1414 550 1511 597 aut
1539 557 1640 613 pro
1670 541 1940 598 doctrinis
1967 542 2282 599 scientificis
2299 559 2366 601 ea
2393 543 2773 612 venditanteS,
2795 556 2930 614 quae

388 646 491 686 nec
520 646 548 685 a
580 632 866 701 Scriptura
894 644 997 685 nec
1026 645 1057 685 a
1075 628 1321 684 scientiis
1349 628 1640 685 docentur.
1663 630 1860 701 Itaque
1883 629 2204 701 interpretis
2231 639 2342 699 est,
2369 640 2434 687 ut
2459 632 2518 687 in
2543 630 2932 687 historicorum

388 718 959 789 naturalistarumque
990 716 1214 773 assertis
1258 732 1390 773 vera
1430 733 1463 774 a
1504 711 1662 773 falsis
1701 726 1758 774 et
1799 724 1948 773 certa
1978 734 2012 773 a
2039 716 2222 774 dubiis
2259 716 2540 775 discernat
2573 727 2744 789 atque
2785 726 2930 773 certa

384 822 513 862 cum
543 806 845 877 Scripturis
873 806 1037 876 plane
1064 818 1369 861 consonare
1392 804 1667 861 ostendat.

457 893 621 962 Quod
650 902 717 949 ut
746 892 927 950 facere
964 893 1139 965 possit
1186 896 1271 959 a.)
1306 895 1373 948 in
1416 892 1592 949 rebus
1619 893 1929 950 historicis
1968 894 2250 961 attendat,
2297 910 2402 951 nec
2448 894 2664 962 omnia,
2705 909 2849 967 quae
2882 893 2932 947 in

384 980 631 1052 antiquis
666 980 1044 1037 monumentis
1080 988 1177 1037 aut
1217 978 1567 1036 documentis
1599 981 1971 1051 reperiuntur,
2017 996 2240 1037 caecam
2276 980 2445 1037 fidem
2485 982 2720 1049 mereri,
2764 994 2932 1053 quum

384 1069 518 1125 satis
549 1075 787 1137 constet,
822 1067 1082 1139 antiquos
1108 1068 1193 1123 uti
1220 1066 1519 1123 modernos
1547 1068 1844 1138 scriptores
1863 1068 1934 1124 ab
1963 1067 2304 1139 adulatione,
2331 1068 2572 1141 partium
2603 1068 2807 1124 studiis
2829 1076 2928 1124 etc.

385 1172 497 1211 non
524 1155 691 1211 fuisse
722 1154 949 1224 alienoS‚
982 1172 1085 1211 nec
1112 1156 1297 1212 omnia
1328 1155 1420 1212 illa
1441 1199 1455 1225 ,
1490 1172 1636 1227 quae
1663 1170 1730 1211 ex
1757 1155 2220 1227 cuneisormibuS,
2251 1155 2689 1231 hieroglyphicis
2707 1164 2819 1213 etc.
2850 1157 2932 1211 in-

385 1242 779 1315 scriptionibus
808 1242 973 1298 hodie
1002 1243 1331 1313 afferuntur,
1365 1244 1484 1299 sine
1524 1258 1726 1317 magna
1767 1244 2022 1299 cautione
2065 1252 2123 1299 et
2157 1242 2450 1315 prudentia
2487 1259 2647 1316 posse
2680 1243 2926 1307 admitti,

388 1332 651 1403 quoniam
680 1347 793 1387 non
819 1330 1123 1387 admodum
1148 1332 1325 1387 multa
1354 1331 1642 1402 hucusque
1671 1339 1820 1386 certa
1845 1339 2002 1399 sunt,
2030 1333 2300 1388 nonnulla
2330 1340 2518 1389 autem
2545 1331 2680 1388 odio
2723 1331 2926 1387 deben-

383 1428 495 1486 tur,
539 1435 649 1490 quo
688 1418 858 1491 aliqui
892 1420 1271 1475 rationalistae
1309 1418 1482 1474 libros
1518 1434 1706 1474 sacros
1751 1428 2176 1491 persequuntur.
2215 1422 2482 1477 Attamen
2525 1418 2922 1475 attendendum

390 1522 610 1580 quoque
640 1516 752 1577 est,
784 1506 957 1563 libros
998 1522 1186 1563 sacros
1230 1506 1393 1563 nobis
1434 1523 1547 1562 non
1595 1522 1714 1562 esse
1750 1505 1938 1574 datos,
1981 1515 2045 1562 ut
2081 1506 2371 1563 historiam
2399 1506 2927 1580 chronologiamque

384 1610 486 1651 nos
524 1595 781 1664 doceant,
815 1594 1055 1667 ideoque
1097 1594 1223 1650 illos
1268 1610 1381 1651 non
1428 1610 1548 1651 esse
1592 1594 1941 1664 tractandoS,
1967 1610 2032 1651 ac
2059 1595 2107 1651 si
2133 1603 2317 1651 essent
2351 1596 2618 1667 completi
2661 1602 2926 1651 tractatus

387 1683 639 1739 historici
680 1690 739 1739 et
784 1682 1188 1755 chronologici.
1236 1682 1465 1739 Sobrius
1501 1682 1673 1754 igitur
1717 1682 1790 1738 sit
1815 1682 2088 1754 interpres
2113 1683 2172 1737 in
2209 1683 2526 1756 systematis
2565 1682 2852 1739 historicis
2875 1690 2922 1736 et

385 1770 801 1842 chronologicis
828 1769 1155 1840 statuendis,
1186 1786 1327 1826 neve
1354 1770 1766 1841 Scripturarum
1794 1768 1961 1825 verba
1984 1768 2289 1826 secundum
2317 1769 2654 1827 hodiernum
2684 1770 2924 1827 scientia·

382 1874 509 1913 rum
557 1866 766 1913 statum
811 1866 1056 1928 premat,
1098 1857 1196 1915 sed
1232 1872 1299 1913 ex
1338 1873 1626 1915 sacrorum
1654 1858 1986 1929 scriptorum
2019 1867 2206 1914 mente
2237 1867 2296 1914 et
2329 1858 2638 1915 intentione
2667 1859 2918 1931 explicet,

385 1961 517 2001 nam
551 1965 575 1995 α
614 1945 812 2014 multa,
845 1945 1026 2017 inquit
1048 1946 1105 2001 S.
1137 1946 1530 2016 Hieronymus
1566 1947 1650 2015 (In
1677 1944 1880 2002 Matth.
1915 1951 2070 2015 14,8;
2108 1947 2172 2001 In
2201 1946 2401 2001 Ierem.
2434 1950 2636 2017 28,10),
2670 1947 2732 2002 in
2757 1946 2922 2015 Scrip-

382 2034 527 2088 turis
552 2033 813 2089 dicuntur
844 2033 997 2089 iuxta
1025 2034 1342 2105 opinionem
1370 2034 1519 2089 illius
1549 2033 1849 2104 temporiS‚
1875 2048 1984 2105 quo
2015 2041 2165 2106 gesta
2191 2030 2529 2102 referuntur,
2557 2041 2614 2091 et
2636 2050 2757 2089 non
2779 2035 2914 2089 iuxta

386 2119 538 2192 quod
561 2121 645 2176 rei
672 2121 876 2177 veritas
904 2120 1221 2177 continebat
1250 2142 1300 2176 n.
1332 2124 1531 2177 Nonne
1566 2122 1703 2177 risui
1726 2136 1844 2177 sese
1876 2129 2195 2193 exponeret,
2223 2121 2321 2193 qui
2348 2138 2415 2177 ex
2442 2121 2750 2194 scripturis
2781 2122 2913 2187 (Act.

384 2215 508 2277 2,3;
542 2214 705 2264 Rom.
752 2215 908 2278 1,18;
952 2216 981 2265 3
1017 2215 1150 2281 Req.
1186 2215 1314 2278 4,34
1347 2213 1479 2277 etc.)
1507 2208 1838 2277 deduceret,
1867 2208 2077 2265 incolas
2111 2209 2398 2265 Amen-icae
2435 2216 2492 2264 et
2518 2210 2837 2266 Australiae
2867 2208 2914 2261 in

380 2295 476 2351 die
515 2299 871 2354 Pentecostes
908 2297 1262 2370 lerosolymis
1300 2296 1492 2366 fuisse,
1534 2306 1630 2353 aut
1665 2296 1836 2353 tidem
1871 2298 2256 2353 Romanorum
2298 2305 2548 2369 tempore
2592 2297 2758 2354 Pauli
2783 2296 2915 2353 cele·

388 2384 573 2439 brasse
604 2393 702 2440 aut
727 2384 839 2441 iam
865 2385 937 2441 ad
963 2384 1274 2441 Salomonis
1300 2385 1626 2456 sapientiam
1650 2383 1984 2441 audiendam
2009 2386 2346 2441 accurrisse!

464 2472 582 2527 Iam
611 2487 742 2528 vero
781 2474 859 2539 b.)
904 2473 1100 2529 eadem
1131 2471 1357 2529 mutatis
1384 2472 1668 2529 mutandis
1693 2472 1769 2529 de
1796 2472 2057 2528 scientiis
2084 2472 2465 2529 naturalibus
2502 2472 2746 2531 dicenda
2780 2478 2910 2527 sunt.

384 2558 638 2615 Prudens
664 2559 940 2632 interpres
960 2577 1106 2618 nova
1134 2568 1460 2633 systemata,
1490 2576 1630 2634 quae
1658 2560 2019 2616 naturalistae
2047 2559 2213 2616 hodie
2239 2560 2564 2630 adstruunt,
2593 2568 2662 2616 ut
2689 2576 2810 2617 cras
2829 2558 2910 2614 illa

380 2647 666 2717 reiiciant,
690 2664 791 2719 pro
824 2647 1185 2705 fundamento
1220 2648 1650 2722 explicationum
1679 2662 1906 2704 suarum
1929 2664 2046 2703 non
2081 2655 2290 2717 sumet,
2321 2646 2420 2704 sed
2455 2656 2757 2706 contentus
2791 2647 2908 2711 erit,

385 2736 431 2790 si
463 2736 875 2807 Scripturarum
905 2736 1051 2793 dicta
1082 2737 1152 2793 de
1176 2736 1340 2793 rebus
1366 2735 1714 2793 naturalibus
1742 2736 1818 2791 ita
1849 2734 2234 2805 explicaverit,
2268 2742 2332 2791 ut
2357 2734 2571 2792 nullam
2599 2736 2796 2793 adosse
2821 2750 2910 2806 pu-

384 2839 549 2894 gnam
574 2833 840 2895 appareat
868 2840 995 2881 cum
1022 2825 1135 2881 illis
1162 2825 1451 2892 doctrinis,
1483 2840 1622 2897 quas
1642 2824 2002 2880 naturalistae
2025 2826 2206 2879 certis
2224 2824 2564 2896 argumentis
2591 2830 2789 2881 certas
2807 2836 2908 2879 esse

379 2909 853 2968 demonstrarunt.
884 2916 962 2969 At
988 2912 1137 2969 idem
1165 2928 1384 2985 quoque
1420 2911 1766 2981 meminerit,
1805 2932 1832 2963 ι
1872 2912 2138 2981 Spiritum
2175 2911 2308 2980 Dei,
2342 2910 2438 2983 qui
2474 2927 2574 2982 per
2618 2912 2906 2985 scriptores

376 3014 569 3055 sacros
614 3000 965 3072 loquebatur,
1015 3000 1256 3056 noluisse
1293 3001 1399 3057 ista
1436 3008 1533 3068 (sc.
1581 3015 1668 3055 res
1699 2999 1997 3067 naturales)
2042 2998 2244 3055 docere
2281 2998 2532 3055 homines
2570 3000 2719 3056 nulli
2760 2996 2904 3054 saluti

380 3085 671 3155 protutura
706 3110 728 3139 υ
768 3092 844 3155 (S.
881 3093 1035 3160 Auq.
1067 3089 1171 3158 Op.
1212 3088 1432 3159 imperf.
1470 3089 1532 3144 in
1563 3088 1703 3143 Gen.
1745 3090 1856 3157 20),
1886 3101 1988 3141 nec
2019 3086 2333 3157 Scripturas
2373 3102 2490 3141 esse
2529 3085 2904 3158 compendium

380 3189 569 3229 rerum
598 3176 953 3231 naturalium.
989 3175 1122 3230 Ideo
1149 3190 1182 3230 a
1210 3174 1574 3247 scriptoribus
1601 3174 1774 3231 sacris
1802 3174 1906 3230 scit
1931 3190 2046 3230 non
2081 3173 2333 3230 adbiberi
2371 3174 2620 3246 linguam
2646 3170 2906 3246 [scientifi-

376 3274 535 3324 cam,
568 3262 616 3316 si
643 3260 713 3316 de
746 3261 913 3318 rebus
940 3262 1287 3320 naturalibus
1322 3264 1648 3335 loquuntur,
1678 3261 1777 3317 sed
1803 3262 2124 3334 popularem
2142 3304 2155 3330 ‚
2183 3269 2248 3316 ut
2277 3280 2304 3313 α
2331 3276 2393 3317 ea
2423 3268 2747 3333 sequantur,
2787 3272 2906 3331 quae

383 3348 717 3405 sensibiliter
744 3359 1017 3421 apparent
1046 3372 1075 3401 >2
1102 3353 1177 3418 (S.
1216 3350 1416 3407 Tkom.
1455 3352 1682 3407 Summa
1717 3352 1761 3405 1.
1797 3366 1892 3421 qu.
1923 3354 2014 3404 70.
2041 3364 2094 3404 a.
2140 3355 2188 3404 1.
2219 3347 2291 3404 ad
2325 3348 2420 3415 8.),
2457 3356 2554 3405 aut
2591 3350 2762 3407 etiam
2797 3361 2904 3419 poe·

379 3436 578 3503 ticam,
611 3437 669 3491 in
692 3452 803 3509 qua
832 3438 1130 3495 scientifica
1160 3438 1436 3495 subtilitas
1462 3454 1578 3494 non
1607 3436 1910 3509 quaeritur.
1946 3439 2139 3507 Itaque
2166 3452 2281 3491 non
2301 3436 2614 3502 mirabitur,
2635 3438 2684 3493 si
2711 3439 2906 3507 Moyses

381 3532 593 3587 narrat,
626 3526 807 3581 Deum
847 3525 1040 3582 secisse
1073 3546 1098 3577 α
1126 3526 1237 3582 duo
1267 3526 1560 3581 luminaria
1599 3540 1802 3597 magna
1821 3566 1835 3591 ,
1868 3524 2139 3581 luminare
2168 3524 2345 3579 maius
2373 3532 2436 3579 ut
2476 3533 2757 3595 praeesset
2783 3520 2901 3581 diei,

377 3620 439 3667 et
466 3610 739 3668 luminare
767 3614 978 3678 minuS,
1012 3622 1075 3669 ut
1102 3622 1381 3685 praeesset
1407 3614 1580 3681 nocti,
1615 3621 1670 3667 et
1699 3612 1887 3668 stellas
1914 3630 1936 3664 ι
1967 3612 2132 3683 (Gen.
2167 3614 2333 3682 me),
2362 3628 2467 3668 nec
2491 3612 2538 3667 si
2561 3614 2726 3669 Iosue
2748 3610 2899 3667 solem

382 3708 549 3756 stare
591 3700 749 3755 iussit
796 3700 925 3773 (los.
975 3707 1157 3773 10‚12)
1203 3710 1298 3757 aut
1340 3702 1700 3758 Ecclesiastcs
1745 3701 1917 3755 solem
1957 3699 2091 3754 oriri
2127 3707 2184 3755 et
2228 3698 2482 3755 occidere
2519 3708 2574 3755 et
2603 3700 2692 3757 ad
2731 3699 2898 3755 locum

378 3804 553 3842 suum,
598 3791 821 3845 reverti
857 3789 999 3844 dixit
1038 3790 1249 3857 (Eccle.
1294 3791 1401 3858 1,5)
1432 3797 1566 3859 etc.;
1607 3786 1804 3844 eodem
1853 3786 2001 3842 enim
2035 3786 2204 3842 modo
2249 3787 2423 3843 locuti
2460 3796 2590 3843 sunt
2625 3788 2902 3857 scriptores

380 3876 553 3941 sacri,
597 3892 707 3947 quo
744 3892 848 3933 nos
887 3876 1135 3948 quotidie
1166 3877 1464 3948 loquimur,
1499 3892 1604 3931 nec
1648 3874 1984 3947 professores
2030 3872 2398 3930 astronomiae
2441 3884 2688 3947 egerunt.
2731 3876 2902 3941 Neque

380 3964 693 4035 mirabitur,
722 3965 769 4019 si
790 3966 847 4021 in
881 3965 1035 4021 libris
1061 3964 1295 4037 poeticis
1317 3980 1501 4023 sermo
1522 3972 1606 4019 est
1633 3962 1703 4018 de
1737 3963 1907 4018 coelis
1937 3981 1964 4012 (ι
1995 3959 2361 4030 solidissimiS‚
2392 3962 2551 4034 quasi
2572 3978 2700 4018 aere
2729 3959 2850 4015 fusis
2877 3976 2896 4003 ν

380 4052 522 4117 (lob.
554 4052 758 4123 26,11),
792 4052 861 4108 de
894 4074 919 4105 α
947 4052 1219 4109 columnis
1246 4052 1389 4108 coeli
1414 4071 1467 4115 n,
1495 4051 1566 4107 de
1595 4070 1621 4103 α
1642 4049 1900 4120 nubibuS,
1929 4048 2132 4121 quibus
2153 4048 2434 4105 invehitur
2455 4049 2728 4105 Dominus
2751 4066 2778 4099 n
2804 4052 2896 4099 ete.

455 4187 513 4244 3.
550 4217 627 4227 —
654 4186 753 4245 ΙΙΙ.
789 4185 957 4246 Libri
987 4190 1143 4246 sacri
1178 4188 1496 4246 Ecctnsmn
1537 4200 1783 4245 ‘rasum
1819 4198 1970 4242 suu-r
2011 4182 2392 4242 custodiendi
2426 4188 2487 4243 ec
2523 4190 2891 4242 ssxpmcinm.

376 4287 761 4359 quapropter
784 4284 851 4341 in
878 4284 954 4343 iis
982 4282 1367 4361 exponendis
1395 4282 1707 4359 interpres
1733 4297 1806 4340 ea
1823 4326 1838 4353 ‚
1868 4296 2028 4357 quae
2055 4279 2132 4339 de
2157 4295 2374 4339 eorum
2399 4275 2894 4355 interpretatione

378 4378 591 4437 statuit
620 4379 922 4452 Ecclesia,
960 4396 1211 4457 semper
1240 4388 1387 4457 prae
1419 4378 1620 4439 oculis
1649 4377 1876 4437 habeat
1904 4379 2174 4454 oportet.

446 4474 675 4543 Magnas
694 4472 919 4551 quidem
936 4483 1121 4545 partes
1139 4474 1582 4544 interpretationi
1603 4470 2282 4546 grammatico-historicae
2302 4468 2604 4526 concedere
2626 4466 2886 4523 debemus.

378 4560 615 4615 maiores
660 4569 844 4616 autem
889 4561 1328 4633 interpretationi
1375 4560 1701 4617 catholicae.
1756 4562 1819 4617 ln
1850 4558 2186 4631 explicandis
2223 4558 2372 4615 enim
2408 4555 2726 4628 ScripturiS,
2747 4547 2819 4605 uti
2841 4545 2886 4599 in

372 4647 628 4703 omnibus
655 4648 838 4717 rebus,
873 4664 1014 4720 quae
1038 4650 1107 4705 ad
1139 4648 1304 4705 fidem
1336 4658 1615 4720 spectant,
1646 4647 1918 4705 infallibili
1949 4648 2222 4705 Ecclesiae
2249 4645 2565 4719 magisterio
2595 4646 2886 4715 supremum
