3050 5184
925 352 1154 402 1¹13st
1196 351 1474 396 annuunt
1519 351 1817 396 msromA.
2558 329 2631 389 61

149 489 196 542 et
229 484 692 562 insequentibus
721 484 988 545 saeculis
1012 485 1210 545 textui
1241 501 1417 545 sacro
1446 483 1692 557 addita;
1730 508 1759 537 α
1789 484 2004 560 itaque
2033 497 2401 560 possumus,
2433 479 2635 555 inquit

147 581 544 652 &Harmina-5,
571 585 830 659 puncta,
865 581 917 640 si
943 581 1267 654 volumuS,
1299 580 1629 641 detrahere
1658 583 1721 640 et
1748 579 1928 640 aliter
1953 578 2159 656 legere
2193 599 2247 635 ».

199 691 366 749 ludaei
391 692 764 750 inventionem
801 691 1158 766 punctorum,
1192 692 1389 766 quibus
1429 693 1825 749 vocabulorum
1862 689 2238 763 pronuntiatio
2280 698 2445 761 atque
2489 686 2633 743 haud

143 795 240 835 raro
277 781 434 836 etiam
482 795 675 837 sensus
712 781 988 846 definitur,
1027 782 1206 854 Moysi
1242 789 1340 836 aut
1382 782 1582 838 saltem
1628 778 1835 836 Esdrae
1880 779 2014 834 olim
2057 777 2453 844 attribuerunt,
2492 776 2635 830 inter

142 883 294 924 omnes
317 877 502 925 autem
525 867 693 924 hodie
716 876 950 936 constat,
985 877 1186 939 puncta
1216 868 1420 924 vocalia
1447 885 1478 924 a
1507 867 1753 924 rabbinis
1790 883 1935 923 saec.
1981 873 2035 922 6.
2072 875 2128 922 et
2154 873 2205 920 7.
2241 883 2295 937 p.
2336 864 2469 920 Chr.
2516 878 2633 918 esse

140 955 339 1024 inventa,
369 965 430 1012 ut
471 956 982 1026 pronuntiationem
1023 972 1089 1011 eo
1118 965 1367 1026 tempore
1400 956 1664 1012 usitatam
1693 955 2247 1027 explicationemque,
2280 953 2335 1009 in
2366 960 2633 1024 quantum

141 1041 192 1097 ab
211 1043 288 1099 illa
327 1043 624 1114 dependet,
655 1043 911 1099 stabilem
953 1043 1274 1112 redderent,
1307 1044 1483 1100 textui
1510 1059 1668 1098 sacro
1706 1051 1890 1098 autem
1932 1058 2048 1098 non
2082 1042 2189 1096 nisi
2226 1055 2369 1096 saec.
2402 1046 2453 1096 8.
2494 1048 2551 1094 et
2576 1045 2629 1094 9.

142 1143 230 1185 esse
251 1130 446 1186 addita.
481 1132 762 1202 Antiquae
788 1131 1064 1187 versiones
1082 1147 1274 1187 omnes
1294 1147 1361 1186 ex
1388 1129 1666 1188 codicibus
1682 1174 1695 1200 ,
1727 1130 1819 1203 qui
1846 1129 2015 1203 signis
2042 1128 2320 1186 vocalibus
2346 1127 2629 1195 carebant,

143 1226 236 1272 sunt
257 1218 575 1287 adornatae,
612 1218 937 1290 atque-hinc
973 1234 1087 1275 non
1123 1233 1329 1291 paucae
1369 1219 1716 1290 explicantur
1748 1217 2107 1286 differentiae,
2155 1233 2297 1289 quae
2332 1217 2477 1271 inter
2512 1215 2635 1270 illas

145 1301 538 1378 hodiernumque
561 1315 780 1362 textum
799 1305 1116 1362 hebraicum
1139 1306 1438 1375 habentur,
1471 1322 1572 1378 pro
1596 1307 1744 1362 varia
1768 1306 1917 1362 enim
1937 1305 2382 1378 pronuntiatione
2405 1302 2631 1359 caedem

151 1411 464 1460 consonantes
491 1403 644 1458 varia
674 1401 1005 1474 significant.
1045 1423 1070 1454 ιι
1102 1402 1348 1459 Verbum
1387 1402 1716 1459 hebraicum
1745 1407 1884 1466 ἾΞἹ,
1914 1401 2093 1474 inquit
2126 1404 2185 1458 S.
2216 1405 2629 1472 Hieronymus,

153 1488 252 1556 quod
271 1490 442 1546 tribus
459 1491 638 1546 literis
665 1490 939 1560 scribitur,
961 1489 1184 1559 Daleth,
1207 1490 1366 1560 Beth,
1388 1493 1530 1556 Res,
1552 1521 1623 1532 --
1642 1491 1861 1546 vocales
1880 1489 2028 1545 enim
2044 1490 2101 1546 in
2122 1488 2309 1544 medio
2330 1504 2443 1543 non
2467 1487 2633 1544 habet

149 1603 192 1614 -
209 1592 296 1648 pro
317 1577 712 1650 consequentia
742 1587 798 1632 et
825 1577 1051 1650 legentis
1080 1577 1330 1647 arbitrio,
1362 1579 1410 1634 si
1429 1577 1648 1650 legatur
1671 1577 1893 1646 dabar,
1923 1593 2245 1634 sermonem
2270 1574 2559 1648 significat,
2581 1576 2626 1626 si

146 1661 290 1735 deber,
319 1671 591 1734 mortem,
619 1667 667 1721 si
688 1665 890 1734 daber,
923 1665 1157 1738 loquere
1185 1687 1236 1734 w,
1266 1674 1432 1738 atque
1459 1665 1667 1722 addere
1694 1665 1870 1737 potuit
1899 1687 1912 1721 ι
1940 1665 1987 1721 si
2014 1663 2215 1732 dober,
2246 1679 2554 1738 pascuum,
2581 1665 2630 1717 si

145 1749 302 1822 dabir,
330 1753 587 1825 adytum
611 1753 842 1825 templi,
872 1753 918 1809 si
946 1753 1200 1817 ἀτιὸὁαν,
1227 1754 1459 1810 dictum
1485 1760 1570 1810 est
1614 1762 1719 1810 etc.
1772 1756 1891 1809 Iam
1933 1768 2062 1809 vero
2090 1752 2305 1809 rabbini
2345 1752 2437 1807 isti
2462 1747 2632 1808 tradi-

143 1838 302 1895 tionem
318 1841 600 1898 iudaicam
622 1857 767 1897 suae
785 1844 1006 1898 aetatis
1029 1842 1307 1897 vocalibus
1325 1840 1492 1915 signis
1519 1849 1925 1914 expresserunt,
1958 1851 2015 1896 at
2046 1841 2184 1896 haec
2204 1856 2320 1896 non
2338 1847 2525 1895 tantae
2548 1847 2631 1894 est

144 1929 455 1999 auctoritatis,
488 1937 554 1985 ut
587 1944 710 1984 eam
737 1943 952 2000 semper
978 1929 1219 1985 retinere
1247 1927 1576 1998 debeamus,
1603 1944 1708 1985 nec
1738 1927 2039 2000 quidquam
2054 1926 2315 2001 impedit,
2338 1929 2631 1999 quominus

141 2027 233 2068 eam
258 2015 634 2088 relinquamus
673 2024 839 2089 atque
873 2026 970 2072 aut
1009 2031 1138 2073 cum
1165 2017 1401 2090 antiquis
1439 2015 1830 2088 interpretibus
1865 2024 2080 2072 textum
2126 2017 2541 2089 pronuntiemus
2576 2023 2631 2070 et

142 2100 461 2174 explicemus,
485 2113 590 2161 aut
619 2105 786 2160 aliam
813 2104 1318 2175 pronuntiationem
1348 2113 1406 2160 et
1441 2105 1861 2176 explicationem
1889 2106 2063 2159 textui
2101 2104 2275 2176 magis
2312 2103 2630 2174 adaptatam

143 2202 441 2258 quaeramus,

192 2279 558 2336 Animadverte
608 2295 856 2352 quoque,
908 2280 1112 2349 primos
1157 2279 1374 2336 codices
1419 2279 1781 2353 probabiliter
1820 2281 2077 2336 continua
2119 2280 2259 2336 serie
2303 2279 2420 2336 sine
2466 2295 2630 2335 voca-

142 2359 354 2422 bulorum
405 2366 805 2440 phrasiumque
863 2366 1216 2424 distinctione
1270 2366 1435 2424 fuisse
1489 2368 1722 2441 scriptos
1767 2376 1933 2440 atque
1988 2369 2255 2425 nonnulla
2305 2365 2629 2439 compendia

141 2452 406 2522 scriptionis
431 2455 804 2522 continuisse,
832 2471 1092 2512 numeros
1115 2464 1302 2512 autem
1340 2454 1509 2512 literis
1535 2455 1913 2512 numeralibus
1938 2457 2290 2528 expressisse.
2329 2456 2457 2512 Alio
2485 2455 2631 2512 enim

143 2539 275 2595 modo
309 2543 517 2615 antiqui
555 2543 888 2616 interpretes
914 2542 1182 2599 vocabula
1220 2543 1478 2600 hebraica
1506 2541 1869 2599 distinxerunt
1897 2541 2000 2611 (cfr
2036 2559 2120 2598 ex.
2164 2561 2247 2616 gr.
2287 2547 2377 2600 Ps.
2408 2549 2530 2613 4,a;
2561 2549 2631 2599 43

143 2624 279 2699 [44],5
313 2640 415 2686 etc.
455 2646 590 2687 cum
630 2631 880 2686 versione
921 2630 1294 2698 alexandrina)
1325 2639 1381 2687 et
1421 2631 1747 2703 compendia
1793 2631 2101 2704 scriptionis
2140 2641 2485 2703 agnoverunt
2531 2631 2632 2699 (cir

145 2727 208 2768 ex.
240 2731 314 2787 gr.
349 2722 470 2773 Ion.
514 2723 636 2787 1,9;
676 2722 790 2774 Ier.
827 2724 984 2787 6,11;
1021 2723 1098 2774 Is.
1139 2723 1267 2786 53‚8
1305 2727 1413 2774 etc.
1443 2734 1573 2774 cum
1600 2733 1740 2775 vers.
1773 2718 1959 2786 alex.).
1989 2719 2336 2790 Quapropter
2361 2721 2533 2776 iustas
2560 2718 2631 2775 ob

145 2814 298 2859 causas
316 2804 472 2862 nobis
514 2821 737 2880 quoque
767 2807 896 2862 licet
921 2821 956 2862 a
987 2806 1188 2862 tradita
1212 2807 1609 2862 vocabulorum
1634 2805 1979 2878 separatione
2020 2804 2303 2862 interdum
2342 2807 2629 2876 recedere,

145 2897 190 2942 ut
212 2895 486 2962 genuinum
516 2893 664 2951 sacri
704 2894 987 2965 scriptoris
1023 2909 1246 2950 sensum
1279 2894 1643 2951 inveniamus.
1673 2895 1866 2962 Magni
1899 2902 2086 2950 autem
2121 2895 2389 2950 momenti
2425 2903 2526 2965 est,
2570 2904 2631 2951 ut

147 2975 202 3030 ad
221 2977 340 3036 baec
373 2983 562 3039 omnia
589 2981 858 3050 attendat,
890 2983 985 3054 qui
1013 2981 1348 3039 differentias
1374 2982 1518 3040 inter
1541 2991 1755 3039 textum
1790 2982 2112 3040 hebraicum
2135 2991 2192 3039 et
2218 2983 2472 3056 antiquas
2506 2999 2628 3039 ver-

146 3063 290 3123 sioues
310 3069 614 3143 intelligere
641 3078 697 3126 et
723 3069 993 3141 explicare
1017 3070 1154 3127 vult.

779 3292 814 3378 §
841 3296 906 3358 2.
939 3328 1029 3340 —
1063 3293 1302 3358 Textus
1327 3290 1631 3358 hebraici
1650 3291 1951 3359 hestoria.

212 3489 260 3547 l.
281 3523 352 3535 -
380 3495 457 3554 Ut
482 3492 776 3554 hodierni
812 3497 1017 3554 textus
1049 3493 1321 3555 hebraici
1352 3495 1493 3571 quis
1532 3495 1613 3553 sit
1644 3499 1842 3556 status
1873 3498 1938 3555 et
1970 3513 2132 3575 quae
2160 3498 2497 3558 auctoritas
2536 3515 2635 3558 co·

151 3593 456 3662 gnoscatun
481 3591 550 3651 in
575 3591 713 3651 eius
739 3590 1070 3651 historiam
1093 3591 1440 3670 inquiratur
1461 3607 1717 3652 necesse
1740 3597 1864 3664 est,
1890 3609 2051 3670 quae
2077 3593 2287 3667 docet,
2312 3596 2631 3672 quomodo

155 3673 381 3745 humana
407 3685 744 3764 fragilitate
776 3690 841 3746 et
869 3687 1252 3765 negligentia
1288 3687 1613 3764 paullatim
1642 3688 1728 3749 sit
1755 3687 2139 3750 deformatus
2180 3695 2243 3750 et
2268 3691 2422 3768 quid
2446 3692 2631 3752 variis

156 3775 494 3854 temporibus
517 3783 600 3843 ad
628 3783 764 3844 eius
791 3785 1130 3861 puritatem
1154 3783 1609 3845 restituendam
1636 3785 1717 3844 sit
1745 3785 2137 3863 praestitum.

160 3970 168 3978 .
211 3906 232 3936 c
265 3891 624 3952 Librariorum
663 3894 1080 3952 dormitantium
1111 3917 1136 3946 n
1178 3895 1426 3952 socordia
1469 3904 1524 3952 et
1565 3895 1893 3969 negligentia
1934 3907 2099 3971 atque
2132 3921 2157 3950 α
2194 3911 2631 3970 praesumtorum

159 3979 486 4044 tmpentorum
515 4005 540 4034 ι
574 3983 883 4056 corrigendi
926 3982 1146 4040 libidine
1174 3999 1358 4040 sacros
1387 3983 1603 4042 codices
1643 3986 1843 4042 latinos
1871 3995 2159 4058 corruptos
2188 4003 2333 4059 esse,
2362 4005 2461 4044 suo
2489 3998 2630 4044 tem-

162 4072 262 4126 l¹⁰re
282 4079 602 4142 conquestus
629 4080 711 4128 est
737 4074 795 4128 S.
835 4073 1208 4143 Hieronymus
1249 4071 1338 4139 (ad
1367 4073 1532 4128 Dam.
1562 4072 1741 4129 Praei.
1780 4074 1838 4129 in
1866 4076 2095 4147 Evang.)
2126 4084 2290 4146 atque
2326 4077 2477 4132 omni
2518 4075 2633 4132 sere

163 4153 364 4220 1wipere
386 4155 454 4214 de
479 4159 726 4216 omnium
753 4159 1066 4232 linguarum
1090 4159 1372 4216 codicibus
1392 4161 1659 4232 conqueri
1686 4170 1982 4233 potuerunt
2003 4164 2347 4235 interpretes
2380 4166 2457 4220 Ea
2487 4165 2631 4222 enim

165 4243 228 4288 δί
247 4237 460 4303 humana
487 4245 772 4320 fragilitas,
805 4257 868 4304 ut
894 4247 1124 4314 librarii,
1154 4249 1254 4304 etsi
1286 4263 1478 4304 omnes
1507 4251 1701 4305 attenti
1726 4258 1784 4308 ct
1809 4250 2007 4306 eruditi
2037 4250 2292 4321 fuissent,
2325 4268 2515 4310 omnes
2542 4270 2633 4310 er-

167 4334 286 4380 rores
317 4329 368 4387 in
403 4333 828 4392 transcribendis
865 4335 1017 4392 libris
1065 4336 1269 4392 evitare
1305 4351 1416 4392 non
1458 4338 1791 4409 potuissent,
1835 4348 1892 4394 at
1918 4353 2020 4394 nec
2060 4340 2257 4394 attenti
2296 4355 2399 4397 nec
2437 4340 2635 4399 eruditi

169 4421 318 4506 qmuoe
335 4431 508 4492 erant,
539 4423 706 4479 immo
739 4422 891 4490 haud
916 4424 1076 4496 pauci
1103 4439 1324 4497 quoque
1355 4425 1510 4480 scioli
1537 4423 1973 4496 inveniebantur,
2002 4426 2094 4498 qui
2117 4427 2267 4483 iuxta
2303 4445 2463 4485 suum
2491 4430 2631 4487 iudi·

169 4509 282 4555 emm
300 4513 346 4560 et
365 4508 640 4568 arbitrium
657 4511 771 4580 illa,
796 4527 940 4583 quae
956 4511 1138 4568 minus
1156 4521 1307 4568 recte
1327 4513 1413 4568 vel
1431 4512 1573 4569 bene
1592 4515 1795 4586 scripta
1826 4529 1944 4571 esse
1966 4513 2248 4587 putabant,
2272 4527 2489 4574 mutare
2508 4529 2637 4575 sunt

171 4587 275 4642 ausi.
299 4595 535 4655 Attamen
559 4600 726 4656 etiam
749 4601 900 4657 omni
929 4595 1109 4657 aetate
1143 4600 1563 4658 inveniebantur
1592 4601 1691 4657 viri
1722 4600 1947 4672 eruditi,
1976 4603 2071 4674 qui
2099 4619 2316 4662 summa
2352 4623 2477 4662 cum
2502 4623 2632 4663 cura

173 4679 215 4724 et
227 4678 426 4740 sollertia
449 4687 666 4757 menda,
691 4704 832 4762 quae
851 4689 908 4745 in
928 4689 1096 4746 libros
1117 4704 1304 4746 sacros
1321 4690 1605 4762 irrepsisse
1629 4689 1905 4761 viderunt,
1934 4691 2209 4765 corrigere
2228 4702 2395 4768 atque
2421 4699 2632 4752 textum
