3050 5184
397 297 473 343 ΒΕ
513 298 829 345 nummu
873 299 1186 346 sncvmmu
1226 300 1612 346 turmarum
1653 301 1975 345 PnnnTWA
2017 300 2259 347 LINGUA.
2479 282 2586 343 461

90 435 283 483 textum
325 429 547 497 vidisse,
578 433 795 489 nullam
817 433 1107 490 ecclesiam
1134 433 1233 489 illo
1262 448 1381 489 esse
1422 448 1610 503 usam3
1641 441 1889 489 attamen
1916 434 2054 489 haec
2081 448 2310 489 erronee
2347 446 2594 487 asserun-

86 524 181 570 tur.
211 518 447 573 Tantum
484 520 631 575 enim
667 519 822 576 abest
836 564 851 591 ‚
882 529 947 576 ut
970 522 1193 577 nullum
1220 520 1341 576 eius
1374 520 1666 593 vestigium
1707 521 1764 577 in
1809 520 2134 592 antiquitate
2173 518 2504 585 inveniatur,
2535 527 2596 573 ut

86 610 253 658 textus
280 603 569 661 hebraicus
592 622 769 679 usque
791 608 861 663 ad
892 623 1039 665 saec.
1070 613 1126 664 5.
1152 609 1209 663 in
1232 623 1427 664 eorum
1454 607 1924 677 Christianorum,
1951 608 2045 679 qui
2068 606 2328 663 hebraico
2352 605 2494 661 libro
2515 606 2598 661 uti

87 698 396 760 potuerunt,
448 709 553 749 usu
596 694 860 750 continno
904 695 1090 751 fuerit.
1132 697 1390 767 Namque
1424 693 1807 752 Ebionitarum
1851 703 1908 749 et
1945 696 2356 751 Nazaraeorum
2394 701 2594 759 sectae,

85 792 213 847 quae
262 787 389 850 post
444 782 910 854 ierosolymorum
960 782 1394 839 destructionem
1442 797 1509 839 ex
1561 782 1786 855 antiqua
1833 782 2060 839 ecelesia
2105 781 2600 838 iudaeochristiana

86 874 295 921 exortae
342 876 500 933 sunt,
544 868 903 942 Evangelium
945 872 1001 927 S.
1052 871 1324 927 Matthaei
1368 869 1723 937 hebraicum,
1767 868 1917 943 quod
1969 884 2212 941 eousque
2258 868 2602 943 ierosolymis

86 950 378 1009 adhibitum
418 964 565 1023 erat,
612 956 987 1027 retinuerunt,
1019 958 1117 1015 sed
1154 975 1257 1030 pro
1288 958 1692 1014 haereticorum
1719 973 1878 1013 more
1915 958 2328 1013 mutilaverunt.
2374 955 2442 1012 Id
2485 955 2599 1011 evi-

85 1038 260 1096 denter
300 1041 484 1099 elucet
528 1060 597 1099 ex
639 1048 697 1100 S.
729 1049 958 1100 Irenaeo·
999 1046 1069 1118 (c.
1112 1047 1286 1102 Haer.
1319 1049 1365 1101 1.
1398 1052 1519 1112 26),
1549 1045 1790 1102 Eusebii
1829 1045 1919 1110 (Η.
1949 1046 2015 1101 Ε.
2057 1046 2158 1100 111.
2200 1049 2320 1113 27),
2351 1044 2410 1099 S.
2449 1045 2600 1116 Epi-

84 1128 281 1197 ρΙιαπίἰ
310 1130 503 1201 (Haer.
533 1137 681 1198 30,3.
713 1138 807 1199 13;
837 1135 987 1203 29,9)
1006 1176 1019 1201 ,
1052 1134 1112 1189 S.
1142 1134 1487 1204 Hieronymi
1516 1132 1605 1199 (de
1632 1134 1750 1188 Vir.
1781 1133 1862 1188 ill.
1891 1139 1946 1188 2.
1989 1138 2052 1199 ὃς
2096 1132 2153 1187 in
2181 1132 2381 1187 Matth.
2411 1137 2598 1200 1213,

88 1232 127 1269 e.
152 1217 338 1284 Pelag.
376 1219 479 1273 111.
512 1224 565 1285 2)
596 1219 953 1289 testimoniis3
985 1220 1161 1276 immo
1188 1222 1244 1277 S.
1276 1220 1622 1292 Epiphanius
1653 1219 2062 1276 Ebionaeorum
2095 1219 2298 1276 librum
2333 1220 2390 1274 in
2431 1220 2602 1275 mani-

88 1304 171 1357 bus
198 1304 397 1361 habuit
421 1314 479 1362 et
514 1308 570 1363 S.
602 1308 974 1381 Hieronymus
1020 1310 1433 1365 Nazaraeorum
1475 1307 1834 1380 Evangelium
1876 1322 2071 1379 graece
2113 1315 2168 1361 et
2207 1306 2376 1363 latine
2421 1307 2600 1362 vertit.

86 1390 225 1460 Quod
271 1408 409 1447 vero
454 1394 795 1466 archetypon
841 1394 1163 1451 hebraicum
1210 1412 1326 1451 non
1370 1396 1444 1451 sit
1488 1402 1902 1463 conservatum,
1949 1393 2012 1449 id
2055 1408 2169 1450 non
2208 1394 2329 1465 plus
2369 1392 2602 1449 admira-

86 1478 229 1533 tionis
272 1479 476 1549 habet,
522 1496 689 1553 quam
744 1482 896 1555 quod
949 1481 1187 1539 aliorum
1246 1483 1517 1539 librorum
1575 1498 1864 1539 sacrorum
1926 1480 2331 1553 (Ecclesiastici,
2377 1481 2603 1547 Tobiae,

90 1566 253 1622 Iudith
282 1572 421 1639 etc.)
449 1568 751 1641 archetypa
780 1570 1071 1641 perierint,
1108 1571 1214 1625 nisi
1245 1570 1438 1626 ludaei
1465 1570 1626 1626 nobis
1653 1586 1746 1627 eas
1780 1577 2222 1635 conservassent,
2253 1568 2605 1640 probabiliter

90 1670 259 1709 omnes
282 1654 580 1712 hebraicae
608 1658 926 1729 scripturae
954 1658 1065 1713 iam
1096 1656 1310 1714 dudum
1338 1658 1660 1730 deperditae
1681 1666 1884 1715 essent.

150 1808 203 1866 8.
231 1837 311 1851 -
340 1808 397 1866 A
416 1823 542 1884 quo
566 1808 1016 1887 primigenium
1038 1810 1443 1887 Evangelium
1466 1809 1530 1869 S.
1556 1809 1848 1871 Matthaei
1867 1826 2086 1888 graece
2107 1810 2191 1869 sit
2209 1810 2600 1881 translatum,

88 1902 419 1977 ignoratum
453 1907 695 1964 certum
724 1908 936 1965 autem
966 1910 1093 1980 est,
1116 1922 1403 1983 graecam
1436 1906 1571 1967 eius
1602 1906 1960 1966 versionem
1990 1906 2113 1965 iam
2141 1905 2482 1984 apostolica
2507 1922 2604 1965 ae-

88 2002 191 2058 tate
220 2016 365 2059 esse
394 1999 759 2061 adornatam
788 2005 851 2061 et
878 2002 1133 2079 publica
1160 2018 1302 2063 cum
1332 2003 1702 2063 auctoritate
1730 2001 2078 2062 adhibitam
2099 2048 2113 2075 ,
2140 2003 2227 2062 ita
2255 1998 2324 2062 'ut
2351 2001 2605 2063 authen-

87 2094 191 2153 tica
216 2094 453 2156 merito
480 2097 805 2157 habeatur.

145 2218 218 2269 De
244 2218 551 2288 interprete
578 2220 791 2289 antiqui
816 2222 1011 2275 Patres
1036 2220 1179 2275 nihil
1202 2220 1459 2287 tradunt;
1490 2222 1736 2277 iuniores
1763 2220 2054 2277 dumtaxat
2078 2230 2176 2277 aut
2199 2221 2482 2277 Iacobum
2499 2218 2604 2275 fra·

84 2312 209 2358 trem
237 2304 475 2359 Domini
502 2308 618 2371 (Ps.
646 2307 895 2375 Athan„
924 2324 1052 2363 eum
1076 2308 1359 2365 nonnullis
1395 2307 1558 2364 codd.
1600 2314 1807 2380 graec.)
1841 2316 1938 2365 aut
1971 2312 2252 2363 Ioannem
2279 2309 2604 2379 Apostolum

87 2390 409 2465 triceoplzyl.
452 2407 579 2448 cum
625 2394 745 2450 aliis
792 2394 955 2450 codd.
1007 2401 1117 2465 gr.)
1145 2397 1457 2465 nominant,
1500 2396 1758 2452 moderni
1796 2396 1967 2468 aliqui
2010 2396 2190 2469 ipsum
2235 2396 2604 2452 Matthaeum

86 2480 431 2552 Evangelium
460 2496 623 2536 suum
664 2498 777 2537 non
806 2492 923 2537 tam
968 2500 1165 2555 graece
1196 2484 1426 2539 vertisse
1473 2500 1644 2555 quam
1685 2493 2012 2540 retractasse
2050 2484 2370 2540 coniiciunt.
2400 2486 2606 2539 Verum

86 2581 191 2622 cum
215 2569 269 2624 S.
302 2568 650 2641 Hieronymo
680 2568 771 2637 (de
798 2570 918 2625 Vir.
959 2570 1041 2626 ill.
1075 2577 1127 2639 3)
1170 2569 1407 2627 fatentes
1440 2592 1465 2623 α
1495 2587 1611 2627 non
1653 2573 1783 2627 satis
1813 2580 2028 2627 certum
2055 2587 2195 2640 esse,
2226 2571 2348 2642 quis
2383 2570 2523 2627 illud
2549 2571 2606 2625 in

86 2670 325 2723 graecum
354 2657 703 2711 transtulerit
732 2678 783 2725 n,
816 2673 916 2728 pro
946 2668 1098 2714 certo
1122 2660 1437 2727 asserimuS,
1472 2659 1779 2715 versionem
1817 2659 2118 2732 apostolica
2143 2666 2323 2715 aetate
2348 2674 2466 2713 esse
2491 2658 2604 2713 sac-

86 2750 209 2808 tam;
239 2742 299 2799 id
338 2744 495 2799 enim
528 2745 676 2800 clare
704 2744 908 2801 docent
932 2754 1117 2802 textus
1147 2747 1214 2802 ab
1244 2746 1563 2817 apostolicis
1591 2747 1870 2815 Patribus,
1901 2748 2184 2803 Clemente
2213 2748 2399 2814 Rom.‚
2439 2748 2605 2817 lgna-

84 2830 163 2895 tio‚
192 2832 529 2903 Polycarpo,
562 2842 785 2888 auctore
814 2836 1117 2890 Doctrinae
1140 2838 1335 2905 Apost.
1377 2834 1633 2903 adhibiti,
1665 2834 1762 2906 qui
1800 2843 2018 2891 textum
2053 2842 2304 2890 nostrum
2345 2848 2604 2905 graecum

84 2928 419 2989 supponunt3
452 2917 510 2973 id
538 2936 758 2991 quoque
788 2922 969 2977 elucet
995 2936 1061 2977 ex
1089 2924 1146 2979 S.
1174 2922 1373 2991 Papiae
1401 2923 1716 2977 testimonio
1744 2921 1932 2993 allato,
1959 2922 2058 2994 qui
2084 2921 2272 2977 dicens
2303 2942 2316 2975 :
2348 2942 2374 2973 α
2406 2929 2605 2978 tran-s·-

84 3006 201 3062 tulit
238 3006 559 3077 (ἡρμήνευσε)
590 3008 683 3064 illa
714 3008 1116 3081 unusquisque,
1147 3019 1313 3081 prout
1342 3010 1523 3081 potuit
1557 3029 1610 3078 a,
1642 3009 1899 3077 ostendit,
1935 3025 2038 3066 suo
2063 3018 2314 3081 tempore
2345 3024 2458 3064 non
2485 3024 2606 3063 am-

86 3093 211 3161 plius
238 3110 702 3167 unumquemque
730 3095 833 3151 sibi
863 3096 1044 3168 ipsum
1084 3097 1394 3153 versionem
1440 3097 1762 3165 adornasse,
1794 3112 1926 3169 ergo
1971 3113 2140 3153 unam
2177 3095 2437 3165 adfuisse,
2468 3112 2607 3167 quae

82 3179 143 3233 ab
169 3182 429 3237 omnibus
456 3192 676 3254 recepta
704 3200 806 3255 pro
836 3184 1157 3239 authentica
1188 3184 1513 3241 habebatur.
1537 3186 1706 3241 Cuius
1733 3184 2164 3241 authenticitatis
2189 3185 2332 3241 ratio
2355 3184 2412 3239 in
2439 3200 2506 3240 eo
2535 3186 2608 3239 vi·

82 3266 232 3323 detur
261 3268 610 3341 quaerenda,
642 3270 793 3343 quod
827 3272 1005 3327 versio
1035 3272 1130 3328 illa
1169 3288 1199 3327 a
1230 3272 1720 3344 persona‘publica
1750 3273 1820 3328 sit
1851 3271 2024 3341 facta,
2054 3271 2416 3343 improbabile
2441 3272 2608 3344 igitur

84 3370 184 3411 non
211 3366 316 3426 est,
352 3358 681 3430 Apostolum
710 3358 957 3431 aliquem
980 3358 1145 3415 fuisse
1174 3360 1552 3431 interpretem,
1584 3369 1750 3432 atque
1779 3360 1882 3415 hac
1907 3360 2118 3415 ratione
2140 3358 2353 3415 facilius
2381 3360 2610 3431 explica-

82 3450 181 3514 tur,
197 3460 296 3502 eur
314 3445 615 3501 Christiani
633 3445 909 3503 minorem
928 3446 1237 3519 primigenii
1248 3456 1433 3503 textus
1452 3463 1644 3503 curam
1660 3447 2099 3503 habentesillum
2117 3447 2343 3503 interire
2362 3447 2606 3505 siverint.

508 3712 519 3727 ι
546 3658 815 3715 Qmmsno
835 3659 927 3707 IV.
954 3684 1019 3695 —
1044 3660 1121 3707 De
1152 3660 1483 3707 destinatione
1502 3666 1554 3707 et
1579 3661 1676 3706 fine
1698 3660 1844 3719 primi
1865 3660 2136 3719 Evangelii.

152 3852 210 3909 9.
238 3886 319 3895 --
347 3852 527 3922 Quod
556 3852 663 3913 SS.
698 3855 914 3913 Patres
945 3854 1231 3924 tradunt,
1266 3854 1325 3914 S.
1364 3854 1748 3914 Matthaeum
1781 3876 1810 3909 «
1853 3855 2256 3933 Evangelium
2295 3859 2360 3913 in
2395 3852 2612 3913 Iudaea

88 3944 343 4007 hebraeo
375 3965 666 4009 sermone
696 3949 969 4027 edidisse
1001 3949 1074 4008 ob
1104 3968 1305 4009 eorum
1336 3953 1433 4009 vel
1460 3958 1724 4011 maxime
1752 3970 1994 4011 causam
2008 3995 2028 4025 ‚
2057 3957 2164 4031 qui
2191 3954 2254 4009 in
2279 3948 2471 4009 lesum
2495 3966 2614 4009 cre-

86 4040 359 4103 diderant
386 4060 465 4103 ex
494 4044 733 4107 Iudaeis
764 4068 793 4101 ι
833 4044 923 4125 (S.
956 4044 1176 4125 Ilien),
1212 4046 1275 4106 id
1308 4050 1438 4106 tota
1467 4046 1610 4107 libri
1640 4047 1851 4107 indole
1882 4049 2065 4125 plane
2095 4048 2518 4105 confirmatur.

150 4163 357 4221 Eodem
386 4166 585 4234 modo,
614 4184 725 4239 quo
748 4170 804 4225 S.
838 4170 1233 4239 Hieronymus
1263 4168 1341 4237 (in
1368 4168 1574 4224 Matth.
1601 4170 1786 4237 Prol.·‚
1810 4167 1880 4224 de
1905 4169 2020 4223 Vir.
2057 4166 2134 4222 ill.
2167 4172 2240 4233 3),
2275 4163 2495 4220 Iudaeis
2517 4182 2616 4236 pa-

90 4249 500 4310 laestinensibus
529 4254 597 4310 ad
639 4255 807 4310 fidem
846 4256 1131 4311 conversis
1155 4255 1395 4326 primum
1426 4256 1792 4327 Evangelium
1823 4255 2071 4326 proxime
2099 4251 2434 4308 destinatum
2467 4268 2609 4321 esse,

90 4339 307 4396 tradunt
332 4342 613 4414 Oriqenes
646 4344 722 4411 (in
751 4343 951 4399 Matth.
983 4353 1121 4398 tom.
1156 4342 1250 4416 1.),
1275 4344 1558 4401 Eusebius
1584 4344 1676 4409 (H.
1707 4344 1771 4398 E.
1807 4343 1909 4396 ΙΙΙ.
1942 4344 2056 4409 24),
2081 4342 2135 4397 S.
2175 4342 2617 4411 chrysostomus

96 4426 161 4493 ‘in
188 4429 387 4485 Matth.
419 4430 574 4487 hom.
613 4430 745 4501 1,3),
774 4432 830 4488 S.
865 4432 1197 4503 Greyorz‘us
1222 4435 1369 4488 Naz.
1404 4432 1610 4498 (Carm.
1644 4432 1692 4486 l.
1727 4430 1830 4501 12).
1873 4434 1922 4484 Α
1956 4428 2154 4501 quibus
2192 4430 2370 4500 specie
2405 4430 2613 4499 potiuS,

94 4530 251 4583 quam
276 4532 361 4585 re,
388 4518 646 4574 dissentit
674 4518 731 4574 S.
773 4522 1053 4575 Irenaeus
1084 4520 1329 4593 (Fragm.
1361 4521 1473 4588 29),
1512 4519 1558 4573 si
1587 4519 1814 4573 innuere
1845 4516 2079 4587 videtur,
2109 4516 2442 4573 Iudaeorum
2473 4532 2620 4573 non-

92 4599 217 4658 dum
242 4620 633 4663 conversorum
664 4607 835 4677 gratia
863 4606 1104 4680 primum
1144 4608 1505 4679 Evangelinm
1544 4606 1918 4675 conscriptum
1947 4620 2084 4662 esse.
2118 4606 2352 4662 Nomine
2381 4604 2618 4661 Iudaeo-
