3050 5184
1008 354 1084 398 ns
1125 354 1460 399 rnornmu
1501 355 1756 401 nAnucn.
2538 335 2649 394 401

193 485 514 542 Exordium
550 489 804 556 (1,1-14),
847 488 1124 558 praelecto
1167 486 1278 542 hoc
1317 486 1504 543 libello
1557 501 1745 560 regem
1786 489 2107 546 lechoniam
2152 488 2399 560 aliosque
2441 485 2655 540 exsules

129 584 396 644 permotos
421 591 571 642 esse,
599 585 661 632 ut
698 576 844 632 dona
875 575 1216 648 lerosolyma
1255 576 1541 631 mitterent
1568 576 1755 644 (la-8)
1796 585 2019 646 narrat,
2051 577 2417 647 exsulumque
2450 572 2652 644 episto·

133 662 232 716 lam
260 661 484 720 exhibet
510 665 582 720 de
609 663 888 720 donorum
916 663 1026 719 line
1055 667 1310 730 (1.9-14).

196 755 240 802 1.
261 751 478 823 Populi
485 751 846 826 poenitentis
861 754 1126 824 precatio
1149 753 1193 818 (1
1206 793 1219 818 ,
1232 753 1461 819 15-3,8).
1485 783 1558 792 -
1572 755 1622 808 Α
1640 762 1995 824 peccatorum
2010 751 2648 822 confessione(t,15·22),

361 855 504 910 quae
531 841 684 896 Deus
711 840 906 910 punire
939 837 1133 896 debuit
1162 841 1418 908 (za-10),
1445 840 1771 896 inchoantes
1798 840 2237 897 misericordiam
2272 839 2515 908 divinam
2544 837 2651 893 im-

363 926 578 997 plorant
609 929 896 998 (zu—20).
941 927 1215 984 Iustitiam
1253 925 1454 983 deinde
1495 943 1801 998 poenarum
1831 945 1863 985 a
1890 931 2081 1002 Moyse
2110 929 2221 984 iam
2244 925 2653 999 praedictarum

363 1014 595 1085 professi
625 1017 914 1087 (2,21-29),
945 1023 1169 1087 sperant
1197 1015 1345 1082 fore,
1376 1024 1440 1070 ut
1457 1016 1855 1086 promissiones
1882 1033 2104 1088 quoque
2124 1016 2457 1086 impleantur
2488 1015 2653 1082 (2530-

366 1105 474 1172 35),
506 1102 742 1174 ideoque
770 1106 956 1160 Deum
974 1111 1193 1176 rogant,
1218 1111 1281 1157 ut
1309 1103 1497 1175 populi
1525 1104 1923 1174 poenitentiam
1950 1104 2209 1176 respiciat
2236 1105 2450 1172 (zm-8).

197 1193 243 1242 2.
279 1189 604 1262 Prophetae
645 1190 968 1248 consolatio
1003 1195 1057 1247 et
1092 1191 1438 1247 exhortatio
1478 1197 1745 1260 (3,9-5‚9).
1786 1223 1858 1234 -
1898 1196 1963 1248 ln
2001 1193 2343 1247 calamitates
2375 1191 2655 1246 irruerunt

363 1278 460 1334 filii
487 1279 644 1347 Sion,
680 1278 806 1350 quia
848 1278 1058 1335 fontem
1101 1294 1263 1334 verae
1309 1279 1641 1350 sapientiae,
1689 1295 1832 1351 quae
1872 1279 2131 1336 humanis
2172 1276 2502 1335 adiumentis
2540 1293 2655 1332 non

361 1367 666 1438 acquiritur
694 1366 792 1422 sed
821 1367 878 1421 in
908 1368 1054 1440 Lege
1093 1367 1199 1423 illis
1227 1365 1358 1422 data
1388 1376 1535 1436 erat,
1570 1368 1910 1439 reliquerant
1937 1367 2196 1438 (3‚9·38);
2224 1366 2294 1422 ad
2320 1368 2525 1439 Legem
2550 1365 2654 1438 igi-

362 1461 454 1508 tur
489 1463 839 1511 revertantur
875 1463 1096 1526 oportet
1126 1456 1347 1524 (4‚1-4);
1373 1455 1665 1512 calamitas
1700 1455 1849 1512 enim
1889 1454 1963 1512 ad
1999 1455 2283 1512 interitum
2319 1470 2433 1510 non
2470 1462 2553 1510 est
2579 1455 2646 1522 (4,

358 1544 494 1614 5-8).
527 1543 830 1600 Ierusalem
870 1559 1020 1599 nunc
1063 1542 1285 1615 quidem
1332 1541 1401 1599 de
1441 1543 1573 1598 filiis
1619 1544 1734 1600 suis
1780 1543 2031 1601 abductis
2069 1545 2223 1616 luget
2265 1545 2515 1614 (4,9-16),
2554 1541 2653 1596 sed

359 1630 529 1686 etiam
563 1645 657 1686 eos
694 1632 1030 1698 consolatur,
1071 1631 1198 1702 quia
1236 1631 1501 1687 auxilium
1529 1648 1562 1687 a
1600 1634 1721 1688 Deo
1754 1633 1824 1688 sit
1864 1641 2159 1688 venturum
2207 1631 2448 1699 (4,9·29).
2488 1630 2643 1698 Quae

357 1717 700 1774 confirmans
727 1720 992 1790 propheta
1021 1719 1426 1776 restitutionem
1455 1720 1512 1774 in
1541 1719 1817 1792 integrum
1846 1721 2115 1792 promittit
2144 1719 2459 1790 (4‚30-5‚9).

199 1868 365 1928 Licet
393 1867 554 1929 duae
583 1875 792 1948 partes
821 1869 1022 1930 forma
1047 1886 1157 1930 sua
1187 1869 1669 1946 distinguantur,
1708 1875 1879 1930 tanta
1906 1873 2115 1930 tamen
2141 1874 2239 1929 est
2268 1885 2485 1928 earum
2519 1868 2651 1927 uni-

127 1967 240 2032 tas,
273 1968 345 2025 ut
369 1963 614 2026 duobus
640 1965 1002 2026 auctoribus
1032 1965 1246 2026 deberi
1279 1966 1598 2026 immerito
1629 1966 1942 2027 dicantur.

190 2077 412 2134 Duobus
453 2078 772 2136 auctoribus
817 2079 1070 2136 libellum
1098 2079 1288 2135 deberi
1335 2079 1504 2151 aliqui
1546 2080 1922 2136 rationalistae
1969 2089 2249 2148 asserunt,
2282 2081 2412 2151 quia
2448 2079 2648 2150 prioris

125 2166 284 2234 partis
303 2166 489 2238 lingua
509 2168 687 2223 multo
707 2167 994 2238 impurior,
1019 2167 1196 2240 stylus
1214 2167 1392 2223 multo
1419 2166 1684 2224 humilior
1706 2167 1804 2237 sit,
1829 2183 1999 2239 quam
2022 2168 2249 2225 alterius
2277 2167 2462 2224 dictio.
2494 2169 2647 2237 Quae

123 2253 251 2308 ratio
273 2253 496 2312 infirma
524 2263 634 2322 est,
666 2254 736 2311 de
763 2255 949 2328 lingua
975 2254 1163 2310 statim
1190 2254 1466 2324 dicemuS,
1500 2255 1609 2312 hoc
1636 2263 1824 2312 autem
1856 2257 1979 2312 loco
2008 2256 2302 2312 adnotasse
2330 2253 2563 2322 sufficit,
2588 2255 2647 2310 in

121 2341 311 2396 humili
341 2343 672 2413 poenitentis
700 2343 804 2399 viri
831 2343 1144 2414 precatione
1184 2342 1419 2398 eandem
1456 2343 1854 2400 sublimitatem
1881 2360 1947 2400 ac
1976 2343 2379 2400 vehementiam
2404 2343 2642 2406 dicendi,

121 2445 280 2500 quam
305 2430 364 2485 in
397 2430 718 2502 prophetica
753 2431 1170 2498 exhortatione,
1199 2431 1386 2504 inepte
1419 2432 1630 2502 quaeri.
1661 2433 1855 2504 Neque
1883 2433 2060 2505 magis
2088 2433 2237 2488 valet
2270 2432 2444 2488 altera
2482 2432 2642 2499 ratio,

119 2516 265 2590 quod
287 2518 345 2573 in
385 2519 567 2590 priore
614 2527 768 2590 parte
796 2520 1041 2591 saepiuS‚
1079 2533 1248 2590 quam
1285 2519 1342 2575 in
1382 2519 1586 2588 altera,
1627 2518 1697 2576 ad
1745 2520 2083 2592 antiquiores
2128 2519 2299 2576 libros
2344 2519 2641 2576 alludatur.

119 2604 274 2660 Haud
303 2621 504 2678 paucas
537 2606 686 2662 enim
722 2606 1020 2662 allusiones
1049 2605 1117 2661 ad
1159 2605 1360 2662 isaiam
1395 2607 1456 2662 in
1497 2607 1670 2663 altera
1712 2615 1870 2678 parte
1894 2607 2155 2688 inueniri,
2198 2607 2306 2678 ipsi
2346 2607 2645 2664 adversarii

121 2693 374 2761 fatentur,
404 2693 504 2750 sed
541 2694 710 2751 etiam
746 2693 820 2750 ad
851 2695 1142 2751 Ieremiam
1173 2694 1438 2750 alluditur
1470 2693 1571 2766 (cfr
1599 2700 1725 2763 3,12
1764 2703 1820 2751 et
1850 2697 1959 2750 Ier.
1998 2701 2156 2764 2,13;
2188 2725 2258 2736 -
2288 2701 2415 2761 3,16
2444 2704 2501 2750 et
2525 2699 2635 2751 Ier.

116 2788 264 2848 27‚1;
295 2787 491 2851 2834,
521 2813 594 2824 -
619 2788 764 2851 ³‚22.
795 2789 866 2838 23
895 2790 950 2838 et
973 2787 1084 2838 ter.
1113 2787 1272 2851 49,7;
1303 2770 1376 2824 —'
1398 2788 1494 2850 4‚c
1533 2789 1587 2838 et
1616 2785 1728 2838 Jer.
1756 2787 1914 2850 4:2⁷³
1946 2787 2103 2851 5,1s;
2138 2787 2285 2850 ete).

185 2935 244 2992 5.
277 2967 356 2976 —
392 2935 444 2994 A
486 2949 612 3010 quo
652 2937 896 2994 auctore
935 2937 1001 2993 et
1042 2950 1168 3010 quo
1192 2941 1449 3012 tempore
1479 2932 1732 2993 libellus
1780 2934 1863 2992 sit
1902 2937 2189 2994 exaratus
2230 2934 2365 3010 ipse
2407 2932 2635 2994 docet:

119 3052 142 3080 «
170 3031 331 3090 Haec
377 3034 526 3090 sunt
563 3030 757 3090 verba
801 3029 970 3100 libri,
1005 3045 1164 3107 quae
1211 3029 1465 3106 scripsit
1505 3029 1755 3090 Baruch
1793 3028 1961 3110 filius
2000 3032 2285 3090 Nerine...
2319 3047 2483 3090 antio
2526 3033 2635 3090 5...

115 3130 442 3202 postquam
471 3123 766 3186 Chaldaei
798 3129 1098 3202 ceperant
1122 3126 1460 3186 Ierusalem
1486 3142 1753 3203 eamque
1779 3127 2260 3188 combusserant
2288 3127 2431 3204 igne
2464 3151 2517 3185 ».

175 3239 310 3293 Cum
345 3237 627 3294 nonnullis
653 3237 824 3310 igitur
851 3238 1256 3309 antiquioribus
1291 3239 1478 3294 dicere
1505 3254 1621 3294 non
1648 3239 1809 3307 licet,
1838 3239 2169 3310 prophetam
2196 3239 2461 3296 dictante
2486 3243 2639 3295 Iere-

113 3326 230 3382 mia
252 3325 394 3381 haec
420 3325 728 3398 scripsisse,
760 3340 866 3380 nec
911 3341 1040 3380 cum
1064 3325 1184 3382 aliis
1216 3341 1425 3381 annum
1456 3331 1508 3381 5.
1544 3341 1575 3380 a
1599 3326 2071 3397 transportatione
2112 3325 2407 3384 lechoniae
2440 3342 2640 3384 nume-

109 3428 250 3480 rare3
303 3413 358 3469 in
409 3412 682 3484 prioribus
723 3414 872 3469 enim
913 3413 1412 3485 expugnationibus
1451 3430 1557 3468 nec
1600 3412 1859 3470 Chaldaei
1898 3413 2093 3470 urbem
2130 3415 2257 3486 igne
2294 3413 2635 3480 deleverunt,

107 3515 276 3573 neque
299 3517 364 3557 ea
391 3499 728 3571 acciderunt,
759 3515 904 3572 quae
921 3507 1014 3568 2‚2
1038 3517 1122 3572 sq.
1152 3508 1452 3557 narrantur
1471 3493 1585 3570 ‘(cfr
1616 3501 1825 3556 Thr-en.
1866 3508 2024 3572 2:203
2052 3505 2224 3572 4,10).
2257 3503 2434 3559 Multo
2464 3504 2641 3578 magis

109 3589 534 3644 acatholicorum
567 3596 864 3660 systemata
897 3587 1288 3659 reprobamus,
1325 3587 1426 3660 qui
1461 3588 1807 3660 inscriptioni
1840 3603 2063 3645 omnem
2100 3589 2265 3646 fidem
2304 3589 2641 3664 denegantes

105 3675 200 3730 sub
253 3676 424 3733 finem
460 3675 658 3747 persici
707 3675 960 3747 imperii,
1011 3685 1108 3730 aut
1152 3669 1476 3747 primorum
1513 3675 1960 3732 Ptolemaeorum
2003 3685 2282 3749 tempore,
2322 3688 2421 3734 aut
2461 3687 2638 3735 aetate

111 3763 456 3820 machabaica
473 3807 488 3832 ,
519 3773 616 3820 aut
646 3770 881 3820 exeunte
906 3764 1084 3834 primo
1113 3765 1334 3820 saeculo
1361 3763 1663 3820 christiano
1691 3763 1895 3821 librum
1925 3773 2179 3822 exortum
2208 3765 2419 3822 dieunt.

181 3913 346 3974 Nihil
371 3914 546 3974 enim
573 3913 898 3992 hucusque
934 3914 1190 3974 allatum
1223 3919 1348 3986 est,
1379 3932 1503 3992 quo
1535 3914 1964 3992 inscriptionis
1989 3916 2324 3975 auctoritas
2355 3916 2637 3976 destrua-

115 4013 223 4068 tur.
255 4013 414 4071 Nam
451 4009 856 4090 praeprimis,
893 4009 1205 4088 quidquid
1235 4014 1451 4071 contra
1494 4010 1713 4071 dicunt
1740 4011 1937 4089 aliqui
1968 4011 2339 4084 adversarii,
2374 4010 2637 4072 dubium

113 4122 226 4166 non
254 4111 382 4180 est,
417 4107 571 4185 quin
601 4107 830 4186 integri
877 4106 1076 4167 libelli
1125 4107 1338 4184 lingua
1387 4107 1768 4184 primigenia
1804 4107 1992 4168 fuerit
2021 4107 2339 4180 hebraica;
2374 4107 2440 4167 id
2466 4109 2637 4168 enirn

113 4201 397 4265 historice
427 4207 673 4264 constat
708 4207 894 4281 atque
923 4203 1144 4264 multis
1179 4208 1242 4263 et
1272 4203 1445 4263 duris
1477 4203 1682 4280 graeci
1722 4206 1926 4264 textus
1965 4203 2343 4263 hebraismis
2376 4206 2637 4265 nonnul·

113 4295 304 4376 lisque
329 4299 693 4378 interpretis
722 4299 972 4360 mendis
997 4300 1418 4360 confirmatur.

179 4415 324 4470 Inter
364 4413 682 4470 authentiae
729 4411 1074 4470 adversarios
1119 4412 1287 4485 aliqui
1329 4412 1619 4469 nobiscum
1660 4414 1937 4485 integrum
1976 4411 2180 4469 librum
2221 4411 2480 4470 hebraice
2518 4429 2635 4470 esse

113 4502 474 4574 conscriptum
506 4499 840 4570 defendunt,
883 4500 972 4558 alii
1001 4503 1202 4557 saltem
1241 4499 1437 4571 prioris
1465 4500 1637 4572 partis
1663 4499 1977 4556 hebraicam
2004 4499 2273 4573 originem
2298 4511 2627 4574 agnoscunt,

113 4591 260 4654 pauci
293 4605 544 4664 graecam
599 4605 716 4646 esse
768 4589 968 4662 integri
1012 4589 1136 4646 libri
1185 4589 1565 4662 primigeniam
1612 4589 1859 4660 linguam
1903 4597 2173 4644 asserunt.
2220 4593 2481 4645 Attamen
2505 4589 2633 4647 licet

111 4677 161 4730 S.
193 4679 559 4752 Hieronymus
602 4677 926 4734 hebraicum
966 4677 1168 4734 librum
1197 4675 1416 4732 Baruch
1450 4691 1565 4732 non
1606 4674 1839 4747 amplius
1877 4677 2173 4748 invenerit,
2202 4681 2476 4752 Origenes
2502 4694 2631 4734 eum

851 4774 1106 4822 constr
1138 4774 1414 4823 couritur).
1446 4773 1669 4822 Iit-raon.
1701 4799 1763 4809 —
1793 4775 1867 4822 26.
