3050 5184
427 274 545 333 584
627 287 702 331 DE
730 287 874 332 NOVI
906 287 1073 344 TEST.
1110 287 1303 334 LIBRIS
1330 287 1699 334 DmACTlcts.
1733 307 1812 318 ·-
1843 289 1970 334 CAP.
2008 290 2098 333 111.
2137 289 2212 332 DE
2247 287 2542 332 EPISTOLIS
2571 282 2895 328 cunonem.

1438 599 1738 666 CAPUT
1785 599 1923 666 III.

1172 821 1267 872 DE
1306 821 1688 874 EPISTOLIS
1729 821 2194 874 CATHOLICIS.

648 1038 683 1121 ἓ
725 1042 829 1102 18.
862 1074 948 1086 -
976 1040 1071 1103 De
1100 1037 1538 1125 epistolarum
1579 1037 2068 1105 catholicarum
2099 1035 2370 1102 nomine
2399 1046 2467 1101 et
2481 1033 2736 1100 ordine.

509 1249 565 1306 1.
600 1281 675 1290 -
708 1249 963 1325 Septem
1002 1247 1337 1326 epistolae,
1376 1266 1536 1326 quae
1575 1253 1824 1327 praeter
1857 1249 2144 1327 paulinas
2183 1249 2249 1307 in
2290 1262 2524 1307 canone
2557 1247 2930 1304 recensentur

431 1342 581 1421 (una
605 1342 837 1418 Iac-obi,
864 1344 1021 1406 duae
1050 1345 1249 1416 Petri,
1273 1349 1402 1405 tres
1426 1345 1710 1420 Ioannis,
1742 1363 1867 1407 una
1896 1344 2129 1425 Iudae),
2165 1343 2512 1421 antiquitus
2543 1342 2668 1401 iam
2705 1339 2928 1400 nomim²

427 1439 855 1500 catholicarum
889 1458 925 1500 a
949 1441 1219 1519 paulinis
1249 1441 1829 1519 distinguebantur;
1865 1441 2031 1519 quod
2057 1457 2290 1501 nomen
2313 1439 2404 1500 eis
2427 1438 2682 1498 videtur
2707 1437 2931 1513 imposi-

428 1541 599 1609 tum,
633 1538 781 1614 quia
803 1554 929 1597 non
956 1537 1036 1596 ad
1070 1553 1257 1598 unam
1283 1538 1615 1598 ecclesiam
1645 1537 1741 1598 vel
1769 1554 2132 1615 personam,
2167 1537 2278 1598 sed
2303 1535 2380 1596 ad
2407 1536 2636 1596 multas
2665 1533 2930 1594 ecclesias·

429 1634 597 1695 velut
622 1634 979 1710 encyclicae
1008 1634 1344 1712 pleraeque
1375 1639 1554 1695 erant
1577 1635 1780 1696 datae.

500 1739 567 1792 ln
590 1739 839 1809 Fraqm.
886 1739 1107 1792 Μυναε.
1138 1739 1251 1793 iam
1296 1736 1469 1793 Iudae
1510 1746 1566 1793 et
1610 1738 1833 1794 Ioannis
1879 1739 2143 1808 epistolae
2182 1737 2332 1793 inter
2359 1757 2383 1788 ι
2411 1735 2688 1793 catholica
2713 1757 2739 1786 ι
2767 1733 2930 1790 baberi

428 1823 706 1892 dicuntur,
752 1825 1033 1897 Oriyenes
1081 1832 1103 1880 1
1146 1825 1314 1893 Petri,
1363 1832 1387 1880 1
1444 1825 1664 1882 loannis
1710 1834 1766 1880 et
1807 1824 1978 1882 Iudae
2025 1825 2290 1896 epistolas
2327 1824 2477 1880 velut
2529 1844 2554 1874 a
2589 1822 2881 1879 catholicas
2914 1841 2930 1867 ε

430 1912 659 1984 allegat,
690 1914 747 1968 S.
778 1913 1082 1982 Dionysius
1108 1915 1185 1968 M.
1232 1920 1255 1969 1
1303 1913 1527 1968 Ioannis
1563 1912 1786 1968 nomine
1830 1934 1854 1963 α
1895 1913 2203 1968 catholicae
2233 1933 2258 1962 n
2293 1929 2324 1968 a
2353 1911 2570 1968 duabus
2605 1911 2730 1967 aliis
2763 1909 2932 1964 distin-

430 1999 576 2070 guit;
602 2000 746 2056 inter
768 2001 1013 2056 Graecos
1043 2009 1228 2056 autem
1258 1998 1466 2071 primus
1492 2001 1776 2057 Eusebius
1803 2001 1896 2068 (H.
1928 2002 1992 2056 E.
2027 2002 2100 2056 11.
2131 2005 2220 2068 23)
2247 2008 2304 2054 et
2329 1999 2476 2056 inter
2499 2000 2728 2054 Latinos
2747 1999 2802 2054 S.
2823 1996 2932 2052 Hic·

429 2103 709 2156 ronymus
738 2087 829 2154 (de
856 2087 976 2143 Vir.
1014 2086 1093 2143 ill.
1124 2095 1179 2143 2.
1215 2093 1271 2155 4)
1296 2086 1365 2143 de
1395 2109 1419 2139 α
1451 2094 1664 2161 septem
1697 2088 2006 2144 catholicis
2033 2109 2058 2140 n
2091 2087 2415 2161 loquuntur.

496 2177 739 2231 Erronee
768 2174 1019 2230 nonnulli
1046 2184 1288 2243 censent,
1322 2175 1431 2232 hoc
1456 2191 1662 2233 nomen
1687 2175 1764 2232 eis
1791 2191 1912 2232 esse
1937 2175 2196 2242 inditum,
2220 2177 2346 2247 quia
2377 2175 2662 2230 communi
2689 2188 2933 2229 consensu

426 2261 483 2317 in
510 2262 785 2319 catholica
812 2262 1058 2318 Ecclesia
1098 2270 1281 2318 essent
1316 2271 1600 2334 receptae,
1631 2273 1696 2320 ut
1719 2263 2052 2320 catholicae
2089 2263 2206 2319 fere
2231 2263 2384 2318 idem
2417 2263 2489 2318 sit
2531 2261 2680 2333 quod
2721 2278 2932 2317 canom-

428 2365 563 2416 cae,·
582 2365 617 2404 a
652 2349 1014 2405 cassiodoro
1044 2349 1269 2420 quidem
1306 2353 1464 2418 (Inst.
1507 2351 1620 2405 div.
1646 2352 1730 2406 lit.
1763 2357 1838 2419 8),
1873 2356 2015 2406 Ven.
2047 2351 2216 2407 Beda
2247 2353 2607 2416 (comment.)
2635 2349 2931 2405 recentiori·

425 2436 639 2508 busque
664 2436 943 2493 interdum
982 2439 1281 2494 canonicae
1316 2440 1696 2510 appellantur;
1733 2448 1791 2494 at
1827 2438 2135 2496 catholicae
2176 2437 2628 2506 nominabantur,
2659 2446 2932 2508 antequam

427 2525 711 2580 communi
738 2541 1011 2582 consensu
1040 2534 1199 2581 erant
1227 2534 1507 2596 receptae,
1543 2535 1710 2598 atque
1746 2525 1895 2582 idem
1923 2542 2125 2582 nomen
2155 2525 2324 2582 etiam
2352 2525 2619 2595 epistolae
2657 2527 2718 2581 S.
2750 2527 2932 2580 Barna-

426 2612 529 2668 bae
566 2612 885 2668 attribuitur
922 2617 1082 2680 (Ειιε.
1112 2615 1182 2668 Η.
1215 2615 1279 2668 Ε.
1318 2615 1412 2669 vl.
1453 2620 1548 2682 143
1587 2618 1750 2686 Oriq.
1792 2630 1843 2670 c.
1883 2615 2027 2670 Cels.
2069 2615 2114 2668 Ι.
2151 2619 2260 2681 63),
2293 2629 2434 2685 quae
2471 2627 2784 2683 numquam
2817 2613 2936 2666 inter

425 2701 713 2757 canonicas
741 2701 1051 2771 Scripturas
1088 2706 1175 2756 est
1208 2709 1447 2772 recepta.
1484 2701 1712 2757 Rectius
1750 2702 1922 2773 igitur
1950 2717 2046 2758 eas
2071 2700 2373 2757 catholicas
2401 2701 2710 2771 appellatas
2737 2715 2852 2755 esse
2873 2697 2934 2752 di-

426 2789 625 2854 cimus,
657 2789 786 2860 quia
806 2797 965 2844 erant
998 2789 1341 2860 encyclicae,
1372 2789 1480 2845 boc
1498 2790 1646 2846 enim
1676 2804 1839 2846 sensu
1865 2805 2070 2845 nomen
2091 2788 2467 2846 adhibuerunt
2496 2787 2768 2844 Clemens
2787 2788 2930 2842 Ales.

425 2879 659 2942 (strom.
688 2877 782 2931 IV.
830 2881 917 2945 15)
955 2884 1012 2932 et
1036 2877 1095 2931 S.
1127 2876 1389 2948 cyrillus
1427 2880 1606 2933 leros.
1639 2878 1775 2947 (Cat.
1803 2879 1896 2932 Ν.
1923 2879 2012 2946 28)
2040 2877 2110 2932 de
2141 2875 2369 2933 Concilii
2397 2877 2684 2948 apostolici
2727 2875 2932 2946 epistola

424 2965 695 3037 encyclica
727 2968 876 3031 (Act.
910 2968 1089 3032 1523>
1116 2965 1437 3036 loquente8‚
1470 2965 1778 3035 eodemque
1807 2979 1970 3020 sensu
1999 2965 2088 3020 alii
2118 2967 2309 3020 Patres
2335 2962 2388 3018 id
2420 2962 2814 3020 adhibuerunt.
2841 2963 2932 3018 Ne·

424 3067 531 3122 que
564 3051 693 3108 huic
720 3051 1069 3123 explicationi
1099 3051 1309 3120 obstat,
1338 3050 1488 3123 quod
1517 3058 1570 3108 2.
1605 3059 1637 3108 3
1668 3054 1822 3108 Ioan.
1854 3069 1968 3108 non
1997 3053 2108 3108 sint
2129 3051 2470 3123 encyclicae;
2497 3065 2529 3105 a
2559 3051 2778 3122 potiore
2807 3049 2928 3105 enim

424 3148 581 3210 parte
606 3138 915 3195 desumitur
942 3139 1339 3196 denominatio.

502 3308 559 3365 2.
592 3339 673 3351 -
700 3307 865 3368 Ordo
882 3355 895 3380 ,
926 3309 1140 3384 quoin
1169 3308 1434 3385 Vulgata
1458 3308 1845 3370 clementina
1868 3308 2171 3387 epistolae
2199 3307 2642 3385 disponuntur,
2667 3307 2734 3367 in
2753 3306 2928 3367 eccle-

424 3401 536 3462 siis
560 3403 971 3465 orientalibus
1002 3404 1147 3464 inde
1171 3421 1209 3464 a
1230 3407 1289 3464 4.
1318 3422 1483 3465 saec.
1514 3410 1649 3465 erat
1673 3405 2024 3466 communis
2051 3409 2115 3464 et
2141 3423 2177 3464 a
2198 3405 2259 3466 S.
2287 3405 2672 3482 Hieronymo
2690 3403 2758 3464 in
2785 3403 2932 3464 Occi-

425 3499 681 3558 dentem
716 3503 812 3559 est
849 3501 1169 3574 invectus;
1198 3519 1236 3562 a
1268 3518 1391 3579 quo
1431 3501 1643 3561 differt
1675 3502 1832 3562 ordo
1859 3500 2260 3562 occidentalis
2298 3518 2336 3561 a
2367 3501 2552 3560 Conc.
2589 3499 2936 3561 Tridentino

431 3595 815 3672 approbatus
842 3596 925 3674 (1.
952 3599 990 3655 2
1013 3597 1203 3668 Petri,
1239 3601 1295 3657 1.
1319 3599 1378 3657 2.
1412 3601 1451 3659 3
1479 3599 1759 3671 Ioannis,
1796 3597 2032 3675 lacobi,
2078 3595 2312 3676 iudae).
2351 3597 2706 3658 Orientales
2741 3599 2811 3656 in
2843 3611 2936 3655 sua

422 3691 582 3752 serie
636 3692 995 3753 definienda
1044 3692 1122 3752 ad
1168 3694 1303 3754 Gal.
1354 3697 1457 3766 2‚9
1498 3695 1852 3772 respexisse
1905 3694 2219 3764 videntur,
2263 3693 2699 3754 Occidentales
2739 3697 2938 3754 autern

420 3788 823 3865 dignitatem,
855 3789 906 3849 si
933 3789 1019 3849 ita
1049 3790 1255 3850 dicere
1284 3791 1377 3850 sas
1406 3794 1531 3861 est,
1559 3795 1889 3852 auctorum
1923 3790 2415 3850 considerarunt.

492 3890 759 3947 Ordinem
787 3891 1056 3963 vulgatae
1083 3901 1305 3948 nostrae
1332 3893 1691 3950 alexandrina
1723 3895 1799 3959 (S.
1836 3893 1964 3950 Acte.
1990 3896 2069 3948 Μ.
2104 3909 2191 3965 ep.
2223 3892 2345 3948 sest.
2373 3898 2481 3959 39),
2505 3893 2940 3967 ierosolymitana

426 3978 501 4044 (S.
542 3983 678 4048 ΟΨ.
715 3981 835 4035 Cat.
866 3981 956 4034 lV.
990 3979 1098 4050 36),
1122 3981 1377 4036 asiaticae
1406 3982 1483 4048 (5.
1520 3983 1690 4053 Greq.
1721 3983 1872 4036 Nar..
1899 3981 1968 4037 de
1995 3982 2125 4036 Ver.
2148 3981 2344 4051 Script.
2379 3987 2447 4036 36
2475 3997 2583 4052 sq.;
2605 3983 2664 4037 S.
2687 3981 2940 4054 Amphil.

426 4066 497 4122 ad
525 4066 735 4122 Seleuc.
768 4071 871 4124 312
906 4072 1051 4138 sqq.)
1079 4068 1339 4123 ecclesiae
1376 4076 1691 4131 tenuerunt,
1720 4076 1886 4140 atque
1913 4067 2162 4140 plerique
2191 4067 2408 4124 codices
2441 4070 2626 4141 graeci
2659 4069 2938 4125 exhibent:

426 4151 577 4208 idem
606 4170 825 4225 quoque
851 4165 974 4225 post
1000 4157 1056 4210 S.
1089 4155 1491 4226 Hieronymum
1519 4155 1667 4226 apud
1689 4157 1917 4212 Latinos
1945 4165 2000 4211 et
2025 4156 2081 4211 in
2104 4156 2292 4212 latinis
2319 4155 2604 4212 codicibus
2631 4158 2942 4228 plerumque

426 4241 721 4296 invenitur.
760 4249 836 4297 At
879 4243 1118 4299 Concilia
1147 4242 1409 4313 africana,
1443 4245 1498 4300 S.
1533 4245 1833 4311 Damasus,
1856 4245 1912 4299 S.
1941 4245 2292 4300 Innocentius
2331 4247 2400 4313 1.,
2439 4246 2496 4300 S.
2527 4245 2780 4301 Gelasius
2827 4256 2940 4297 eum

427 4327 635 4383 habent
671 4326 951 4396 ordinem,
983 4345 1147 4401 quem
1186 4337 1375 4400 postea
1418 4330 1746 4402 approbavit
1787 4332 1954 4387 Conc.
1999 4331 2270 4400 Trident.,
2305 4341 2362 4388 et
2397 4349 2430 4388 a
2462 4348 2571 4404 quo
2603 4335 2698 4389 SS.
2737 4331 2938 4387 Phila-

426 4415 641 4480 strz'uS,
673 4418 1065 4487 Anqustinus,
1098 4417 1423 4492 Ildefonsus
1458 4419 1636 4474 Tolet.
1668 4419 1724 4473 in
1756 4435 1822 4474 eo
1845 4420 1966 4474 solo
1992 4417 2349 4488 dissentiunt,
2378 4420 2528 4491 quod
2555 4421 2748 4476 ludam
2787 4432 2938 4488 prae·

428 4510 635 4570 ponant
658 4503 888 4571 Iacobo,
917 4504 1053 4560 dum
1084 4503 1326 4574 Rufi-nus
1360 4507 1623 4561 Ioannem
1661 4506 1857 4562 ultimo
1885 4506 1944 4560 in
1976 4507 2098 4563 loco
2123 4505 2290 4562 babet
2322 4516 2378 4562 ct
2405 4509 2461 4565 S.
2494 4508 2756 4562 Isidorus
2779 4507 2932 4572 Πίερ-

431 4587 695 4642 Ioannem
718 4589 962 4645 medium
992 4591 1215 4647 exhibet
1243 4593 1385 4649 inter
1408 4593 1670 4648 Iacobum
1698 4601 1754 4648 et
1783 4593 2000 4649 Iudam.
