3050 5184
727 275 801 318 ns
848 276 897 317 ε.
942 274 1307 319 scalprum-E
1350 273 1924 319 AnconuonAmous.
2488 264 2604 322 135

111 403 293 469 volunt,
320 404 419 460 sed
442 404 677 461 eandem
704 420 823 461 esse
858 421 981 462 rem
1014 413 1293 474 asserunt,
1326 421 1496 477 quam
1533 404 1803 477 praedicit
1831 406 2099 478 propheta
2134 417 2190 463 et
2218 418 2409 464 narrat
2437 424 2605 463 evan-

110 491 280 545 mista.
303 491 391 547 Ad
421 492 724 563 particulae
750 498 816 549 ιιι
843 494 960 562 (ἵνα)
987 493 1101 549 vim
1127 492 1372 562 finalem
1391 508 1505 548 non
1529 491 1881 548 attendentes
1902 494 2000 548 sed
2029 494 2181 549 illam
2211 512 2310 565 pro
2337 510 2598 550 consecu-

106 578 188 631 tiva
205 582 287 643 (=
307 580 405 633 ita
424 580 509 650 ut)
531 581 869 651 explicantes
895 580 1068 651 aliqui
1094 580 1261 660 etiam
1288 580 1497 657 egregii
1520 580 1848 651 interpretes
1877 581 2138 637 catholici
2166 597 2196 637 a
2225 598 2356 637 vero
2379 580 2596 638 aberra-

106 673 202 719 runt
224 666 900 739 accommodationemque
926 668 987 724 in
1014 667 1296 724 nonnullis
1325 669 1520 723 saltem
1549 668 1823 723 vaticiniis
1851 668 2194 724 admiserunt
2219 668 2322 736 (cfr
2350 671 2411 725 G.
2439 672 2599 726 Iam.

105 752 345 809 candae.
384 762 442 809 et
474 755 744 811 Maldon.
774 748 840 811 ιιι
872 754 1074 811 Matth.
1103 760 1232 824 2,15
1263 760 1414 822 etc.).
1454 753 1749 823 Quomodo
1778 764 1964 811 autem
2009 755 2176 811 verba
2209 762 2408 811 Isaiae
2435 761 2528 823 629
2551 766 2601 811 et

104 846 256 905 sala,
282 842 539 912 quamvis
569 844 819 914 proxime
850 841 921 899 de
950 843 1153 915 populo
1179 852 1433 913 tempore
1469 842 1647 899 Isaiae
1685 844 1902 899 vivente
1929 843 2042 899 siut
2071 844 2428 916 intelligenda
2447 888 2460 909 ,
2493 860 2606 899 rec·

102 928 271 983 tissime
305 944 475 985 sensu
515 930 717 987 literali
755 930 816 986 in
854 931 1073 987 coaevis
1108 930 1314 987 Christi
1352 928 1644 1001 adimpleri
1682 929 1958 997 dicantur,
1999 931 2132 987 olim
2166 932 2278 987 iam
2315 932 2608 1003 explicavit

102 1015 142 1069 5.
168 1016 419 1071 Basilius
446 1018 523 1084 (iu
569 1020 643 1074 Is.
693 1023 826 1087 63].
858 1048 930 1057 -
957 1018 1235 1073 Vaticinia
1280 1018 1453 1089 igitur
1492 1033 1524 1073 a
1567 1017 1930 1089 scriptoribus
1977 1018 2149 1074 sacris
2190 1018 2603 1075 accommodata

104 1117 189 1156 esse
212 1120 503 1175 negamus3
536 1106 592 1160 iu
626 1104 1109 1162 exhortationibus
1148 1113 1336 1160 autem
1372 1106 1489 1161 suis
1523 1104 1592 1160 ab
1635 1104 2244 1162 accommodationibus
2280 1121 2396 1162 non
2433 1104 2606 1161 absti-

106 1201 317 1246 nuerunt.
364 1191 628 1247 Profecto
656 1192 713 1247 S.
744 1193 952 1248 Paulus
993 1192 1193 1259 (Hebr.
1245 1196 1391 1260 13‚5)
1437 1193 1672 1265 singulis
1716 1192 2045 1249 Christianis
2091 1193 2374 1265 applicans
2415 1193 2602 1260 verba,

106 1294 211 1345 quae
240 1280 517 1334 Dominus
545 1279 617 1336 ad
645 1281 827 1336 solum
859 1282 1021 1336 Iosue
1058 1280 1274 1336 dixerat
1308 1280 1443 1351 (los.
1483 1284 1614 1347 1,5)‚
1655 1279 2165 1336 accommodatione
2198 1296 2297 1352 per
2329 1280 2605 1337 extensio-

110 1380 205 1419 nem
230 1381 357 1421 usus
382 1376 499 1435 θεῖς
532 1367 703 1423 simili
738 1366 908 1424 modo
936 1366 1008 1423 ad
1036 1367 1413 1439 eleemosynas
1442 1366 1722 1433 extendit,
1751 1383 1894 1439 quae
1923 1369 1993 1424 de
2027 1381 2234 1423 manna
2263 1367 2412 1423 dicta
2449 1377 2608 1423 erant

122 1458 141 1503 2
175 1456 296 1509 Cor.
341 1460 439 1519 8,8
484 1454 571 1511 cfr
618 1455 815 1511 Exod.
869 1460 1081 1524 leae).
1144 1454 1233 1510 Ad
1282 1454 1860 1511 accommodationem
1900 1470 2000 1526 per
2040 1455 2370 1511 allusionem
2419 1464 2607 1511 autem

110 1554 235 1610 prope
260 1541 475 1597 aceedit
502 1545 557 1597 S.
584 1543 849 1610 IoanneS,
880 1542 929 1598 si
966 1541 1132 1598 verba
1170 1542 1293 1610 ina,
1332 1558 1472 1614 quae
1514 1542 1709 1599 Zach.
1738 1548 1869 1612 4,14
1899 1542 1968 1598 de
1994 1541 2336 1599 zorobabele
2363 1550 2420 1598 et
2446 1544 2606 1599 Iosue

112 1628 317 1693 pontifice
371 1628 659 1697 dicuntur,
713 1628 931 1685 duobus
988 1628 1227 1685 testibus
1273 1628 1532 1702 adaptat,
1586 1629 1683 1701 qui
1741 1629 2084 1686 Antichristo
2107 1630 2297 1701 ’primi
2350 1629 2606 1685 resistent

136 1720 263 1784 ἐμοῦ.
297 1722 467 1783 11,4).

164 1884 645 1955 3.—-Quoniam
687 1885 961 1945 Ecclesia
998 1886 1065 1945 in
1103 1885 1359 1962 liturgia
1402 1889 1464 1944 et
1512 1885 1672 1944 sacri
1711 1886 2050 1964 scriptores
2095 1886 2160 1945 in
2209 1887 2339 1947 suis
2381 1884 2604 1945 exhor-

47 1966 49 2005 ⁵
126 1980 417 2040 titionibus
480 1981 952 2058 Scripturarum
1007 1982 1197 2041 verba
1260 1980 1736 2041 accommodare
1795 2000 1923 2041 non
1975 1982 2375 2053 dubitarunt,
2437 1986 2607 2043 recte

47 2100 50 2179 Ι
121 2072 453 2235 ὲῖῐιέῑέξφιο
486 2077 889 2137 laudabiliter
916 2096 951 2137 a
974 2077 1271 2137 fidelibus
1295 2077 1396 2149 fit,
1424 2076 1771 2137 dummodo
1797 2077 2050 2139 debitae
2075 2078 2404 2139 cautiones
2433 2078 2610 2137 adhi-

164 2284 263 2339 Non
286 2286 399 2341 sine
428 2287 655 2358 pietatis
682 2286 1067 2342 emolumento·
1091 2286 1257 2343 verba
1296 2286 1696 2357 scripturistica
1725 2286 2168 2355 accommodari,
2207 2286 2413 2343 docent
2437 2300 2608 2367 opera

124 2370 293 2427 Panum
324 2390 389 2429 ac
424 2374 757 2445 praesertim
794 2377 849 2432 S.
893 2374 1163 2431 Bernardi
1200 2374 1493 2438 homiliae,
1526 2390 1698 2446 quae,
1731 2390 1904 2445 quum
1931 2372 2116 2430 verbis
2143 2375 2458 2445 scripturae
2487 2375 2606 2447 ple-

122 2472 297 2531 rumque
324 2459 761 2517 accommodatis
784 2462 943 2533 quasi
978 2462 1091 2517 siut
1118 2470 1441 2531 contextae,
1470 2462 1659 2517 nescio
1696 2460 1826 2533 quid
1857 2462 2134 2517 unctionis
2163 2470 2218 2517 et
2247 2461 2465 2532 pietatis
2489 2460 2606 2533 spi-

122 2554 230 2613 rann
258 2548 507 2605 omnibus
538 2548 691 2605 enim
729 2549 824 2614 iis,
857 2550 955 2621 qui
995 2551 1180 2605 Deum
1218 2549 1403 2620 ipsum
1434 2557 1720 2605 auctorem
1757 2548 2168 2618 scripturarum
2196 2564 2315 2605 esse
2343 2548 2604 2615 credunt,

124 2631 293 2697 phrases
318 2652 381 2692 ac
407 2652 579 2693 voces
600 2636 715 2693 fere
742 2637 989 2708 singulae
1018 2635 1230 2692 habent
1256 2635 1466 2708 aliquid
1494 2637 1671 2692 sancti
1697 2646 1754 2691 et
1779 2636 1982 2704 divini,
2016 2636 2167 2708 quod
2195 2635 2266 2691 ad
2293 2637 2413 2705 pios
2441 2636 2608 2691 animi

124 2718 297 2779 allectus
322 2723 551 2781 ciendos
574 2732 633 2779 et
648 2722 974 2780 nutriendos
1000 2724 1209 2779 mirum
1230 2724 1292 2779 in
1312 2723 1545 2779 modum
1571 2724 1743 2780 iuvat.
1764 2727 2027 2779 Attamen
2047 2728 2132 2791 a.)
2149 2738 2458 2795 numquam
2481 2722 2610 2777 licet

124 2820 316 2879 sensum,
347 2828 515 2882 quem
564 2827 661 2884 per
688 2810 1259 2868 accommodationem
1296 2810 1477 2867 verbis
1520 2812 1836 2882 scripturae
1870 2811 2204 2882 ingerimus)
2239 2826 2339 2881 pro
2382 2826 2510 2865 vera
2553 2820 2609 2865 et

128 2896 307 2953 ἐιιιιιιιει
334 2898 571 2971 Spiritus
597 2901 655 2956 S.
682 2899 953 2955 sententia
981 2898 1105 2955 aliis
1137 2898 1462 2997 obtrudere3
1496 2913 1672 2971 quare
1700 2898 1760 2954 in
1785 2898 2110 2970 dogmatum
2137 2896 2610 2953 demonstratione

128 2990 189 3033 aut
209 2986 607 3043 confirmatione
627 2985 1128 3043 accommodatioui
1146 3004 1261 3043 ιιοιι
1281 2996 1365 3042 est
1382 2987 1598 3041 locus,
1557 2987 1573 3020 ¹
1633 2986 1710 3055 b.)
1741 2986 1820 3041 Iis
1845 2986 1979 3041 solis
2008 2984 2610 3041 accommodationibus

130 3067 183 3121 uti
202 3070 336 3142 licet,
367 3090 505 3145 quae
535 3074 758 3130 caritati
786 3082 842 3131 et
870 3074 1090 3130 veritati
1126 3074 1278 3129 inser
1282 3074 1463 3143 viunt3
1497 3074 1819 3147 gravissime
1847 3073 2017 3146 igitur
2043 3080 2304 3144 peccant,
2336 3072 2434 3143 qui
2460 3086 2608 3127 erro-

132 3168 191 3208 res
212 3172 323 3215 suos
343 3170 397 3216 et
419 3163 591 3234 impia
617 3177 999 3233 quaecumque
1020 3161 1201 3217 verbis
1229 3162 1547 3232 Scripturae
1577 3160 1764 3217 fucare
1782 3169 2073 3226 conantur,
2101 3167 2268 3232 atque
2286 3159 2370 3215 illi
2390 3175 2610 3231 quoque

132 3256 329 3318 morant,
358 3250 449 3321 qui
479 3249 677 3306 frivola
714 3258 879 3322 atque
910 3249 1099 3305 inania
1135 3248 1379 3305 textibus
1416 3248 1832 3320 scripturisticis
1859 3248 2149 3304 involvunt
2184 3262 2250 3303 ac
2287 3256 2608 3319 contegunt.

133 3334 177 3393 ‘²3
202 3334 487 3393 Cavendum
514 3353 741 3409 quoque
767 3346 851 3393 est
870 3379 884 3406 ,
916 3353 987 3391 ne
1015 3336 1183 3392 rebus
1209 3336 1376 3391 nimis
1405 3335 1720 3407 disparibus
1747 3344 1804 3391 et
1830 3334 2194 3391 dissimilibus
2219 3334 2291 3391 ab
2320 3350 2416 3401 ea,
2441 3350 2612 3406 quam

134 3422 339 3487 expressit
370 3440 523 3480 sacer
560 3434 775 3493 auctor,
809 3424 927 3479 eius
962 3423 1125 3481 verba
1164 3423 1499 3495 adaptentur
1535 3431 1592 3479 et
1626 3421 2135 3490 accommodentur,
2166 3422 2226 3477 id
2264 3421 2415 3494 quod
2454 3421 2614 3479 facile

56 3578 65 3591 Ι
136 3502 219 3558 lieri
242 3512 449 3579 poterit,
484 3514 533 3568 si
560 3528 661 3584 per
692 3512 1027 3568 allusionem
1063 3510 1230 3567 verba
1266 3510 1664 3582 scripturistica
1698 3510 2053 3568 adhibentur.
2088 3513 2332 3565 Demum
2371 3510 2458 3577 d.)
2487 3510 2612 3564 Tri-

136 3586 307 3650 dentina
330 3599 577 3669 synodus
609 3620 639 3653 ιι
664 3600 1035 3655 temeritatem
1060 3599 1219 3655 illam
1240 3599 1543 3670 reprimere
1563 3599 1781 3669 volenS,
1809 3614 1918 3670 qua
1942 3598 2030 3654 ad
2047 3596 2324 3673 profana
2347 3613 2612 3671 quaeque

137 3690 465 3743 convertuntur
492 3697 550 3743 et
578 3696 909 3759 torquentur
939 3686 1105 3743 verba
1136 3695 1192 3742 et
1220 3686 1526 3743 sententiae
1546 3687 1602 3742 S.
1623 3686 1968 3756 scripturae,
1997 3686 2070 3741 ad
2097 3685 2350 3741 scurrilia
2379 3685 2604 3753 scilicet,

140 3760 355 3839 fabulosa,
394 3790 561 3844 vana,
595 3773 970 3842 adulationeS,
1021 3773 1461 3831 detractiones...
1506 3772 1740 3831 mandat
1787 3781 1843 3830 et
1887 3772 2152 3845 praecipit
2189 3772 2260 3828 ad
2305 3771 2608 3828 tollendam

142 3846 392 3915 huiusmodi
434 3862 851 3918 irreverentiam
895 3872 953 3918 et
993 3870 1362 3929 contemtum,
1410 3878 1481 3918 ne
1522 3861 1594 3917 de
1643 3870 1827 3918 cetero
1857 3861 2149 3932 quisquam
2190 3857 2610 3932 quomodolibet

144 3937 590 4087 verl);SSt::1·ipturae
622 3949 694 4006 ad
722 3949 863 4006 haec
886 3959 941 4005 et
970 3950 1171 4005 similia
1206 3949 1407 4005 audeat
1429 3964 1697 4021 usurpare
1723 3970 1748 4000 n
1781 3950 1942 4018 (Sess.
1970 3950 2066 4004 lv,
2097 3950 2258 4003 Decr.
2293 3947 2363 4001 de
2391 3947 2526 4003 edit.
2557 3954 2612 4001 et

144 4034 216 4077 '¹⁵¹¹
362 4035 523 4107 ript.).

192 4224 241 4285 ίῐ)
262 4233 302 4278 S.
332 4236 480 4287 Bern.
510 4240 635 4303 ipse,
660 4238 749 4289 nbi
769 4238 1038 4289 Abaelardi
1058 4239 1139 4289 vel
1162 4238 1378 4290 Gilberti
1396 4242 1593 4289 Porret.
1617 4252 1814 4289 errores
1833 4237 2140 4302 aggreditur,
2169 4238 2383 4286 monet.
2372 4252 2383 4267 ·
2419 4252 2446 4282 «
2473 4235 2614 4285 Seria

150 4308 237 4351 “¹¹¹2
266 4306 387 4371 11⁸oe
422 4328 550 4379 quae
586 4318 739 4369 fidem
772 4321 1017 4383 tangunt,
1062 4332 1228 4382 neque
1264 4318 1546 4369 admittunt
1581 4317 1791 4368 ludendi
1829 4318 2086 4368 licentiam
2121 4314 2288 4373 illam,
2329 4328 2484 4379 quam
2514 4328 2615 4363 non

154 4384 527 4534 ἱῖῗυῗνᾱῗοὲιέ
533 4395 627 4531 {ide
662 4396 791 4447 bene
825 4395 1040 4447 fundata
1081 4402 1172 4447 aut
1198 4398 1353 4447 etiam
1395 4396 1620 4447 eruditio
1659 4396 1882 4447 liberalis
1923 4416 1950 4441 n
1996 4394 2085 4459 (err
2125 4395 2357 4445 Frasggn
2391 4392 2612 4457 nisquis
