3050 5184
633 339 709 386 na
749 340 903 385 tumr
942 341 1169 386 esi-naa
1218 341 1530 399 marmus,
1577 342 1970 392 saeuum-ro,
2015 343 2168 387 mn.
2555 325 2672 384 283

176 469 453 546 populum
492 489 675 534 suum
711 492 751 534 a
788 474 1159 552 gravissimo
1199 476 1511 554 pericu10,
1557 477 1657 537 cui
1697 473 1949 536 Xerxis*
1989 479 2276 552 ternpore
2320 490 2434 552 per
2475 472 2670 532 Ama'n

174 566 462 642 expositus
489 573 652 641 erat,
684 587 799 648 per
828 571 1305 633 Mardochaeum
1334 573 1597 650 eiusque
1626 571 1870 651 neptim
1898 572 2122 634 Esther
2147 571 2401 650 eripuit.

230 678 494 750 Proloqus
522 684 873 751 (11,2-12,6).
898 684 1203 740 Somnium
1232 685 1624 742 mardochaei
1651 685 1726 741 de
1751 687 1954 752 futuro
1978 683 2259 758 periculo.

233 769 281 822 1.
302 769 459 824 Anno
478 775 533 826 2.
564 771 793 827 Assueri
820 775 987 844 (484.)
1021 771 1423 829 mardochaeus
1460 771 1599 828 vidit
1633 772 1910 828 somnium
1948 771 2344 844 symbolicum,
2371 769 2520 842 quod
2555 784 2668 825 non

390 857 682 926 intellexit,
711 856 853 914 duos
879 873 955 916 sc.
998 858 1271 917 dracones
1312 861 1381 916 de
1418 876 1590 931 parvo
1629 859 1836 932 populo
1873 860 2263 927 colluctantes,
2291 857 2384 929 qui
2420 863 2668 913 servatus

391 953 473 999 est
500 961 599 1015 per
627 961 858 1016 parvum
886 946 1097 1004 sontem
1126 947 1429 1020 (11,2-12).

228 1034 277 1083 2.
302 1031 495 1086 Paucis
522 1033 681 1088 annis
718 1043 907 1104 postea
942 1035 1182 1092 duorum
1220 1035 1602 1092 eunuchorum
1639 1035 2076 1092 coniurationem
2111 1050 2211 1106 per
2247 1033 2536 1088 Estherem
2572 1031 2674 1098 (cfr

388 1123 515 1189 2‚21
554 1125 701 1192 sqq.)
733 1121 853 1194 regi
878 1121 1233 1178 manifestans
1260 1123 1487 1178 Amanis
1513 1122 1703 1178 odium
1733 1121 1834 1180 sibi
1863 1121 2088 1178 attraxit
2117 1124 2227 1190 (12,
2257 1120 2397 1191 1-6).

226 1205 415 1262 Panna
446 1221 599 1264 rans
628 1207 919 1279 (1,1-3,15
948 1217 1005 1265 et
1034 1209 1268 1282 13,1-7),
1297 1211 1589 1284 quomodo
1613 1210 1944 1284 periculum
1973 1209 2216 1266 Iudaeis
2255 1211 2526 1266 exortum
2559 1207 2668 1272 sit,

173 1295 409 1363 exponit.

232 1385 275 1433 1.
304 1381 514 1449 Esther,
552 1398 690 1438 uxor
712 1383 857 1456 regis
886 1383 1047 1455 lacta,
1073 1386 1124 1442 ei
1152 1384 1471 1442 manifestat
1495 1384 1930 1443 coniurationem
1949 1401 1982 1441 a
1998 1383 2368 1442 Mardochaeo
2395 1382 2672 1440 detectam

392 1469 708 1540 (ln-2:23).
742 1501 815 1512 -
846 1475 913 1528 Α.
954 1477 1005 1528 3.
1045 1473 1199 1546 regni
1244 1474 1410 1545 (483.)
1444 1475 1501 1529 in
1541 1489 1747 1546 magno
1777 1473 2029 1530 convivio
2065 1476 2338 1528 Assuerus
2372 1468 2678 1542 repudiavit

392 1573 625 1612 uxorem
670 1574 826 1615 suam
875 1559 1074 1616 Vasthi
1112 1566 1352 1630 (1‚1-22)
1398 1569 1566 1633 atque
1611 1577 1714 1634 pro
1761 1576 1827 1617 ea
1871 1576 1924 1616 a.
1978 1565 2033 1616 6.
2084 1559 2242 1631 regni
2292 1557 2460 1628 (479.)
2513 1555 2677 1628 elegit

379 1644 713 1714 ‘Estherem‚
740 1647 948 1720 neptim
988 1647 1341 1706 mardochaei
1366 1655 1517 1715 (2,1-
1533 1651 1642 1718 18),
1669 1662 1810 1721 quae
1837 1648 1889 1704 ei
1913 1647 2354 1704 coniurationem
2389 1643 2676 1700 eunucho-

393 1747 520 1788 rum
547 1734 915 1791 manifestavit
939 1740 1115 1804 (2‚19-
1126 1741 1237 1804 23).

228 1823 279 1872 2.
305 1821 537 1876 Amanis
564 1830 752 1878 contra
781 1821 1215 1880 Mardochaeum
1244 1832 1301 1880 et
1327 1824 1564 1880 Iudaeos
1589 1823 2030 1880 machinationes
2058 1823 2298 1892 (3,1-15;
2335 1823 2582 1889 13,1-7).
2611 1849 2677 1858 -

391 1909 475 1964 Eo
494 1917 751 1980 tempore
772 1913 955 1965 Aman
970 1910 1343 1968 Mardochaeo
1361 1912 1536 1967 iratus
1559 1927 1752 1966 omnes
1772 1909 2008 1967 Iudaeos
2029 1907 2262 1981 perdere
2287 1907 2459 1962 voluit
2488 1911 2674 1974 (3,1·6)

392 1992 633 2068 ideoque
654 1999 775 2070 regi
800 1999 1070 2069 persuasit
1084 2041 1099 2064 ,
1122 2009 1189 2055 ut
1209 1998 1299 2055 die
1330 2005 1415 2056 13.
1446 1999 1630 2055 ultimi
1657 1999 1862 2054 mensis
1889 1998 2020 2054 anni
2047 1997 2194 2052 illius
2222 2010 2415 2053 omnes
2444 1993 2680 2050 Iudaeos

395 2081 577 2139 occidi
600 2084 817 2140 iuberet
841 2087 1072 2156 (3‚⁷-15;
1100 2087 1333 2159 13,1-7).

234 2167 378 2226 Pus
404 2186 644 2228 anun
674 2177 909 2243 (4,1·17;
944 2180 1179 2245 15‚1-a;
1214 2180 1575 2245 13,8-14,19)
1601 2179 1834 2244 narrat,
1864 2172 2154 2245 quomodo
2177 2169 2600 2228 Mardochaeus
2628 2174 2683 2224 et

178 2255 350 2311 Esther
370 2259 459 2313 ad
476 2259 819 2331 periculum
830 2261 1317 2334 propulsandum
1343 2278 1463 2318 sese
1476 2264 2002 2335 praeparaverint.

239 2351 280 2398 1.
306 2345 479 2418 Regio
518 2345 745 2402 decreto
781 2350 1104 2420 perterritus
1140 2349 1546 2406 Mardochaeus
1573 2349 1864 2406 Estherem
1891 2357 2110 2418 monet,
2142 2355 2204 2403 ut
2235 2363 2424 2419 regem
2451 2361 2552 2417 pro
2582 2361 2681 2416 po-

395 2435 533 2504 pulo
562 2433 892 2506 deprecetur
915 2437 1114 2509 (4‚1·8;
1150 2438 1381 2509 1⁵‚1-3)‚
1418 2453 1558 2509 quae
1586 2454 1684 2494 sua
1722 2452 1788 2492 ex
1827 2445 1982 2507 parte
2023 2433 2294 2507 postulat,
2327 2441 2388 2490 ut
2425 2431 2682 2488 triduano

394 2521 601 2577 ieiunio
624 2521 815 2578 ludaei
839 2526 1023 2580 Deum
1049 2532 1209 2580 antea
1235 2526 1463 2596 placent·
1477 2529 1731 2594 (4,9-16).

236 2608 523 2664 2.1eiunio
564 2609 735 2681 igitur
768 2610 975 2668 indicto
1012 2613 1179 2683 (4,17)
1209 2611 1462 2684 precibus
1498 2611 1636 2668 fusis
1671 2610 2074 2668 Mardochaeus
2105 2611 2370 2682 (13,8-18)
2405 2617 2461 2664 et
2489 2606 2686 2663 Esther

401 2697 507 2768 (14,
520 2702 668 2764 1-19)
694 2698 937 2756 divinum
956 2701 1222 2755 auxilium
1239 2701 1558 2772 implorant.

238 2781 381 2840 Pans
427 2799 657 2842 ‘rssnna
700 2791 969 2856 (15,4·19;
1016 2793 1287 2858 5‚1-8‚12;
1338 2793 1582 2856 16,1-24;
1629 2791 1938 2853 &la-103)
1973 2787 2051 2842 de
2077 2785 2344 2859 periculo
2389 2785 2456 2839 in
2495 2783 2685 2838 hostes

180 2871 529 2941 propulsato.

243 2962 287 3011 1.
312 2957 508 3016 Esther
540 2977 575 3016 a
602 2978 733 3035 rege
770 2964 1101 3036 supplicium
1135 2963 1364 3020 Amanis
1392 2964 1650 3036 impetrat
1679 2963 1956 3036 (1⁵‚4-19;
1997 2961 2249 3032 5,1-8,2).
2283 2991 2356 3002 —-
2382 2958 2471 3015 Ad
2499 2973 2688 3031 regem

400 3047 653 3120 ingressa
678 3055 821 3118 (5‚1;
853 3058 1099 3121 15,4-10)
1122 3068 1248 3108 eum
1277 3067 1403 3108 cum
1430 3056 1644 3108 Amane
1667 3050 1740 3107 ad
1761 3066 1991 3108 coenam
2017 3050 2212 3106 invitat
2239 3053 2381 3116 (533
2411 3050 2684 3115 15,11-19;

402 3137 601 3208 5,3-8).
631 3139 753 3208 Qua
780 3140 1099 3195 invitatione
1122 3141 1359 3196 laetatus
1386 3143 1566 3195 Aman
1589 3139 1762 3212 magis
1795 3138 1866 3195 de
1890 3136 2246 3194 Mardochaei
2281 3136 2556 3192 occisione
2591 3150 2686 3189 co-

404 3225 546 3295 gitat
571 3229 828 3296 (5‚9-1⁴),
860 3225 959 3282 sed
986 3243 1082 3282 rex
1122 3225 1467 3294 reeordatus,
1496 3225 1646 3298 quod
1677 3227 1981 3297 praemium
2010 3224 2258 3281 detectae
2294 3222 2690 3279 coniurationis

404 3311 785 3369 mardochaeo
807 3313 1057 3370 nondum
1086 3323 1231 3371 esset
1260 3313 1481 3379 datum,
1508 3313 1769 3386 postridie
1795 3312 2166 3370 Mardochaeo
2195 3310 2266 3369 ab
2293 3314 2476 3366 Aman
2511 3309 2690 3382 regios

410 3397 657 3456 honores
696 3399 899 3458 deferri
940 3402 1097 3459 iussit
1142 3405 1404 3472 (6‚1-14).
1450 3403 1514 3457 ln
1559 3417 1730 3458 coena
1777 3410 1964 3458 autem
2009 3400 2080 3456 ab
2123 3398 2358 3456 Esthere
2405 3406 2690 3454 accusatus

406 3490 593 3544 Aman
621 3489 813 3560 capitis
834 3489 1131 3546 damnatus
1152 3499 1234 3546 est
1260 3495 1311 3556 (7
1320 3495 1530 3557 ‚1-8,2).

247 3575 293 3624 2.
322 3573 520 3632 Esther
540 3577 750 3648 populo
769 3593 871 3632 suo
893 3579 1229 3649 completam
1257 3579 1544 3633 victoriam
1571 3576 1782 3633 obtinet
1803 3579 2100 3648 (8‚3·10‚3;
2127 3580 2384 3644 16‚1·24).
2404 3603 2477 3616 —
2495 3577 2692 3628 Assue-

410 3677 508 3720 rus
534 3680 683 3719 novo
723 3664 948 3721 decreto
996 3664 1216 3722 ludaeis
1258 3665 1543 3736 permittit,
1577 3673 1639 3720 ut
1678 3663 1768 3720 die
1813 3663 1977 3720 morti
2009 3679 2202 3720 eorum
2231 3662 2502 3719 destinato
2530 3675 2590 3716 se
2621 3659 2694 3715 ab

412 3751 665 3808 hostibus
695 3751 993 3810 defendant
1019 3757 1263 3821 (8,3-12;
1299 3757 1546 3820 16,1-24;
1571 3752 2060 3823 8‚13·17).Itaque
2080 3750 2170 3806 die
2203 3757 2410 3806 statuto
2443 3749 2516 3820 (et
2539 3746 2694 3803 Susis

410 3841 583 3897 etiam
617 3841 939 3913 insequente
961 3839 1071 3912 die)
1097 3839 1287 3897 Iudaei
1313 3841 1519 3897 multos
1546 3839 1734 3896 hostes
1760 3837 2018 3895 occidunt
2045 3839 2308 3910 (9‚1-16).
2342 3839 2410 3893 ln
2436 3833 2696 3890 victoriae

414 3927 743 3984 memoriam
794 3928 993 3984 festum
1040 3928 1233 3984 Purim
1283 3927 1559 3999 (sortium)
1601 3927 1905 3983 instituitur
1933 3925 2249 3997 (9,17-32);
2295 3920 2698 3979 Mardochaeus

416 4025 605 4074 autem
634 4015 737 4071 fuit
760 4015 1031 4072 secundus
1058 4016 1114 4070 in
1142 4031 1311 4088 regno
1339 4016 1565 4071 Assueri
1594 4018 1850 4081 (10,1-3).

254 4101 551 4162 Emmaus
572 4109 841 4172 (10‚⁴-13)
865 4103 1143 4158 somnium
1170 4101 1242 4159 de
1268 4101 1487 4159 duobus
1513 4101 1848 4158 draconibus
1874 4101 2270 4169 (Mardochaeo
2295 4105 2354 4154 et
2377 4095 2613 4166 Amane)
2641 4103 2697 4150 et

199 4201 348 4254 parvo
374 4189 525 4250 fonte
550 4189 821 4264 (Esthere)
848 4192 1101 4262 explicat.

254 4276 609 4353 Subscriptio
635 4283 803 4347 (11‚1)
831 4277 1015 4347 docet,
1046 4276 1327 4349 quomodo
1353 4277 1496 4333 liber
1520 4279 1581 4332 in
1607 4281 1924 4350 Aegyptum
1949 4277 2019 4332 sit
2045 4275 2266 4330 allatus.

251 4398 313 4462 (1)
346 4401 395 4451 S.
438 4403 773 4464 Hieronymus
806 4401 862 4451 in
900 4399 1070 4464 priore
1102 4398 1223 4451 libri
1256 4403 1424 4463 parte,
1458 4411 1614 4463 qnam
1646 4413 1708 4449 ex
1747 4398 1986 4449 hebraico
2022 4393 2311 4454 transtulit,
2353 4405 2537 4443 nomen
2570 4392 2702 4454 regis

202 4473 465 4570 &fflyljltg
496 4489 819 4552 transcripsit
850 4493 1135 4548 Assum-us,
1175 4487 1228 4537 in
1264 4487 1426 4544 altera
1464 4487 1674 4551 reliquit
1705 4499 1890 4537 nomen
1921 4484 1987 4535 ab
2021 4481 2378 4536 Alexandrinis
2414 4479 2703 4532 adhibitum

203 4564 539 4644 Artaxerxes,-
564 4585 701 4636 infra
726 4583 775 4648 (§
809 4585 887 4650 39)
915 4584 1242 4634 ostendemus
1269 4586 1495 4634 Xerxem
1526 4595 1636 4632 esse
1663 4581 2067 4646 intelligendum3
2098 4578 2429 4628 nibilominus
2473 4578 2528 4628 in
2557 4589 2700 4627 cons·

206 4664 343 4719 tectu
370 4667 653 4728 argumenti
676 4666 729 4714 et
752 4663 1019 4713 divisionis
1044 4663 1265 4714 assueri
1286 4675 1469 4712 nomen
1497 4659 1828 4711 retinebimus
1855 4661 2008 4711 etiam
2036 4660 2092 4709 in
2113 4657 2488 4708 additamentis,
