3050 5184
971 269 1046 315 ΒΕ
1089 269 1426 316 ΡΗΟΡΗΕΤΙΔ
1469 270 1715 314 ΑΒΒῙΔΕ.
2490 258 2607 318 433

119 399 264 454 Achab
293 404 346 466 (3
376 405 506 470 Rep.
532 406 658 467 183
686 404 866 472 sqq.);
894 399 1147 457 alterutri
1185 401 1502 456 vaticinium
1540 409 1793 457 nostrum
1822 417 1855 457 a
1888 402 2169 460 nonnullis
2202 404 2607 476 antiquioribus

119 495 157 541 et
183 486 450 544 modernis
481 487 872 558 interpretibus
899 487 1228 544 attributum
1258 495 1340 544 est
1373 488 1444 544 ob
1481 489 1653 543 solius
1698 489 1937 545 nominis
1976 487 2335 558 identitatem,
2382 507 2523 564 quae
2550 493 2607 546 in

117 582 226 629 tanta
251 575 492 630 nominis
517 575 820 646 frequentia
850 584 1240 648 argumentum
1267 591 1338 632 ne
1367 575 1559 632 leviter
1590 573 1812 647 quidem
1834 576 2115 647 probabile
2135 579 2466 649 suppeditat.
2498 580 2607 634 Alii

115 661 330 718 moderni
348 661 599 717 libellum
626 671 875 734 tempore
895 663 1072 718 exsilii
1101 671 1196 717 aut
1226 671 1350 734 post
1379 663 1631 718 exsilium
1660 671 1915 718 exortum
1948 679 2069 719 esse
2106 673 2446 734 statuerunt,
2480 667 2605 738 quia

117 747 270 804 urbem
298 757 548 806 sanctam
575 764 610 804 a
636 749 925 806 Chaldaeis
953 748 1290 806 destructam
1318 758 1595 820 supponat
1623 758 1682 805 et
1714 749 1980 807 nonnulla
2016 767 2081 806 ex
2120 753 2387 810 Ieremiac
2414 753 2605 809 vatici-

115 835 178 890 nio
199 845 386 892 contra
419 836 711 893 Idumaeos
734 838 1134 894 transumserit.
1167 841 1241 892 At
1269 845 1567 906 occupatae
1596 837 1749 894 urbis
1773 836 2067 910 descriptio
2090 839 2150 894 in
2180 848 2372 896 nostro
2416 840 2605 897 vatici-

113 922 178 976 nio
198 929 280 990 (ιο
304 939 430 996 sqq.
457 929 546 992 20)
571 924 799 980 ultimae
829 924 1127 980 calamitati
1155 941 1188 980 a
1215 924 1503 980 Chaldaeis
1530 924 1719 981 illatae
1738 940 2090 998 nequaquam
2113 927 2397 997 convenit3
2426 943 2607 999 neque

113 1009 218 1066 enim
248 1010 322 1066 de
349 1011 582 1067 civitatis
610 1010 983 1068 destructione
1010 1027 1113 1068 nec
1142 1012 1212 1067 de
1239 1013 1521 1067 eversione
1551 1013 1741 1083 templi
1768 1027 1873 1068 nec
1901 1012 1970 1068 de
1998 1013 2198 1085 integri
2223 1013 2411 1085 populi
2438 1015 2605 1085 capti·
2691 1050 2697 1058 -

113 1097 236 1154 vitate
256 1097 528 1169 loquitur.
557 1097 766 1154 Abdias
795 1107 978 1156 autem
1002 1115 1117 1154 non
1139 1115 1170 1155 a
1197 1099 1460 1167 Ieremia,
1493 1098 1591 1155 sed
1620 1099 1913 1168 Ieremias,
1942 1100 2035 1171 qui
2064 1101 2303 1156 maxime
2337 1100 2394 1156 in
2416 1100 2607 1157 vatici-

110 1184 182 1238 niis
201 1195 398 1241 eontra
424 1194 617 1259 gentes
641 1187 864 1242 oracula
898 1185 1390 1258 praedeeessorum
1417 1202 1645 1242 suorum
1671 1187 1869 1258 repetit
1893 1195 1947 1242 et
1974 1187 2297 1252 confirmat,
2330 1188 2399 1243 ab
2428 1187 2607 1244 Abdia

111 1269 371 1342 dependet,
400 1273 456 1328 id
487 1273 634 1346 quod
679 1273 839 1330 facile
868 1282 1098 1346 apparet
1125 1273 1518 1340 consideranti,
1549 1275 1671 1344 illa,
1702 1290 1844 1346 quae
1872 1274 2191 1330 communia
2225 1275 2462 1343 habent,
2494 1291 2607 1330 uno

109 1365 258 1416 tenore
281 1369 342 1418 et
369 1361 650 1432 aptissimo
669 1370 928 1418 contextu
945 1361 1004 1416 in
1027 1369 1216 1418 nostro
1243 1361 1431 1419 libello
1450 1377 1571 1418 esse
1589 1363 1881 1418 coniuncta
1898 1405 1911 1431 ,
1930 1361 1985 1416 in
2012 1363 2278 1418 Ieremiae
2294 1371 2483 1420 autem
2514 1379 2607 1418 va-

107 1445 250 1504 ticinio
279 1448 448 1520 plane
467 1463 586 1505 esse
613 1448 882 1505 disiuncta
913 1445 1016 1516 (cfr
1035 1448 1190 1504 Abd.
1233 1455 1328 1504 1-9
1356 1464 1486 1504 eum
1513 1453 1628 1506 Ier.
1668 1455 1817 1519 49,7.
1852 1455 2038 1506 14-16.
2070 1455 2125 1506 9.
2161 1457 2247 1506 10.
2283 1457 2335 1506 7.
2358 1457 2447 1506 22.
2484 1453 2605 1520 17);

106 1533 270 1591 mirum
301 1537 452 1592 enim
479 1544 642 1604 esset,
675 1537 721 1592 si
744 1535 949 1593 Abdias
975 1551 1042 1592 ex
1071 1544 1186 1591 tam
1205 1535 1445 1592 disiectis
1469 1535 1731 1593 membris
1764 1537 2094 1594 concinnam
2122 1537 2429 1594 orationem
2456 1553 2605 1594 com-

106 1623 362 1689 posuisset.
407 1623 614 1679 Abdias
638 1622 804 1695 igitur
832 1623 1066 1680 Ieremia
1096 1623 1373 1694 antiquior
1413 1633 1544 1680 ante
1581 1625 1835 1681 exsilium
1875 1625 2039 1692 vixit,
2070 1625 2243 1680 immo
2286 1625 2605 1682 vaticinium

104 1723 230 1766 suum
255 1709 373 1766 iam
401 1719 530 1766 ante
559 1712 762 1767 loelem
789 1709 983 1777 edidit,
1015 1710 1219 1782 quippe
1246 1712 1339 1782 qui
1369 1711 1516 1767 illius
1541 1711 1709 1766 verba
1738 1733 1762 1763 α
1792 1716 1863 1769 Ec
1889 1715 1955 1766 in
1982 1717 2177 1766 monte
2195 1713 2337 1768 Sion
2354 1714 2470 1781 erit
2486 1713 2604 1768 sal-

103 1802 224 1852 vatio
257 1819 284 1848 ι»
319 1797 470 1854 velut
497 1797 916 1869 promissionem
937 1797 1048 1854 iam
1071 1806 1233 1854 antea
1265 1814 1296 1853 a
1317 1799 1437 1854 Deo
1463 1798 1651 1856 datam
1672 1799 1874 1871 alleget
1900 1800 2040 1866 (loel
2056 1805 2187 1865 2,32
2206 1799 2289 1856 cl'r
2309 1799 2465 1857 Abd.
2494 1807 2599 1868 17).

146 1891 398 1942 Attamen
426 1902 538 1941 non
571 1885 668 1940 diu
697 1894 860 1942 antea
898 1900 1028 1942 eum
1064 1901 1294 1942 munere
1319 1901 1418 1942 suo
1444 1885 1697 1942 functum
1722 1903 1863 1954 esse,
1890 1886 2133 1944 ostendit
2152 1889 2338 1954 locus,
2362 1904 2525 1960 quem
2544 1889 2601 1944 in

101 1973 210 2028 serie
235 1973 518 2028 Minorum
541 1982 804 2044 occupat3
832 1989 1074 2044 namque
1098 1973 1144 2028 si
1165 1973 1313 2030 Ioele
1339 1973 1422 2041 (ac
1440 1973 1672 2044 proinde
1692 1980 1919 2041 Amoso)
1935 1975 2111 2031 multo
2132 1984 2278 2032 esset
2298 1976 2597 2047 antiquior,

103 2061 340 2116 collector
381 2060 703 2127 voluminis,
739 2060 833 2132 qui
873 2060 930 2116 in
971 2061 1167 2116 ceteris
1205 2058 1561 2130 disponendis
1602 2060 1674 2116 ad
1730 2077 1925 2118 eorum
1970 2069 2209 2117 aetatem
2250 2061 2512 2126 attendit,
2552 2064 2603 2119 ei

99 2161 180 2202 non
195 2156 251 2212 ⁴.-
276 2149 504 2218 (Mass.)
525 2156 620 2204 aut
637 2154 692 2203 5.
715 2148 930 2219 (Alex.)
953 2149 1139 2204 locum
1158 2149 1516 2204 attribuisset.
1544 2149 1771 2204 Rectius
1790 2149 1969 2220 potius
1996 2157 2321 2218 statuemus,
2342 2149 2601 2218 Abdiam‚

99 2235 172 2290 etsi
199 2245 332 2290 ante
357 2236 564 2291 Ioelem
593 2244 648 2290 et
673 2239 848 2290 Amos
885 2235 1133 2292 libellum
1167 2250 1329 2290 suum
1357 2234 1697 2304 condiderit,
1726 2251 1854 2291 cum
1879 2236 1947 2292 iis
1971 2244 2159 2292 tamen
2189 2237 2293 2292 sub
2320 2238 2456 2293 Ozia
2482 2253 2601 2294 mu·

98 2337 192 2388 nus,
217 2322 370 2394 quod
391 2323 648 2378 Amasiae
672 2331 782 2378 tem
789 2337 922 2393 pore
945 2332 1278 2394 susceperat,
1305 2323 1676 2379 continuasse.
1698 2323 1941 2380 Ruinam
1965 2332 2150 2379 autem
2182 2323 2479 2382 Idumaeae
2502 2325 2601 2382 illo

97 2409 430 2477 probabiliter
455 2417 707 2480 tempore
735 2407 1034 2480 praedixit,
1064 2426 1176 2481 quo
1197 2426 1294 2466 rex
1329 2410 1581 2466 Amasias
1607 2411 1760 2466 illam
1780 2411 1981 2467 iterum
2006 2410 2275 2468 subiicere
2304 2414 2484 2484 coepit
2507 2422 2603 2469 aut

99 2495 240 2553 Ozias
267 2511 392 2552 eam
421 2496 716 2553 debellavit
745 2501 800 2563 (4
821 2502 954 2566 Rea.
991 2503 1132 2566 14,6.
1166 2505 1252 2564 7.;
1286 2504 1317 2553 2
1347 2502 1482 2554 Par.
1513 2504 1707 2566 25,11;
1739 2503 1909 2564 26,2).
1936 2498 2183 2554 Civitatis
2218 2509 2443 2555 sanctae
2469 2516 2601 2556 vero

97 2581 326 2656 direptio,
357 2599 528 2656 quam
553 2593 954 2642 commemorat
978 2589 1068 2651 (10
1095 2590 1263 2656 sqq.),
1304 2585 1396 2641 illa
1429 2601 1549 2640 esse
1576 2593 1726 2641 recte
1762 2584 2023 2654 creditur,
2057 2601 2201 2657 quae
2231 2585 2301 2641 ab
2329 2587 2601 2644 Arabibus

95 2679 130 2724 et
153 2671 498 2728 Philisthaeis
517 2681 770 2742 tempore
793 2672 938 2744 regis
961 2674 1148 2730 loram
1173 2672 1318 2728 sacta
1344 2681 1428 2727 est
1457 2677 1508 2738 (2
1531 2672 1743 2728 Paral.
1774 2678 1940 2736 21,16
1968 2677 2107 2744 sq.);
2137 2672 2290 2729 illam
2327 2675 2475 2730 enim
2510 2690 2599 2729 re-

94 2769 286 2815 centem
311 2759 496 2828 fuisse,
521 2767 584 2814 ut
609 2758 878 2831 propheta
899 2759 1016 2831 ipse
1041 2760 1190 2815 illam
1219 2761 1568 2830 spectaverit,
1600 2761 1753 2816 nullo
1781 2759 1951 2816 verbo
1974 2759 2275 2825 indicatur;
2304 2762 2455 2817 solae
2482 2761 2599 2816 eius

93 2847 326 2918 sequelae
349 2847 678 2920 perdurasse
703 2845 980 2914 videntur,
1005 2845 1226 2918 quando
1255 2846 1547 2918 prophetia
1570 2856 1759 2902 nostra
1787 2846 2007 2904 condita
2034 2856 2117 2903 est
2146 2852 2215 2913 (v.
2249 2853 2360 2916 20).

149 2998 205 3056 3.
236 3030 316 3040 -
345 2998 472 3057 Nec
500 2995 810 3057 authentia
837 3013 958 3056 nec
985 2997 1300 3075 inteqritas'
1329 2995 1534 3056 libelli
1564 3013 1600 3056 a
1632 3013 1947 3074 quoquam
1970 2996 2407 3070 addubitatur;
2441 2998 2599 3059 divi-

89 3107 206 3151 nam
236 3094 369 3154 eius
399 3095 814 3152 auctoritatem
857 3097 1100 3164 autem,
1134 3093 1280 3154 licet
1310 3093 1463 3152 Novi
1495 3093 1665 3152 Test.
1705 3092 2187 3170 allegationibus
2214 3094 2314 3154 vel
2341 3093 2598 3155 allusio-

89 3188 254 3250 nibus
295 3189 715 3250 demonstrari
746 3191 1043 3266 nequeat,
1077 3188 1260 3249 Ioelis
1290 3193 1355 3249 et
1387 3187 1688 3249 Ieremiae
1708 3189 2069 3248 testimonia
2096 3188 2225 3248 iam
2254 3189 2436 3250 allata
2463 3207 2602 3252 cer-

89 3289 202 3344 tam
233 3285 508 3346 reddunt
537 3288 602 3345 et
623 3284 918 3346 continua
947 3301 1300 3363 synagogae
1339 3289 1404 3346 et
1441 3284 1755 3345 Ecclesiae
1790 3285 2049 3345 traditio
2083 3285 2428 3346 confirmat.

785 3485 828 3574 ἓ
856 3491 965 3552 25.
1005 3523 1092 3534 -
1122 3488 1216 3550 De
1247 3485 1611 3573 Prophe-tia
1648 3485 1875 3551 Ionae.

150 3681 203 3738 1.
231 3715 310 3724 —-
342 3682 802 3760 Argumentum
837 3677 1035 3738 libelli
1079 3681 1261 3740 Ionae
1301 3684 1398 3739 est
1438 3677 1844 3750 historicum3
1894 3675 2219 3753 duplicem
2264 3678 2435 3738 enim
2464 3691 2609 3768 pro-

89 3773 288 3848 phetae
313 3777 504 3838 Ionae
532 3773 902 3835 missionem
932 3774 996 3832 in
1026 3776 1295 3836 Niniven
1323 3778 1555 3836 narrat.

143 3871 340 3925 Priori
375 3869 648 3924 missioni
674 3869 840 3924 Ionas
865 3866 993 3940 suga
1019 3881 1078 3922 se
1106 3864 1434 3921 subtrahere
1463 3870 1701 3919 conatur
1723 3863 2030 3930 (1,1-2,11).
2055 3893 2125 3902 -
2161 3864 2325 3918 Ionas
2350 3862 2603 3918 Ninivitis

89 3956 464 4022 poenitentiam
495 3954 812 4027 praedicare
840 3955 1020 4010 iussus
1047 3969 1243 4008 navem
1271 3950 1539 4020 ascendit,
1572 3957 1633 4004 ut
1662 3952 1985 4016 Tartessum
2016 3947 2257 4022 fugeret;
2289 3957 2481 4005 exorta
2509 3963 2603 4003 au-

88 4049 182 4098 tem
205 4050 533 4115 tempestate
563 4050 712 4098 sorte
741 4040 1076 4108 destinatuS,
1105 4039 1249 4094 utin
1276 4054 1430 4094 mare
1463 4037 1825 4108 proiiceretur
1856 4037 2110 4108 (1,1-16),
2152 4053 2183 4094 a
2219 4051 2421 4108 magno
2456 4037 2604 4106 pisce

89 4125 365 4201 deglutitus
389 4127 488 4185 sed
515 4129 847 4184 miraculose
871 4135 1120 4184 servatus
1147 4133 1260 4193 est3
1291 4140 1462 4198 quare
1491 4128 1611 4180 Deo
1638 4123 1839 4197 gratias
1865 4123 1998 4196 egit,
2043 4139 2153 4195 quo
2181 4123 2404 4180 iubente
2440 4123 2605 4194 piscis

87 4217 228 4272 tertia
252 4218 342 4274 die
367 4232 496 4274 eum
519 4216 774 4273 illaesum
802 4215 858 4270 in
881 4222 1090 4271 terram
1119 4213 1276 4269 eiecit
1305 4217 1561 4281 (ml-10).

150 4305 406 4361 Alterius
445 4302 772 4364 missionis.
816 4302 914 4358 cui
954 4301 1310 4375 obsequitur,
1361 4299 1599 4373 fructus
1641 4303 1955 4366 (8,1-4‚11).
2004 4325 2075 4338 —-
2112 4299 2321 4354 Iterum
2366 4298 2603 4354 Niniven

97 4390 346 4456 proficisci
383 4392 563 4448 iussus
603 4389 861 4446 Ninivitis
902 4389 1186 4444 interitum
1233 4387 1384 4442 urbis
1421 4385 1796 4452 annuntiavit3
1844 4385 1952 4440 illis
1989 4393 2174 4440 autem
2213 4386 2605 4457 poenitentiam

95 4478 364 4545 agentibus
397 4481 552 4536 Deus
580 4477 759 4534 minas
786 4492 912 4532 suas
945 4484 1236 4531 exsecutus
1263 4490 1375 4530 non
1414 4483 1496 4530 est
1538 4477 1783 4540 (ΒΛ-10).
1824 4473 1947 4542 Quo
1989 4472 2414 4544 praedicationis
2454 4473 2605 4528 exitu

95 4566 298 4634 cognito
321 4565 590 4640 propbeta
616 4579 744 4621 cum
765 4567 886 4620 Deo
916 4561 1299 4634 expostulavit,
1329 4561 1563 4633 ideoque
1592 4575 1621 4616 a
1658 4563 1775 4615 Deo
1806 4559 2005 4617 leniter
2038 4567 2325 4634 correptus
2367 4569 2477 4632 est,
2510 4575 2604 4632 po·

840 4661 1094 4710 connum
1126 4659 1402 4708 corinun.
1435 4657 1657 4706 Inrnon.
1685 4683 1745 4694 —
1778 4659 1853 4706 28.
