3050 5184
465 330 876 375 ixrnarnarsss
917 329 1082 373 saec.
1128 316 1188 373 2.
1235 332 1312 375 m·
1353 317 1412 376 3.
1457 334 1602 377 pos-1·
1643 334 1897 379 mun-uu
1940 336 2099 382 cone.
2148 336 2309 381 ram.
2548 326 2660 386 169

135 464 396 518 Britannia
444 464 540 529 M„
573 465 620 517 I.
666 465 858 519 Dixon
900 464 963 533 (†
1006 468 1206 523 lesu).
1242 464 1430 520 Card.
1463 467 1591 521 Nic.
1628 468 1943 523 Wiseman
1972 471 2033 539 (†
2064 475 2270 537 1865.),
2305 474 2449 528 Dav.
2483 475 2657 529 Paul.

135 548 314 603 oracla
345 550 414 619 Η·
443 556 644 618 1865.),
672 554 745 606 A.
781 553 858 607 M.
897 556 972 606 Le
995 553 1114 605 Hir
1156 552 1215 621 (1-
1247 557 1444 620 1868.),
1479 556 1529 609 1.
1558 558 1627 619 B.
1661 556 1875 611 Glaire
1899 557 1963 625 (†
1994 558 2193 629 18⁷2.),
2220 562 2265 613 l.
2313 558 2414 615 ΤΙι.
2454 562 2660 616 Beelen

135 641 180 705 ἡ
225 644 440 705 1884.);
489 638 549 693 in
587 638 910 705 Germania,
955 642 1022 695 F.
1052 640 1428 704 Aolcermam,
1459 641 1597 697 Can.
1622 642 1749 698 Lat.
1781 644 1845 713 (1-
1884 647 2085 713 1831.).
2117 649 2165 700 l.
2190 648 2261 701 H.
2296 650 2661 703 Kistemalter

131 727 418 793 {†18³4.),
469 729 513 780 I.
565 728 634 781 G.
673 726 888 781 Herbst
928 727 993 796 (†
1041 725 1247 799 1836.),
1296 730 1345 782 I.
1391 730 1561 783 Leon.
1615 733 1749 800 Huq
1793 733 1855 800 (†
1900 736 2100 799 18⁴6.),
2150 736 2197 787 I.
2234 738 2315 789 Μ.
2346 740 2422 789 A.
2456 736 2661 791 Schola

135 815 178 879 ’ἧ-
217 818 430 881 1852.),
477 816 539 868 F.
593 816 656 869 C.
705 816 931 868 Movere
978 814 1042 883 (†
1094 818 1292 882 1856.),
1337 818 1434 871 Fr.
1487 817 1991 873 Windisclamann
2020 821 2083 888 (†
2132 826 2333 891 1861.),
2366 826 2465 877 Fr.
2499 828 2655 879 Xav.

129 900 454 970 Reitltmayr
487 902 553 971 (1-
596 905 798 969 1872.),
847 906 946 959 Fr.
977 900 1188 957 Allioci
1211 905 1436 971 (1873.),
1469 905 1548 959 M.
1580 904 1801 960 Aberle
1828 908 1890 975 (†
1931 912 2133 974 ¹8⁷6),
2166 910 2319 964 Dan.
2352 913 2419 965 B.
2457 915 2658 967 Hane-

131 988 264 1057 bery,
285 989 358 1044 O.
387 990 445 1045 S.
467 988 608 1044 Ben.
638 990 935 1059 (†1876.),
957 992 1136 1045 Laur.
1161 991 1673 1061 Reinke(†18⁷9.),
1690 998 1765 1049 A.
1788 995 2031 1067 Bispz’nq
2055 996 2118 1063 (†
2144 1001 2345 1065 1884),
2370 1002 2436 1054 B.
2469 999 2660 1055 Welte

129 1078 176 1145 (¹,-
204 1080 406 1146 18853,
437 1081 600 1132 Petr.
634 1076 853 1149 Sclteqq
883 1079 944 1146 (†
976 1082 1176 1145 1885.).

1204 1391 1500 1459 CAPUT
1542 1392 1625 1459 V.

636 1612 730 1663 DE
771 1612 1464 1665 INTERPRETATIONE
1505 1614 2137 1669 PROTESTANTICA.

170 1833 198 1903 ξ
235 1836 340 1894 17.
385 1865 476 1877 -
517 1826 620 1893 Ab
649 1840 790 1894 orto
821 1829 1367 1895 Protestantismo
1398 1852 1609 1919 usque
1642 1831 1739 1897 ad
1762 1832 2240 1899 Rationalismi
2270 1834 2581 1921 oriqineS.

176 2035 227 2092 1.
256 2068 338 2079 —
373 2036 480 2093 Ps.
517 2033 967 2096 reformatores
998 2036 1320 2098 immerito
1360 2056 1398 2098 a
1430 2038 1564 2098 suis
1604 2036 2021 2109 celebrantur,
2063 2037 2232 2114 quod
2276 2037 2650 2116 interpreta-

120 2130 246 2190 tioni
291 2131 776 2209 Scripturarum
815 2148 1037 2192 novam
1073 2132 1244 2193 viam
1285 2134 1682 2213 aperuerint3
1718 2135 1957 2195 etenim
1986 2132 2227 2204 cuncti,
2260 2134 2408 2193 licet
2436 2140 2653 2195 contra

121 2226 442 2285 Ecclesiam
475 2242 634 2285 nova
664 2242 778 2286 sua
805 2224 1118 2305 principia
1145 2222 1222 2285 de
1255 2224 1719 2303 Scripturarum
1760 2226 2139 2287 sufficientia
2178 2231 2244 2287 et
2280 2228 2637 2305 perspicui·

119 2326 220 2381 tate
249 2324 644 2393 statuerent,
679 2321 746 2381 in
781 2322 957 2399 praxi
995 2322 1160 2381 viam
1196 2322 1411 2383 tritam
1453 2340 1580 2382 non
1622 2322 2019 2401 reliquerunt
2056 2340 2411 2402 eorumque
2440 2324 2641 2384 inter-

115 2420 366 2491 pretatio
418 2418 492 2477 in
537 2435 615 2477 eo
659 2417 794 2478 solo
836 2435 873 2477 a
914 2417 1146 2479 tradita
1188 2417 1429 2489 differt,
1473 2419 1644 2495 quod
1686 2436 1831 2480 suas
1860 2419 2155 2481 haereses
2196 2420 2265 2479 in
2304 2419 2645 2498 Scripturis

115 2513 380 2575 invenire
411 2514 518 2573 vel
561 2514 774 2591 potius
815 2514 880 2573 in
911 2531 1014 2575 eas
1057 2513 1290 2575 inferre
1332 2515 1694 2575 voluerunt.
1738 2516 2133 2593 Quapropter
2177 2516 2370 2576 etiam
2425 2534 2643 2577 eorum

115 2611 547 2671 commentarii
578 2609 912 2687 interpreti
936 2609 1244 2671 catholico
1274 2627 1529 2690 prorsus
1554 2616 1700 2672 sunt
1725 2612 2003 2673 inutiles.

169 2732 218 2787 Si
241 2731 663 2803 protestanticis
686 2730 1004 2787 auctoribus
1031 2746 1253 2787 caecam
1281 2730 1450 2787 fidem
1486 2730 1903 2801 adhiberemus,
1938 2732 2542 2803 pseudoreformatores
2570 2733 2641 2789 de

117 2820 396 2889 scripturis
427 2818 661 2874 mirifice
688 2820 918 2875 meritos
954 2834 1073 2875 esse
1105 2818 1442 2887 diceremus3
1472 2819 1599 2875 illos
1626 2822 1844 2875 vincula
1882 2822 2094 2891 rupisse
2131 2819 2411 2889 dictitant,
2448 2821 2647 2893 quibus

119 2906 338 2963 Ecclesia
358 2908 616 2962 omnium
636 2907 850 2962 animos
866 2907 1066 2973 ligatos
1085 2908 1281 2976 tenuit,
1304 2908 1614 2979 Scripturas
1642 2908 1789 2979 ipsas
1816 2924 1916 2980 per
1936 2909 2113 2965 multa
2132 2908 2353 2965 saecula
2373 2908 2649 2981 neglectas

119 2994 160 3047 in
190 2995 372 3051 lucem
415 2994 750 3067 protraxisse
768 3036 781 3062 ‚
813 3010 985 3050 novas
1026 2995 1141 3049 vias
1177 2994 1248 3051 ad
1275 2996 1582 3069 genuinum
1614 3011 1841 3051 sensum
1861 2995 2251 3052 inveniendum
2282 3004 2638 3053 monstrasse.

121 3083 310 3139 Revera
333 3082 451 3137 duo
478 3098 624 3137 nova
658 3090 713 3137 et
737 3081 986 3138 inaudita
1016 3082 1284 3154 principia
1311 3091 1643 3151 statuerunt,
1678 3084 1811 3139 solis
1840 3083 2046 3139 scilicet
2074 3083 2229 3140 libris
2259 3085 2426 3140 sacris
2455 3099 2647 3140 omnes

120 3167 226 3225 fidei
265 3168 680 3227 controversias
724 3184 842 3225 esse
879 3168 1248 3236 dirimendaS,
1280 3178 1447 3241 atque
1489 3172 1785 3244 unicuique
1828 3172 1910 3228 ius
1942 3183 2258 3243 competere
2303 3173 2645 3243 scripturae,

123 3257 304 3328 quippe
333 3274 481 3330 quae
509 3258 794 3329 perspicua
823 3258 913 3321 sit,
945 3256 1250 3313 secundum
1281 3259 1566 3329 proprium
1602 3258 1868 3315 iudicium
1908 3260 2375 3330 interpretandae.
2408 3259 2554 3327 Quid
2584 3259 2653 3316 de

123 3344 196 3399 illa
222 3364 245 3397 ‹
270 3344 610 3401 sufficientia
638 3366 664 3396 n
691 3344 1042 3401 sentiendum
1061 3345 1157 3410 sit,
1183 3345 1475 3416 exponitur
1493 3346 1549 3401 in
1568 3346 1847 3420 theologia
1868 3346 2211 3419 dogmatica3
2241 3347 2648 3418 interpretandi

123 3441 288 3489 autem
329 3434 620 3489 licentiam
661 3430 1266 3503 pseudoreformatores
1301 3433 1403 3489 sibi
1456 3434 1685 3505 quidem
1726 3443 2073 3503 sumserunt,
2118 3433 2217 3490 sed
2259 3435 2485 3491 asseclis
2528 3436 2644 3490 suis

125 3535 214 3575 non
240 3528 681 3587 concesserunt„
699 3519 776 3575 ita
803 3529 868 3575 ut
892 3522 1086 3590 Reuss,
1117 3520 1247 3576 licet
1274 3522 1392 3592 ipse
1420 3529 1733 3592 protestans
1765 3521 1864 3588 sit,
1896 3519 2053 3577 fateri
2080 3531 2327 3595 cogatur,
2363 3522 2649 3578 «liberum

125 3622 334 3665 examen
361 3631 419 3677 n,
455 3616 618 3680 prout
647 3606 812 3664 hodie
842 3622 874 3663 a
898 3608 1330 3679 protestantibus
1363 3608 1707 3681 intelligitur,
1737 3625 1840 3665 nec
1876 3609 2178 3665 theoretice
2208 3626 2311 3665 nec
2347 3610 2584 3681 practice
2612 3626 2641 3665 a

125 3710 277 3753 novae
298 3696 590 3769 religionis
615 3694 1001 3752 fundatoribus
1024 3711 1144 3752 esse
1171 3694 1496 3752 stabilitum.

181 3784 366 3857 Neque
404 3798 616 3839 novum
655 3793 894 3858 systema
933 3783 1412 3839 hermeneuticum
1451 3793 1784 3841 statuerunt.
1830 3784 2119 3841 Interdum
2167 3786 2393 3857 quidem
2438 3787 2515 3842 ita
2563 3787 2648 3841 lo-

129 3882 370 3940 quuntur,
403 3886 470 3927 ac
507 3871 556 3927 si
590 3872 772 3927 solum
799 3887 1024 3927 sensum
1059 3871 1329 3927 literalem
1357 3881 1737 3944 agnoscerent,
1766 3872 2231 3947 vehementerque
2260 3874 2319 3929 in
2360 3872 2649 3945 allegorias

131 3956 470 4029 invehunmr3
499 3966 559 4015 at
577 3966 798 4015 tantum
825 3958 1009 4029 abest,
1036 3966 1100 4014 ut
1128 3959 1432 4031 quidquam
1458 3962 1588 4015 novi
1612 3959 1681 4016 de
1710 3960 1959 4016 sensibus
1986 3962 2303 4033 scripturae
2332 3960 2646 4023 statuerint,

133 4054 180 4097 ut
201 4046 596 4104 Melanchthon
633 4046 952 4120 allegoriam
990 4046 1139 4103 dicat
1171 4066 1196 4098 α
1227 4063 1446 4119 semper
1471 4048 1591 4104 sore
1623 4048 1771 4103 inter
1800 4047 1949 4104 locos
1991 4049 2317 4120 praecipuos
2362 4047 2650 4103 doctrinae

131 4132 439 4193 christianae
488 4156 516 4186 n
536 4178 550 4205 ‚
601 4145 766 4208 atque
807 4135 1024 4191 Flacius
1066 4135 1322 4208 Illyricas
1361 4135 1655 4207 allegorice
1708 4150 1825 4191 esse
1874 4136 2262 4207 explicandam
2303 4134 2649 4207 Scripturam

133 4220 322 4291 doceat,
347 4244 374 4277 ι
407 4224 508 4280 ubi
533 4222 831 4299 necessitas
859 4232 1021 4297 cogat
1047 4223 1134 4279 vel
1164 4223 1374 4279 utilitas
1404 4223 1589 4295 exigat
1618 4244 1669 4278 n.
1702 4224 1742 4280 i.
1770 4240 1820 4279 e.
1856 4244 1881 4275 ι
1912 4221 2007 4279 ubi
2038 4238 2230 4280 sensus
2259 4221 2653 4295 grammaticus

134 4322 240 4363 eum
276 4326 412 4367 sana
451 4310 705 4368 doctrina
747 4318 956 4383 pugnet
987 4314 1026 4379 (l
1048 4314 1130 4378 ΡΞ)
1175 4312 1260 4366 vel
1299 4309 1464 4366 bonis
1499 4311 1751 4367 moribus
1794 4311 2119 4367 adversetur
2145 4314 2183 4378 (l
2204 4314 2307 4379 ΡΞ),
2350 4317 2449 4365 aut
2485 4308 2651 4364 verba

139 4399 470 4455 grammatice
502 4406 686 4455 sumta
711 4400 930 4457 nullam
967 4398 1202 4455 afferant
1243 4399 1438 4454 utilem
1479 4398 1792 4454 doctrinam
1830 4399 1916 4454 vel
1945 4398 2348 4454 institutionem
2372 4398 2526 4465 (ΞΗ),
2560 4404 2655 4452 aut

139 4484 174 4537 si
216 4486 448 4559 aliquam
489 4487 755 4555 afferant,
793 4486 960 4559 longe
997 4495 1188 4542 tamen
1233 4486 1456 4541 uberior
1496 4488 1809 4558 proveniat,
1850 4488 1897 4542 si
1935 4485 2320 4555 interpretatio
2363 4484 2653 4557 allegorica

140 4570 448 4647 adiungatur
475 4596 526 4631 υ.
553 4576 632 4630 Ea
657 4581 873 4642 antem,
908 4589 1050 4647 quae
1084 4573 1154 4630 de
1183 4574 1472 4646 multiplici
1521 4590 1683 4629 sensu
1727 4574 2063 4641 docuerunt,
2114 4572 2169 4627 in
2218 4573 2332 4627 suis
2376 4586 2656 4628 commen-

141 4661 271 4716 tariis
297 4664 462 4719 etiam
491 4662 733 4734 practice
761 4662 934 4719 secuti
957 4668 1116 4719 sunt:
1149 4662 1390 4718 Lnthero
1419 4677 1506 4717 ex.
1540 4678 1622 4734 gr.
1654 4662 1943 4733 Seraphim
1974 4663 2070 4726 (Is.
2098 4664 2153 4728 6)
2180 4660 2492 4731 significant
2522 4673 2657 4729 apo-
