3050 5184
423 260 539 321 {38
623 276 698 321 DE
745 274 1304 319 mTERPRETATtoNE
1345 277 1394 320 S.
1423 276 1803 319 SCRIPTURAE.
1836 294 1909 303 -··
1938 276 2069 320 CAP.
2118 279 2175 321 Π.
2228 276 2404 323 LEGES
2438 274 2935 322 nEnnENEuTICAE.

501 410 585 469 Ut
611 411 822 467 autem
849 408 1098 467 facilius
1127 409 1194 467 et
1231 407 1447 476 citius,
1481 424 1677 484 quum
1712 425 1837 466 non
1866 424 2086 469 omnes
2114 409 2348 470 directe
2380 426 2455 469 ex
2482 409 2759 470 fontibus
2790 406 2939 465 indi-

423 504 574 563 catis
604 503 839 563 hauriri
865 504 1138 579 possint,
1169 504 1372 563 variae
1398 503 1847 563 vocabulorum
1877 505 2371 583 significationes
2391 505 2807 568 inveniantur.
2834 520 2946 559 ma—

421 616 544 678 gno
571 599 938 660 adiumento
969 599 1157 660 hodie
1185 603 1328 661 sunt
1354 600 1829 660 Concordante‘ae
1856 604 1919 660 et
1952 598 2275 661 Glossaria.

497 703 1084 760 Concordantz‘arum
1121 704 1344 758 nomine
1381 701 1740 775 designantur
1773 702 2125 759 collectiones
2153 720 2369 771 vocum,
2405 721 2545 777 quae
2584 706 2639 759 in
2668 703 2949 772 scripturis

423 799 742 859 occurrunt,
767 788 1110 862 alphabetico
1141 789 1337 846 ordine
1367 791 1441 845 ita
1469 788 1881 861 dispositarum,
1908 800 1969 846 ut
1987 792 2283 863 unicuique
2307 808 2500 848 omnes
2523 800 2734 858 textuS,
2758 790 2815 843 iu
2844 788 2947 858 qni-

423 878 525 935 bus
554 878 778 951 legitur,
800 878 912 933 sint
937 877 1228 948 adscripti3
1256 892 1446 932 earum
1472 878 1640 949 igitur
1664 893 1769 948 ope
1798 879 2035 934 varietas
2058 880 2539 951 significationum,
2569 894 2710 950 quae
2740 876 2810 932 ob
2834 891 2948 930 con-

425 974 607 1021 textus
636 963 1132 1036 adiuncturumque
1159 966 1476 1020 varietatem
1509 964 1775 1021 vocabulo
1804 965 2185 1023 attribuendae
2212 976 2367 1036 sunt,
2399 967 2531 1021 satis
2560 965 2721 1021 iacile
2750 962 2947 1019 inveni·-

430 1062 541 1109 tur.
569 1050 1103 1108 Concordantiarum
1129 1054 1384 1108 inventor
1409 1052 1612 1108 dicitur
1631 1052 1796 1109 Card.
1828 1056 1995 1123 Huqo
2020 1070 2061 1109 a
2079 1058 2136 1111 S.
2160 1058 2331 1121 Care,
2358 1056 2427 1110 O.
2450 1054 2648 1109 Praed.
2672 1054 2737 1122 (1-
2758 1050 2948 1118 lasa).

434 1139 531 1211 qui
556 1140 762 1208 primas
784 1136 856 1195 ad
881 1139 1176 1211 vulgatam
1204 1138 1522 1208 adornavit3
1562 1141 1680 1195 eius
1707 1155 1847 1211 opus
1870 1156 1902 1195 a
1929 1140 2096 1197 variis
2123 1150 2345 1197 auctum
2372 1150 2429 1197 et
2456 1148 2818 1198 retractatum
2845 1142 2949 1192 Lu-

426 1242 532 1282 cas
557 1226 870 1299 Bruqensis
897 1227 1164 1297 vulgatae
1189 1227 1565 1284 Clementinae
1592 1228 1873 1299 adaptavit
1901 1230 2269 1301 (Antwerpiae
2301 1228 2514 1301 1617.)‚
2546 1236 2713 1299 atque
2750 1226 2819 1281 ab
2859 1226 2951 1279 hac

433 1314 674 1370 editione
699 1313 1014 1385 dependent
1039 1313 1357 1383 modernae,
1386 1331 1621 1387 quarum
1650 1315 1901 1371 meliores
1930 1315 2222 1372 ediderunt
2250 1319 2319 1372 Η.
2351 1316 2665 1373 Phalesius
2700 1314 2951 1385 (Viennae

439 1408 636 1467 1825.),
664 1406 744 1459 Μ.
775 1404 1068 1473 Dutripon
1087 1402 1328 1473 (Parisiis
1349 1407 1502 1457 1838.
1532 1411 1588 1459 et
1610 1403 1866 1474 saepius),
1893 1406 1960 1459 G.
2000 1406 2209 1459 'sonim'
2229 1404 2404 1471 (Prati
2429 1404 2631 1473 1861.),
2656 1404 2733 1457 Μ.
2762 1399 2950 1455 Bet-leis

435 1490 679 1559 (Taurini
711 1490 890 1561 1887.)
914 1490 950 1547 “.
978 1489 1186 1547 Similia
1219 1506 1384 1561 opera
1413 1490 1482 1546 ad
1509 1490 1650 1546 alios
1678 1498 1860 1546 textus
1888 1491 2292 1562 Scripturarum
2316 1491 2584 1547 adornata
2607 1498 2766 1557 sunt3
2798 1486 2951 1543 hodie

433 1578 724 1648 praecipue
763 1576 1096 1633 adhibentur
1131 1576 1202 1633 ad
1241 1577 1591 1633 hebraicum
1639 1587 1849 1633 textum
1880 1579 2316 1634 concordantiae
2352 1578 2509 1634 hebr.
2548 1586 2605 1633 et
2647 1575 2833 1632 chald.
2868 1572 2946 1630 ed.

426 1668 472 1719 1.
501 1669 671 1721 Fur-st
696 1664 932 1737 (Lipsiae
963 1668 1172 1732 1840.);
1194 1665 1264 1720 ad
1288 1666 1757 1721 alexandrinam
1782 1666 1997 1722 Veteris
2016 1668 2165 1723 Test.
2194 1666 2501 1723 versionem
2526 1662 2949 1722 concordantiae

428 1767 655 1824 graecae
675 1752 732 1806 in
753 1754 911 1808 LXX
932 1753 1260 1823 interpretes
1281 1752 1369 1809 ed.
1392 1753 1539 1809 Abr.
1566 1754 1901 1808 Trommz‘us
1920 1754 2339 1825 (Amstelodami
2364 1757 2565 1822 1718.);
2588 1755 2658 1807 ad
2678 1766 2945 1824 graecum

429 1840 646 1895 Novum
675 1841 825 1895 Test.
857 1838 1293 1896 Concordantiae
1321 1840 1572 1897 omnium
1600 1856 1797 1896 vocum
1826 1842 1894 1897 N.
1926 1843 1991 1897 T.
2022 1842 2205 1913 graeci
2233 1840 2323 1897 ed.
2354 1846 2415 1898 C.
2448 1844 2515 1897 H.
2542 1839 2783 1895 Bruder
2810 1839 2947 1909 (Lip-

426 1927 539 1981 siae
581 1933 768 1995 1842.·,
807 1928 895 1983 ed.
947 1934 1000 1983 4.
1045 1932 1252 1996 1888.);
1301 1928 1374 1985 ad
1411 1932 1709 2000 syriacum
1757 1929 1975 1985 Novum
2016 1931 2165 1984 Test.
2206 1928 2741 1985 concordantiarum
2782 1927 2947 1982 locum

429 2022 584 2069 tenet
611 2018 672 2071 C.
700 2015 967 2087 Scltaafi'i
995 2016 1235 2071 Lexicon
1263 2016 1536 2089 syriacum
1561 2016 2007 2072 concordantiale
2036 2016 2316 2089 (Lugduni
2342 2018 2463 2071 Bat.
2496 2017 2702 2087 1708.).

497 2101 968 2167 Glossariorum,
996 2119 1138 2175 quae
1167 2103 1444 2159 vocabulis
1467 2102 1810 2176 alphabetico
1840 2101 2035 2159 ordine
2060 2103 2349 2173 descriptis
2372 2103 2801 2176 significationes
2832 2102 2950 2156 alte·

435 2204 494 2245 ra
524 2190 709 2261 lingua
739 2190 1134 2259 addunt,-usus
1162 2191 1414 2248 Patribus
1441 2208 1554 2247 non
1582 2192 1747 2263 plane
1773 2192 2083 2264 incognitus
2106 2192 2233 2260 fuit3
2276 2190 2441 2248 hodie
2476 2199 2665 2247 autem
2696 2186 2949 2245 eiusmodi

431 2291 594 2348 opera
626 2276 929 2347 abundant,
962 2294 1029 2334 ex
1049 2278 1245 2351 quibus
1272 2280 1365 2335 illa
1392 2281 1770 2347 nominamus,
1793 2294 1935 2350 quae
1962 2280 2181 2335 utiliora
2208 2286 2355 2335 sunt.
2386 2279 2475 2334 Ad
2517 2278 2849 2352 Vulqatam
2874 2276 2947 2329 in-

427 2364 674 2420 serviunt
699 2370 820 2437 [qn.
856 2370 1235 2423 Weitenauer
1259 2369 1316 2424 S.
1350 2369 1396 2424 I.
1431 2368 1669 2423 Lexicon
1699 2366 1963 2423 biblicum
1990 2367 2257 2439 vulgatae
2282 2368 2583 2439 (Augustae
2606 2365 2774 2422 Vind.
2804 2370 2945 2421 1753.

421 2460 478 2507 et
499 2446 733 2524 saepius)
772 2463 829 2510 et
853 2458 950 2510 Fr.
977 2456 1216 2511 Kaulen
1255 2454 1566 2512 Handbuch
1606 2472 1707 2511 zur
1739 2457 1973 2527 Vulgata
2002 2456 2202 2521 (Mainz
2245 2456 2443 2525 1870.).
2475 2454 2563 2509 Ad
2604 2460 2834 2510 textum
2858 2451 2945 2505 Ιιε-

431 2540 706 2596 braz'cum
739 2562 758 2595 .·
789 2546 857 2599 G.
899 2544 1137 2599 Gesenii
1163 2543 1480 2600 Thesaurus
1507 2544 1729 2615 linguae
1750 2542 1903 2598 hebr.
1931 2552 1987 2599 et
2008 2543 2192 2599 chald.
2216 2542 2453 2614 (Lipsiae
2476 2542 2792 2611 1835-53.);
2818 2542 2947 2596 eius-

421 2627 555 2683 dem
587 2630 829 2686 Lexicon
857 2632 1114 2687 manuale
1147 2630 1265 2703 (Ed.
1299 2637 1354 2687 2.
1391 2631 1609 2703 Lipsiae
1640 2637 1771 2687 1847
1780 2631 1837 2699 .),
1870 2631 2027 2686 euius
2063 2630 2361 2687 editionem
2389 2629 2729 2686 catholicam
2754 2626 2947 2685 curavit

422 2720 486 2771 P.
526 2720 590 2771 L.
619 2722 688 2773 B.
715 2718 914 2773 Drack
945 2720 1188 2785 (Parisiis
1239 2718 1450 2791 1848.);
1482 2718 1729 2775 eiusdem
1762 2719 1983 2775 Gesenii
2019 2718 2191 2775 Hebr.
2224 2716 2408 2774 chald.
2436 2712 2942 2773 Handwiirterbuch

421 2802 544 2865 (Ed.
570 2811 653 2860 10.
671 2805 887 2878 Lipsiae
904 2812 1058 2863 1885.
1077 2829 1091 2873 ς
1110 2808 1384 2880 anglicam
1403 2808 1518 2862 eius
1535 2806 1842 2863 versionem
1862 2804 2032 2862 edidit
2046 2806 2162 2861 Ed.
2181 2807 2491 2873 Robinson,
2516 2807 2728 2861 Boston
2749 2801 2941 2871 1871.):
3015 2788 3016 2809 ¹

419 2894 469 2947 Ι.
491 2895 670 2947 Ficrst
693 2892 866 2949 Hebr.
901 2893 1080 2950 chald.
1115 2894 1633 2950 Handworterbuch
1661 2894 1780 2960 (Ed.
1807 2901 1858 2949 3.
1887 2894 2100 2965 Lipsiae
2126 2898 2304 2959 1876.)
2326 2902 2430 2949 etc.
2456 2892 2543 2947 Ad
2567 2892 2940 2948 chaldaicam

419 2978 779 3049 paraphrasin
808 2984 976 3036 Ioan.
1005 2980 1311 3052 Buxtorfti
1334 2983 1576 3037 Lexicon
1602 2980 1786 3037 chald.
1819 2981 2018 3037 thalm.
2046 2980 2201 3037 rabb.
2236 2980 2495 3047 (Basileae
2528 2986 2681 3038 1639.
2705 3004 2720 3049 3
2748 2979 2945 3050 Lipsiae

423 3073 577 3122 1865.
607 3068 751 3139 sqq.)
782 3076 838 3125 et
865 3072 912 3125 l.
945 3074 1095 3137 Les-y
1118 3068 1314 3125 Chald.
1342 3068 1713 3125 Wiirterbuch
1738 3067 1872 3124 iiber
1901 3067 1989 3123 die
2016 3068 2375 3141 Thargumim
2398 3068 2631 3140 (Lipsiae
2662 3072 2855 3133 1876.).
2882 3092 2947 3105 -

417 3154 506 3209 Ad
556 3158 874 3225 syriacam
922 3156 1233 3211 versionem
1275 3161 1348 3211 E.
1403 3158 1654 3212 Cascelli
1702 3156 1943 3211 Lexicon
1997 3156 2273 3229 syriacum
2315 3156 2471 3225 (cum
2514 3152 2945 3212 adnotationibus

395 3242 477 3299 d.
507 3242 580 3297 D.
611 3242 916 3300 Michaelis
941 3244 1241 3317 Gottingae
1285 3250 1493 3312 1787.)‚
1525 3242 1598 3300 ad
1633 3244 1810 3299 solum
1841 3244 2059 3299 Novum
2090 3245 2238 3299 Test.
2278 3243 2552 3316 syriacum
2594 3248 2652 3299 C.
2689 3239 2945 3310 Soleaafiz·

423 3328 672 3385 Lexicon
714 3330 1161 3387 concordantiale
1207 3331 1487 3404 (Lugduni
1527 3333 1650 3388 Bat.
1703 3337 1903 3402 1708.).
1944 3329 2031 3386 Ad
2071 3329 2379 3386 versionem
2419 3329 2891 3387 alexandrinam
2928 3347 2944 3379 .-

417 3419 466 3471 1.
499 3420 562 3473 F.
603 3417 976 3475 Sclzleusnerz·
1004 3420 1242 3476 Lexicon
1270 3420 1328 3475 in
1356 3420 1518 3476 LXX
1558 3428 1614 3474 et
1641 3417 1881 3491 reliquos
1908 3418 2233 3489 interpretes
2262 3432 2489 3489 graecos
2529 3419 2599 3475 V.
2624 3420 2694 3475 T.
2722 3416 2944 3489 (Lipsiae
3015 3428 3016 3441 ¹

421 3505 624 3575 1820.).
645 3506 731 3563 Ad
751 3523 1032 3579 qraecum
1051 3512 1280 3563 Novum
1299 3510 1715 3563 Testamentum
1737 3528 1751 3561 ε
1780 3509 1851 3561 K.
1877 3508 1947 3561 G.
1968 3505 2419 3561 Brecscltnez‘der
2436 3506 2681 3561 Lexicon
2702 3504 2945 3561 manuale

417 3593 538 3656 (Ed.
584 3600 635 3649 3.
686 3595 901 3666 Lipsiae
945 3601 1145 3663 1840.),
1180 3599 1241 3652 C.
1269 3603 1344 3650 A.
1375 3594 1570 3650 Walal
1596 3594 1773 3649 Clavis
1798 3594 1867 3649 N.
1916 3594 1980 3649 T.
2022 3592 2215 3665 philol.
2256 3591 2377 3666 (Ed.
2409 3599 2463 3648 3.
2492 3592 2711 3661 Lipsiae
2754 3591 2938 3658 1843).

411 3684 479 3739 C.
507 3686 568 3737 L.
603 3683 706 3735 W.
741 3681 975 3735 Grlmm
1004 3680 1138 3734 Lex.
1183 3678 1514 3749 graeco-lat.
1546 3677 1672 3744 (Ed.
1704 3684 1759 3733 3.
1798 3680 2015 3749 Lipsiae
2059 3686 2243 3748 1888),
2276 3684 2346 3738 H.
2384 3684 2626 3737 Cremer
2663 3684 2938 3740 lvci-terh.

407 3768 509 3825 der
527 3768 865 3825 Neutestam.
889 3766 1174 3823 Graecitat
1194 3763 1314 3832 (Ed.
1342 3771 1396 3821 5.
1428 3764 1615 3822 Gotha
1648 3772 1857 3835 1888.);
1894 3768 1957 3823 C.
1994 3771 2063 3823 G.
2102 3770 2301 3825 With-e
2332 3771 2574 3825 Lexeion
2610 3772 2935 3843 graeco-lat.

409 3858 499 3914 ed.
535 3856 674 3911 Val.
722 3853 876 3910 Locle.
917 3853 1276 3923 (Ratisbonae
1309 3860 1498 3919 1858.;
1541 3869 1681 3925 opus
1709 3855 2084 3923 catholicum).
2134 3858 2406 3929 Pleraque
2437 3857 2577 3914 haec
2604 3875 2777 3932 opera
2817 3876 2937 3917 aca-

405 3944 644 4000 tholicos
673 3942 879 3999 habent
912 3951 1193 4009 auctores3
1229 3943 1286 3997 in
1315 3942 1379 3997 iis
1404 3943 1572 4014 igitur
1606 3942 1932 3999 adhibendis
1960 3945 2327 4017 philologieae
2362 3948 2761 4018 explicationes
2788 3956 2939 4004 caute

408 4044 463 4090 et
490 4040 747 4089 accurate
775 4046 810 4087 a
843 4030 1168 4102 theologicis
1205 4030 1599 4086 assertionibus
1637 4039 1767 4086 sunt
1804 4030 2231 4101 discernendae,
2263 4043 2431 4105 atque
2472 4050 2605 4105 prae
2645 4038 2821 4093 oculis
2848 4037 2940 4091 ha-

403 4122 650 4181 bendum
677 4130 792 4189 est,
826 4118 1582 4191 praeiudicia‘protestautica
1618 4110 1938 4191 saepissime
1966 4122 2070 4191 ipsi
2099 4121 2433 4195 philologiae
2462 4140 2583 4179 esse
2612 4126 2935 4197 perniciosa.
3015 4118 3016 4121 ’

485 4247 544 4301 4.
577 4278 659 4287 -—-
683 4243 757 4305 11.
782 4244 986 4306 Variis
1027 4244 1314 4305 vocabuli
1365 4244 1933 4323 significationibus
1982 4246 2281 4323 cognitis,
2314 4263 2657 4323 quamnam
2700 4267 2775 4309 ex
2819 4249 2935 4307 illis

403 4346 621 4400 auctor
642 4340 917 4402 indicare
942 4341 1236 4413 voluerit,
1263 4359 1371 4402 seu
1408 4342 1550 4418 quis
1577 4342 1747 4401 sitin
1778 4341 2194 4401 determinato
2218 4341 2357 4401 loco
2380 4360 2679 4405 VOCABULI
2704 4362 2913 4406 seusus

467 4494 533 4555 (ι)
562 4496 823 4557 Optimum
843 4502 922 4547 est
946 4497 1434 4549 Concordantiarum
1471 4498 1702 4547 Manuale
1732 4497 1927 4547 editum
1958 4510 1989 4545 a
2020 4501 2126 4547 1²1³.
2154 4498 2221 4548 de
2254 4502 2397 4549 Raze
2430 4504 2483 4551 ct
2504 4502 2763 4553 Lachaud
2790 4504 2931 4563 (Lug-

404 4568 528 4619 duni
561 4578 695 4623 1851.
728 4580 780 4625 et
809 4578 1045 4641 saepius),
1075 4576 1164 4626 sed
1192 4576 1537 4626 concionatori
1554 4614 1566 4634 ,
1597 4590 1749 4639 quam
1776 4577 2066 4639 interpreti,
2095 4578 2287 4627 utilius.
