3050 5184
487 288 606 349 116
759 303 914 347 msr.
955 302 1297 349 veneronum
1339 305 1397 349 υ.
1444 304 1503 347 τ.
1549 321 1629 331 -
1670 304 1805 349 cAP.
1852 306 1913 348 v.
1958 306 2034 350 nn
2074 306 2241 351 vens
2288 304 2425 349 ιΑτ.
2472 304 2761 349 vomui.

487 435 584 490 riis
609 433 666 488 in
693 431 926 489 urbibus
945 432 1180 490 emissae
1207 442 1363 505 sunt3
1393 434 1756 491 nihilominus
1788 440 1913 505 post
1939 435 2199 492 Heutenii
2226 444 2465 491 mortem
2490 451 2543 490 a.
2586 440 2742 489 1566.
2767 433 2991 488 Facultas
3019 424 3020 427 ’

485 524 694 577 Lovan.
723 522 822 575 Fr.
855 524 1079 576 Lucam
1105 525 1286 594 Bruq.
1321 522 1504 594 elegit,
1532 522 1631 593 qui
1656 521 1727 578 ab
1754 521 1875 579 aIIis
1894 522 2167 595 theologis
2191 522 2411 579 adiutus
2436 523 2594 577 novis
2620 522 2765 575 curis
2790 533 2904 574 eam
2926 532 2991 573 re-
3019 564 3020 573 ,

487 616 773 664 tractaret.
800 609 884 663 Ita
909 616 1098 663 autem
1120 623 1352 664 munere
1377 607 1601 665 functus
1622 616 1707 664 est
1723 610 2038 681 BrugensiS,
2062 618 2125 664 ut
2149 609 2325 665 textui
2343 609 2694 675 benteniano,
2720 620 2878 679 quem
2902 612 3021 667 non}

489 694 751 762 mutavit,
783 694 1018 750 aliorum
1041 693 1156 751 fere
1173 695 1456 768 sexaginta
1477 695 1733 751 codicum
1758 705 1817 750 et
1838 696 2305 768 complutensium
2328 696 2543 767 Polygl.
2568 694 2744 749 varias
2762 694 2995 749 lectiones
3019 710 3020 751 3

491 782 742 839 adderet.
770 784 1058 837 Novorum
1084 782 1388 838 Bibliorum
1406 782 1831 839 Lovaniensium
1858 783 2213 839 celeberrima
2242 790 2326 839 est
2348 781 2515 838 editio
2534 796 2585 836 a.
2622 787 2779 847 1583,
2808 794 2909 851 qua
2930 779 2995 833 usi
3019 770 3020 797 ³

491 877 621 925 sunt
641 870 984 925 correctores
1011 870 1244 925 romani.
2696 894 2703 899 ·

570 1039 630 1096 2.
653 1036 982 1097 —Etenim
1003 1038 1218 1097 Patres
1235 1037 1610 1109 Tridentini,
1627 1054 1821 1115 quum
1842 1038 2167 1099 decretum
2188 1054 2373 1100 suum
2386 1040 2651 1097 Romam
2670 1035 2995 1096 mitterent.

493 1132 685 1192 simul
711 1132 1045 1193 Summum
1081 1133 1456 1193 Pontificem
1481 1136 1812 1211 rogarunt,
1844 1138 1917 1194 ut
1942 1134 2077 1211 ipse
2107 1150 2221 1212 per
2242 1134 2509 1194 idoneos
2532 1133 2706 1191 viros
2728 1128 3020 1211 emenda-q

491 1228 806 1289 tissimam
847 1228 1188 1288 editionem
1230 1232 1502 1302 curaret,
1546 1246 1708 1305 quae
1748 1229 2045 1291 omnibus
2083 1246 2199 1307 pro
2238 1228 2583 1307 exemplari
2624 1231 2811 1287 esset.
2851 1220 3020 1307 Quod}

492 1324 818 1403 negotium
849 1325 1055 1384 multo
1085 1324 1331 1385 facilius
1364 1341 1502 1384 esse
1533 1324 1818 1384 arbitrati
1844 1328 2017 1395 sunt,
2047 1341 2235 1402 quam
2260 1340 2477 1386 revera
2507 1320 3020 1397 erat31iceteni1n3

493 1419 857 1479 immediate
900 1424 1045 1497 post
1086 1420 1432 1481 Concilium
1469 1421 1881 1480 terminatum
1916 1420 2250 1481 Pontifices
2276 1418 2707 1481 emendandae
2736 1418 3020 1494 Vulgata-1

494 1532 711 1577 curam
753 1533 933 1576 suam
970 1514 1340 1595 impendere
1379 1516 1731 1593 coeperint,
1762 1533 1890 1576 non
1920 1515 2043 1575 nisi
2082 1533 2243 1577 anno
2275 1516 2453 1577 1590.
2488 1514 2697 1594 prima
2730 1510 3020 1583 correctio

492 1629 751 1672 romana
779 1612 944 1689 typis
971 1614 1068 1673 est
1096 1606 1410 1689 descripta
1438 1610 1728 1691 (Vulqata
1752 1609 2043 1691 Sia-tina).

564 1744 756 1797 Patres
789 1739 1096 1795 Tridentini
1132 1748 1250 1797 tam
1286 1741 1396 1798 cito
1433 1757 1466 1797 a
1502 1742 1747 1797 romanis
1782 1740 2055 1814 theologis
2092 1740 2533 1797 emendationem
2569 1740 2917 1796 terminatum
2948 1736 3020 1791 iri:

493 1835 868 1899 speraverant,
888 1835 948 1881 ut
961 1827 1130 1898 ipsius
1143 1828 1373 1883 Concilii
1391 1828 1717 1885 auctoritate
1735 1828 2035 1900 approbata
2050 1828 2110 1883 in
2124 1829 2303 1884 lucem
2324 1827 2504 1883 emitti
2524 1835 2735 1897 posset3
2757 1842 2889 1899 quae
2902 1838 3003 1893 spes

494 1914 710 1987 egregie
736 1930 832 1969 eos
863 1912 1072 1970 fefellit.
1101 1916 1245 1971 Toto
1272 1916 1418 1971 enim
1444 1924 1716 1986 tempore,
1743 1932 1854 1989 quo
1882 1914 2101 1971 duravit
2122 1916 2456 1981 Concilium,
2480 1915 2602 1971 aliis
2632 1914 2780 1970 curis
2802 1922 2855 1968 et
2878 1912 3001 1967 labo-

493 2002 645 2059 ribus
671 2001 858 2057 multis
886 2000 1109 2057 distenti
1145 2011 1303 2059 erant
1330 2001 1655 2071 Pontificesg
1688 2003 1777 2057 vix
1804 2011 1989 2059 autem
2030 2002 2128 2058 illo
2164 2002 2460 2059 terminato
2497 2002 2629 2059 Pius
2667 2003 2766 2058 IV.
2801 2008 3020 2072 quatuor

494 2089 816 2146 Cardinales
837 2088 1138 2161 deputavit,
1169 2090 1262 2161 qui
1289 2090 1559 2161 Vulgatae
1588 2098 1799 2145 textum
1826 2089 1899 2145 ad
1924 2090 2209 2160 pristinam
2234 2089 2529 2161 puritatem
2548 2096 2886 2145 revocarent.
2914 2074 3020 2139 Ali-³

496 2192 635 2250 quos
661 2176 910 2246 codiceS,
934 2177 1080 2232 inter
1108 2192 1245 2249 quos
1273 2177 1601 2249 praecipuus
1635 2178 1897 2233 Paulinus
1925 2178 2252 2244 (Carolinusi
2285 2185 2434 2246 erat,
2474 2174 2841 2232 conferendos
2866 2187 3001 2229 cura-

495 2266 574 2321 vit
604 2265 956 2337 congregatio
985 2263 1363 2320 emendandae
1403 2265 1675 2337 vulgatae
1712 2266 1991 2333 instituta;
2034 2273 2092 2320 at
2122 2263 2273 2319 lento
2311 2279 2503 2337 gressu
2540 2262 3002 2336 progrediebantur

493 2350 760 2425 theologi,
791 2352 990 2423 quibus
1012 2351 1235 2408 collatio
1264 2350 1522 2408 codicum
1552 2350 1881 2408 demandata
1909 2360 2057 2419 erat,
2084 2367 2186 2407 nec
2207 2351 2293 2408 Pii
2324 2351 2418 2406 IV.
2447 2366 2628 2422 neque
2659 2350 2893 2406 duorum
2911 2346 3020 2401 eius¹

495 2455 876 2495 suecessoriun
912 2439 967 2494 S.
1007 2440 1092 2494 Pii
1125 2440 1193 2495 V.
1237 2447 1294 2495 et
1335 2439 1595 2511 Gregorii
1638 2440 1801 2495 XIII.
1842 2448 2091 2511 tempore
2128 2439 2366 2495 multum
2405 2436 2783 2509 profecerunt.
2820 2436 3001 2505 Grego-

493 2526 638 2582 rium
657 2527 819 2582 XIII.
844 2534 1028 2583 autem
1049 2534 1270 2583 secutus
1289 2534 1374 2581 est
1390 2526 1596 2582 Sixtus
1626 2530 1681 2580 V
1683 2568 1720 2595 .‚
1746 2526 1839 2598 qui
1862 2524 2011 2582 brevi
2030 2542 2131 2582 suo
2152 2525 2397 2597 quinque
2421 2540 2696 2580 annorum
2718 2522 3003 2596 pontificatu

495 2614 894 2685 (1585.-1590.)
931 2614 1014 2668 uti
1051 2613 1242 2669 multis
1277 2614 1397 2670 aliis
1433 2614 1716 2685 praeclare
1754 2612 1952 2685 gestiS‚
1981 2610 2057 2669 ita
2086 2613 2253 2668 etiam
2290 2613 2440 2680 zelo,
2472 2627 2639 2683 quem
2680 2604 3006 2667 emendandis

493 2702 903 2773 Scripturarum
940 2700 1270 2757 editionibus
1295 2699 1593 2774 impendit,
1624 2715 1885 2772 magnam
1911 2698 2015 2756 sibi
2042 2700 2277 2772 gloriam
2306 2698 2611 2770 acquisivit.
2644 2698 2862 2755 Etenim
2888 2700 3005 2766 post-

495 2805 663 2862 quam
688 2780 814 2845 iam'
829 2804 880 2844 a.
913 2794 1068 2844 1586.
1100 2786 1491 2845 alexandrinae
1517 2787 1781 2843 versionis
1808 2785 2127 2849 editionem,
2159 2802 2268 2858 qua
2288 2786 2579 2843 meliorem
2600 2785 2850 2843 nondum
2872 2796 3003 2839 acce-

493 2878 693 2948 pimuS‚
722 2874 924 2947 publici
942 2876 1078 2931 iuris
1099 2874 1227 2932 fecit
1247 2874 1296 2949 (5
1319 2881 1385 2933 10
1405 2892 1459 2946 p.
1484 2880 1595 2945 87),
1615 2891 1730 2930 non
1752 2875 2025 2930 minorem
2046 2872 2477 2931 sollicitudinem
2498 2872 2875 2929 terminandae
2892 2868 3005 2923 Vul-

493 2972 652 3039 gatae
680 2964 1009 3021 correctioni
1035 2962 1313 3032 adhibuit,
1353 2971 1518 3035 atque
1552 2962 1905 3034 congregatio
1952 2958 2330 3018 cardinalium
2364 2959 2871 3033 theologorumque
2904 2953 3008 3011 huic

492 3052 713 3125 negotio
763 3051 1077 3122 praeposita
1124 3050 1382 3107 ardorem
1423 3050 1715 3121 zelumque
1756 3047 2035 3104 Pontificis
2076 3047 2353 3105 aemulata
2387 3052 2487 3103 est.
2524 3046 2761 3104 Codices
2797 3045 3008 3117 optimos

495 3141 660 3207 (inter
697 3154 835 3212 quos
863 3138 1091 3205 Amiat„
1134 3138 1337 3207 Tolet.‚
1376 3137 1617 3202 Pamin„
1659 3136 1957 3204 vallicell„
1998 3135 2265 3192 Ottobon.
2306 3138 2439 3202 etc.)
2478 3135 2743 3203 contulit,
2773 3129 3007 3191 lectiones

493 3225 689 3283 dubias
711 3242 840 3281 cum
868 3226 1208 3299 primigeniis
1233 3224 1476 3281 textibus
1503 3224 1861 3295 comparavit,
1892 3220 2308 3279 emendationes
2340 3220 2621 3278 faciendas
2650 3230 2777 3293 post
2805 3220 3009 3289 diligens

493 3328 725 3369 examen
750 3314 810 3369 in
832 3315 1080 3387 margine
1107 3312 1411 3370 Bibliorum
1435 3312 1761 3369 LovanienS.
1788 3308 1895 3377 (ed.
1921 3326 1971 3365 a.
2006 3314 2189 3377 1583.)
2218 3308 2518 3366 adnotavit.
2543 3309 2611 3364 Id
2629 3308 2733 3365 sibi
2758 3302 3008 3382 proposuit

493 3401 870 3473 congregatio,
901 3410 963 3456 ut
985 3402 1284 3475 vulgatam
1303 3400 1380 3456 ita
1405 3399 1740 3466 restitueret,
1770 3398 1947 3468 qualis
1980 3412 2047 3453 ex
2074 3396 2247 3468 ipsius
2276 3398 2588 3469 interpretis
2615 3412 2788 3452 manu
2815 3390 3009 3467 prodie-

492 3497 606 3553 rat,
637 3488 874 3559 ideoque
915 3488 1155 3559 primum
1183 3480 1370 3544 locum
1399 3484 1715 3542 auctoritati
1752 3483 2105 3556 antiquorum
2136 3484 2401 3540 Codicum
2434 3492 2491 3539 et
2513 3486 2745 3539 Patrum
2772 3476 3011 3538 concessit

492 3577 665 3649 iisque
693 3577 824 3631 solis
848 3576 908 3631 in
932 3576 1097 3644 lociS,
1130 3589 1370 3648 quorum
1391 3572 1555 3629 lectio
1574 3588 1642 3627 ex
1662 3573 1757 3628 illa
1784 3570 1999 3627 definiri
2027 3588 2141 3627 non
2155 3572 2356 3643 potuit,
2379 3570 2451 3627 ad
2477 3578 2662 3627 textus
2685 3566 3011 3643 primigenios

494 3660 761 3735 confugit,
794 3679 906 3719 non
931 3672 1123 3719 tamen
1155 3670 1222 3717 ut
1246 3660 1564 3733 interpretis
1598 3666 1780 3715 errata
1809 3658 2129 3731 corrigeret,
2159 3658 2258 3713 sed
2294 3666 2357 3713 ut
2384 3674 2450 3714 ex
2482 3657 2576 3724 eis,
2613 3657 2750 3731 quid
2775 3651 3009 3729 probabi-

493 3752 601 3808 lius
627 3750 698 3806 ab
723 3751 1024 3822 interprete
1051 3758 1196 3807 esset
1223 3748 1512 3820 scriptum,
1539 3745 1883 3803 diiudicaret.
1924 3748 2061 3803 Post
2083 3743 2369 3801 biennium
2407 3744 2691 3817 exemplar
2728 3749 3010 3801 correctum

493 3838 655 3895 Card.
684 3838 921 3906 Caraffa,
945 3836 1392 3911 congregationis
1411 3848 1655 3907 praeseS,
1684 3834 1837 3891 Sixto
1860 3834 1930 3889 V.
1954 3831 2201 3888 tradidit.
2233 3832 2342 3901 Qui
2377 3831 2517 3889 illud
2544 3840 2759 3889 attente
2784 3826 3009 3903 perlegit.

493 3927 760 3983 lectiones
796 3941 829 3981 a
875 3926 1299 3998 congregatione
1325 3924 1386 3979 in
1411 3921 1581 3978 dubio
1621 3922 1841 3977 relictas
1877 3919 2289 3987 determinavit,
2332 3919 2787 3976 emendationum
2824 3922 3011 3988 partem

495 4013 838 4086 approbavit,
866 4013 1133 4069 maiorem
1161 4019 1378 4082 partem
1403 4010 1623 4077 reiecit;
1650 4024 1819 4080 quam
1841 4009 2092 4080 proxime
2120 4007 2269 4063 enim
2290 4006 2653 4063 Lovaniensia
2680 4006 2853 4061 Biblia
2878 3998 3013 4070 sequi

495 4100 684 4156 voluit.
715 4104 888 4158 Suum
918 4097 1118 4155 deinde
1163 4098 1449 4169 exemplar
1483 4095 1737 4153 Pontifex
1772 4094 2119 4169 typographo
2148 4094 2423 4151 commisit
2466 4103 2635 4166 atque
2664 4094 2779 4164 ipse
2818 4100 3013 4163 quoque

497 4187 625 4244 folia
654 4188 868 4259 singula
896 4202 928 4242 a
963 4184 1378 4259 typothetarum
1405 4183 1686 4240 erroribus
1734 4182 2002 4255 purgavit.
2052 4184 2174 4238 Hac
2218 4181 2435 4237 ratione
2476 4197 2528 4237 a.
2564 4186 2719 4237 1590.
2766 4176 2903 4253 typis
2927 4172 3013 4229 de-

497 4275 695 4347 scripta
717 4283 803 4330 est
829 4274 1007 4346 prima
1035 4272 1306 4329 correctio
1333 4286 1563 4328 romana
1580 4314 1594 4341 ,
1622 4286 1763 4342 quae
1793 4270 2067 4342 Vulqata
2092 4269 2342 4325 Sixtina
2372 4269 2491 4324 iure
2526 4268 2865 4334 nominatur,
2902 4260 3011 4333 quia

494 4362 552 4416 in
581 4376 645 4417 ea
673 4360 993 4418 adornanda
1021 4361 1206 4418 Sixtus
1231 4360 1435 4431 primas
1463 4366 1647 4430 partes
1685 4356 1897 4413 habuit.
1937 4356 2173 4413 Editioni
2219 4353 2669 4413 constitutionem
2700 4372 2725 4407 ι
2765 4356 3013 4409 Aeternus

495 4448 588 4503 ille
619 4468 644 4499 n
673 4449 974 4519 praemisit,
1008 4462 1118 4520 qua
1147 4446 1291 4502 hanc
1317 4461 1478 4502 suam
1500 4444 1807 4501 editionem
1844 4444 1915 4501 ab
1954 4443 2206 4500 omnibus
2240 4453 2528 4515 tamquam
2554 4443 2707 4500 illam
2740 4440 3011 4511 vulgatam

496 4532 664 4603 recipi
684 4534 858 4604 iussit,
892 4550 1033 4606 quae
1062 4550 1095 4589 a
1117 4534 1285 4590 Cone.
1315 4531 1642 4589 Tridentino
1670 4532 1984 4588 authentica
2008 4532 2079 4587 sit
2106 4529 2412 4599 declarata3
2444 4544 2625 4602 neque
2646 4537 2830 4585 tamen
2858 4522 3009 4581 omni-

497 4618 601 4673 bus
642 4622 886 4677 numeris
915 4621 1224 4677 absolutam
1253 4635 1376 4677 eam
1417 4634 1538 4678 esse
1584 4618 1813 4688 censuit,
1850 4618 1976 4691 quia
2002 4634 2124 4676 eam
2154 4634 2187 4672 t
2226 4615 2461 4690 optime,
2492 4624 2660 4689 prout
2690 4615 2803 4672 fieri
2834 4609 3009 4685 potuit,
