<?xml version="1.0" encoding="UTF-8"?>
<!DOCTYPE html PUBLIC "-//W3C//DTD XHTML 1.0 Transitional//EN"
    "http://www.w3.org/TR/xhtml1/DTD/xhtml1-transitional.dtd">
<html xmlns="http://www.w3.org/1999/xhtml" xml:lang="en" lang="en">
 <head>
  <title>
</title>
<meta http-equiv="Content-Type" content="text/html;charset=utf-8" />
  <meta name='ocr-system' content='tesseract 3.04.00' />
  <meta name='ocr-capabilities' content='ocr_page ocr_carea ocr_par ocr_line ocrx_word'/>
</head>
<body>
  <div class='ocr_page' id='page_1' title='image "./historicaeetcri00corngoog_0328.png"; bbox 0 0 3050 5184; ppageno 0'>
   <div class='ocr_carea' id='block_1_1' title="bbox 300 304 2806 375">
    <p class='ocr_par' dir='ltr' id='par_1_1' title="bbox 300 304 2806 375">
     <span class='ocr_line' id='line_1_1' title="bbox 300 304 2806 375; baseline 0.003 -13"><span class='ocrx_word' id='word_1_1' title='bbox 300 304 418 364; x_wconf 78' lang='lat'><strong>318</strong></span> <span class='ocrx_word' id='word_1_2' title='bbox 458 322 534 367; x_wconf 78' lang='lat' dir='ltr'><strong>m:</strong></span> <span class='ocrx_word' id='word_1_3' title='bbox 562 324 694 368; x_wconf 70' lang='lat' dir='ltr'><strong>ver.</strong></span> <span class='ocrx_word' id='word_1_4' title='bbox 730 324 993 370; x_wconf 67' lang='grc' dir='ltr'><strong>τες-[ΛΜ.</strong></span> <span class='ocrx_word' id='word_1_5' title='bbox 1024 327 1223 372; x_wconf 69' lang='lat' dir='ltr'><strong>unius</strong></span> <span class='ocrx_word' id='word_1_6' title='bbox 1250 328 1589 373; x_wconf 70' lang='lat' dir='ltr'><strong>mmmmm.</strong></span> <span class='ocrx_word' id='word_1_7' title='bbox 1624 346 1704 357; x_wconf 91' lang='lat'><em>-</em></span> <span class='ocrx_word' id='word_1_8' title='bbox 1731 329 1857 374; x_wconf 53' lang='lat' dir='ltr'><strong>car.</strong></span> <span class='ocrx_word' id='word_1_9' title='bbox 1889 330 1976 373; x_wconf 88' lang='lat'><strong>111.</strong></span> <span class='ocrx_word' id='word_1_10' title='bbox 2005 330 2084 375; x_wconf 68' lang='lat' dir='ltr'><strong>nn</strong></span> <span class='ocrx_word' id='word_1_11' title='bbox 2112 328 2439 375; x_wconf 74' lang='lat' dir='ltr'><strong>PSALTERIO</strong></span> <span class='ocrx_word' id='word_1_12' title='bbox 2475 328 2806 373; x_wconf 65' lang='lat' dir='ltr'><strong>aninmo.</strong></span> 
     </span>
    </p>
   </div>
   <div class='ocr_carea' id='block_1_2' title="bbox 301 446 2866 794">
    <p class='ocr_par' dir='ltr' id='par_1_2' title="bbox 301 446 2866 794">
     <span class='ocr_line' id='line_1_2' title="bbox 301 446 2862 529; baseline 0.004 -24"><span class='ocrx_word' id='word_1_13' title='bbox 301 460 419 507; x_wconf 86' lang='lat' dir='ltr'><strong>tant</strong></span> <span class='ocrx_word' id='word_1_14' title='bbox 449 472 462 507; x_wconf 90' lang='lat'><strong>:</strong></span> <span class='ocrx_word' id='word_1_15' title='bbox 496 454 582 508; x_wconf 84' lang='lat' dir='ltr'><strong>ad</strong></span> <span class='ocrx_word' id='word_1_16' title='bbox 594 446 637 505; x_wconf 76' lang='grc' dir='ltr'><em>ἀ</em></span> <span class='ocrx_word' id='word_1_17' title='bbox 666 470 837 511; x_wconf 78' lang='lat' dir='ltr'><strong>cerua</strong></span> <span class='ocrx_word' id='word_1_18' title='bbox 861 472 1127 513; x_wconf 74' lang='lat' dir='ltr'><strong>aurorae</strong></span> <span class='ocrx_word' id='word_1_19' title='bbox 1156 478 1181 509; x_wconf 64' lang='grc' dir='ltr'><strong>υ</strong></span> <span class='ocrx_word' id='word_1_20' title='bbox 1216 463 1329 526; x_wconf 77' lang='lat' dir='ltr'><strong>(Ps.</strong></span> <span class='ocrx_word' id='word_1_21' title='bbox 1362 466 1448 515; x_wconf 80' lang='lat'><strong>22.</strong></span> <span class='ocrx_word' id='word_1_22' title='bbox 1478 460 1697 529; x_wconf 67' lang='lat' dir='ltr'><strong>belm),</strong></span> <span class='ocrx_word' id='word_1_23' title='bbox 1730 462 1816 516; x_wconf 83' lang='lat' dir='ltr'><strong>ad</strong></span> <span class='ocrx_word' id='word_1_24' title='bbox 1845 480 1871 510; x_wconf 70' lang='grc' dir='ltr'><strong>α</strong></span> <span class='ocrx_word' id='word_1_25' title='bbox 1901 459 2034 515; x_wconf 76' lang='lat' dir='ltr'><strong>litia</strong></span> <span class='ocrx_word' id='word_1_26' title='bbox 2064 480 2088 510; x_wconf 70' lang='grc' dir='ltr'><strong>υ</strong></span> <span class='ocrx_word' id='word_1_27' title='bbox 2125 464 2240 524; x_wconf 85' lang='lat' dir='ltr'><strong>(Ps.</strong></span> <span class='ocrx_word' id='word_1_28' title='bbox 2273 466 2366 519; x_wconf 74' lang='lat'><strong>45.</strong></span> <span class='ocrx_word' id='word_1_29' title='bbox 2395 465 2484 515; x_wconf 81' lang='grc'><strong>69.</strong></span> <span class='ocrx_word' id='word_1_30' title='bbox 2520 460 2709 525; x_wconf 74' lang='lat' dir='ltr'><strong>hebr.)</strong></span> <span class='ocrx_word' id='word_1_31' title='bbox 2747 460 2862 513; x_wconf 81' lang='lat' dir='ltr'><strong>vel</strong></span> 
     </span>
     <span class='ocr_line' id='line_1_3' title="bbox 302 538 2860 618; baseline 0.004 -26"><span class='ocrx_word' id='word_1_32' title='bbox 302 538 389 593; x_wconf 82' lang='lat' dir='ltr'><strong>ad</strong></span> <span class='ocrx_word' id='word_1_33' title='bbox 419 560 443 589; x_wconf 73' lang='grc' dir='ltr'><strong>α</strong></span> <span class='ocrx_word' id='word_1_34' title='bbox 477 540 669 597; x_wconf 73' lang='lat' dir='ltr'><strong>lilium</strong></span> <span class='ocrx_word' id='word_1_35' title='bbox 701 549 789 598; x_wconf 81' lang='lat' dir='ltr'><strong>est</strong></span> <span class='ocrx_word' id='word_1_36' title='bbox 815 544 1211 601; x_wconf 67' lang='lat' dir='ltr'><strong>testimonium</strong></span> <span class='ocrx_word' id='word_1_37' title='bbox 1233 566 1257 597; x_wconf 70' lang='grc' dir='ltr'><strong><em>ο</em></strong></span> <span class='ocrx_word' id='word_1_38' title='bbox 1284 545 1398 618; x_wconf 78' lang='lat' dir='ltr'><strong>(Ps.</strong></span> <span class='ocrx_word' id='word_1_39' title='bbox 1430 552 1520 604; x_wconf 81' lang='lat'><strong>60.</strong></span> <span class='ocrx_word' id='word_1_40' title='bbox 1550 546 1736 613; x_wconf 79' lang='lat' dir='ltr'><strong>hebr.)</strong></span> <span class='ocrx_word' id='word_1_41' title='bbox 1765 547 1852 603; x_wconf 83' lang='lat' dir='ltr'><strong>vel</strong></span> <span class='ocrx_word' id='word_1_42' title='bbox 1877 548 1960 602; x_wconf 81' lang='lat' dir='ltr'><strong>ad</strong></span> <span class='ocrx_word' id='word_1_43' title='bbox 1987 568 2014 598; x_wconf 78' lang='grc' dir='ltr'>α</span> <span class='ocrx_word' id='word_1_44' title='bbox 2039 546 2183 603; x_wconf 79' lang='lat' dir='ltr'><strong>lilia</strong></span> <span class='ocrx_word' id='word_1_45' title='bbox 2207 547 2612 603; x_wconf 73' lang='lat' dir='ltr'><strong>testimonium</strong></span> <span class='ocrx_word' id='word_1_46' title='bbox 2635 554 2786 602; x_wconf 80' lang='lat' dir='ltr'><strong>sunt</strong></span> <span class='ocrx_word' id='word_1_47' title='bbox 2825 566 2860 595; x_wconf 73' lang='grc' dir='ltr'><strong><em>ο</em></strong></span> 
     </span>
     <span class='ocr_line' id='line_1_4' title="bbox 304 627 2866 707; baseline 0.003 -27"><span class='ocrx_word' id='word_1_48' title='bbox 304 630 417 691; x_wconf 65' lang='grc' dir='ltr'><strong>ξΡε.</strong></span> <span class='ocrx_word' id='word_1_49' title='bbox 449 633 537 683; x_wconf 85' lang='grc'><strong>80.</strong></span> <span class='ocrx_word' id='word_1_50' title='bbox 568 627 775 697; x_wconf 72' lang='grc' dir='ltr'><strong>Ιιεὸν.).</strong></span> <span class='ocrx_word' id='word_1_51' title='bbox 807 631 896 686; x_wconf 82' lang='lat' dir='ltr'><strong>ad</strong></span> <span class='ocrx_word' id='word_1_52' title='bbox 937 650 963 683; x_wconf 74' lang='grc' dir='ltr'><strong><em>α</em></strong></span> <span class='ocrx_word' id='word_1_53' title='bbox 992 648 1066 687; x_wconf 80' lang='lat' dir='ltr'><strong>ne</strong></span> <span class='ocrx_word' id='word_1_54' title='bbox 1092 633 1405 707; x_wconf 73' lang='lat' dir='ltr'><strong>disperdas</strong></span> <span class='ocrx_word' id='word_1_55' title='bbox 1442 654 1467 685; x_wconf 74' lang='lat' dir='ltr'><strong>n</strong></span> <span class='ocrx_word' id='word_1_56' title='bbox 1503 636 1620 705; x_wconf 82' lang='lat' dir='ltr'><strong>(Ps.</strong></span> <span class='ocrx_word' id='word_1_57' title='bbox 1651 640 1741 690; x_wconf 82' lang='lat'><strong>57.</strong></span> <span class='ocrx_word' id='word_1_58' title='bbox 1771 640 1860 691; x_wconf 83' lang='lat'><strong>58.</strong></span> <span class='ocrx_word' id='word_1_59' title='bbox 1893 640 1984 690; x_wconf 83' lang='lat'><strong>59.</strong></span> <span class='ocrx_word' id='word_1_60' title='bbox 2015 641 2102 691; x_wconf 83' lang='lat'><strong>75.</strong></span> <span class='ocrx_word' id='word_1_61' title='bbox 2138 635 2354 701; x_wconf 75' lang='lat' dir='ltr'><strong>hebr.);</strong></span> <span class='ocrx_word' id='word_1_62' title='bbox 2387 634 2532 691; x_wconf 77' lang='lat' dir='ltr'><strong>forte</strong></span> <span class='ocrx_word' id='word_1_63' title='bbox 2561 636 2725 691; x_wconf 85' lang='lat' dir='ltr'><strong>etiam</strong></span> <span class='ocrx_word' id='word_1_64' title='bbox 2767 633 2866 688; x_wconf 81' lang='lat' dir='ltr'><strong>u·-</strong></span> 
     </span>
     <span class='ocr_line' id='line_1_5' title="bbox 302 714 2866 794; baseline 0.003 -27"><span class='ocrx_word' id='word_1_65' title='bbox 302 714 451 769; x_wconf 86' lang='lat' dir='ltr'><strong>tulus</strong></span> <span class='ocrx_word' id='word_1_66' title='bbox 477 719 575 771; x_wconf 84' lang='lat' dir='ltr'><strong>Ps.</strong></span> <span class='ocrx_word' id='word_1_67' title='bbox 608 724 696 772; x_wconf 82' lang='lat'><strong>56.</strong></span> <span class='ocrx_word' id='word_1_68' title='bbox 729 719 913 786; x_wconf 60' lang='lat' dir='ltr'><strong>hebr„</strong></span> <span class='ocrx_word' id='word_1_69' title='bbox 942 720 1039 791; x_wconf 84' lang='lat' dir='ltr'><strong>qui</strong></span> <span class='ocrx_word' id='word_1_70' title='bbox 1074 719 1369 777; x_wconf 81' lang='lat' dir='ltr'><strong>vertendus</strong></span> <span class='ocrx_word' id='word_1_71' title='bbox 1396 720 1618 777; x_wconf 84' lang='lat' dir='ltr'><strong>videtur</strong></span> <span class='ocrx_word' id='word_1_72' title='bbox 1643 722 1730 777; x_wconf 85' lang='lat' dir='ltr'><strong>ad</strong></span> <span class='ocrx_word' id='word_1_73' title='bbox 1764 742 1790 773; x_wconf 77' lang='grc' dir='ltr'><strong>α</strong></span> <span class='ocrx_word' id='word_1_74' title='bbox 1819 723 2095 778; x_wconf 76' lang='lat' dir='ltr'><strong>columba</strong></span> <span class='ocrx_word' id='word_1_75' title='bbox 2117 727 2288 777; x_wconf 77' lang='lat' dir='ltr'><strong>muta</strong></span> <span class='ocrx_word' id='word_1_76' title='bbox 2316 722 2636 794; x_wconf 71' lang='lat' dir='ltr'><strong>lonqinque</strong></span> <span class='ocrx_word' id='word_1_77' title='bbox 2658 737 2866 793; x_wconf 65' lang='lat' dir='ltr'><strong>egen-</strong></span> 
     </span>
    </p>
   </div>
   <div class='ocr_carea' id='block_1_3' title="bbox 303 803 2866 963">
    <p class='ocr_par' dir='ltr' id='par_1_3' title="bbox 303 803 2866 963">
     <span class='ocr_line' id='line_1_6' title="bbox 304 803 2866 880; baseline 0.004 -24"><span class='ocrx_word' id='word_1_78' title='bbox 304 803 453 856; x_wconf 78' lang='lat' dir='ltr'><strong>tium</strong></span> <span class='ocrx_word' id='word_1_79' title='bbox 482 823 529 856; x_wconf 73' lang='lat' dir='ltr'><strong>n.</strong></span> <span class='ocrx_word' id='word_1_80' title='bbox 560 803 838 861; x_wconf 87' lang='lat' dir='ltr'><strong>obscuras</strong></span> <span class='ocrx_word' id='word_1_81' title='bbox 866 806 967 863; x_wconf 87' lang='lat' dir='ltr'><strong>bas</strong></span> <span class='ocrx_word' id='word_1_82' title='bbox 994 806 1378 878; x_wconf 81' lang='lat' dir='ltr'><strong>inscriptiones</strong></span> <span class='ocrx_word' id='word_1_83' title='bbox 1406 808 1618 879; x_wconf 84' lang='lat' dir='ltr'><strong>antiqui</strong></span> <span class='ocrx_word' id='word_1_84' title='bbox 1639 809 1968 880; x_wconf 80' lang='lat' dir='ltr'><strong>interpretes</strong></span> <span class='ocrx_word' id='word_1_85' title='bbox 1994 809 2324 865; x_wconf 87' lang='lat' dir='ltr'><strong>coniecturis</strong></span> <span class='ocrx_word' id='word_1_86' title='bbox 2361 808 2476 863; x_wconf 87' lang='lat' dir='ltr'><strong>suis</strong></span> <span class='ocrx_word' id='word_1_87' title='bbox 2504 808 2866 867; x_wconf 60' lang='lat' dir='ltr'><strong>obscuran-</strong></span> 
     </span>
     <span class='ocr_line' id='line_1_7' title="bbox 303 892 1273 963; baseline 0.009 -21"><span class='ocrx_word' id='word_1_88' title='bbox 303 898 432 944; x_wconf 89' lang='lat' dir='ltr'><strong>runt</strong></span> <span class='ocrx_word' id='word_1_89' title='bbox 460 892 641 960; x_wconf 90' lang='lat' dir='ltr'><strong>potius</strong></span> <span class='ocrx_word' id='word_1_90' title='bbox 670 908 837 963; x_wconf 89' lang='lat' dir='ltr'><strong>quam</strong></span> <span class='ocrx_word' id='word_1_91' title='bbox 866 894 1214 951; x_wconf 82' lang='lat' dir='ltr'><strong>illustrarunt</strong></span> <span class='ocrx_word' id='word_1_92' title='bbox 1234 896 1273 950; x_wconf 82' lang='lat'><strong>¹.</strong></span> 
     </span>
    </p>
   </div>
   <div class='ocr_carea' id='block_1_4' title="bbox 300 978 2869 1923">
    <p class='ocr_par' dir='ltr' id='par_1_4' title="bbox 300 978 2869 1923">
     <span class='ocr_line' id='line_1_8' title="bbox 370 978 2868 1055; baseline 0.002 -24"><span class='ocrx_word' id='word_1_93' title='bbox 370 982 421 1031; x_wconf 81' lang='lat'><strong>2.</strong></span> <span class='ocrx_word' id='word_1_94' title='bbox 458 978 615 1033; x_wconf 83' lang='lat' dir='ltr'><strong>Licet</strong></span> <span class='ocrx_word' id='word_1_95' title='bbox 638 996 751 1034; x_wconf 89' lang='lat' dir='ltr'><strong>non</strong></span> <span class='ocrx_word' id='word_1_96' title='bbox 780 996 971 1037; x_wconf 88' lang='lat' dir='ltr'><strong>omnes</strong></span> <span class='ocrx_word' id='word_1_97' title='bbox 995 982 1195 1037; x_wconf 80' lang='lat' dir='ltr'><strong>Psalmi</strong></span> <span class='ocrx_word' id='word_1_98' title='bbox 1220 982 1289 1038; x_wconf 89' lang='lat' dir='ltr'><strong>ab</strong></span> <span class='ocrx_word' id='word_1_99' title='bbox 1319 984 1640 1040; x_wconf 87' lang='lat' dir='ltr'><strong>auctoribus</strong></span> <span class='ocrx_word' id='word_1_100' title='bbox 1663 984 1776 1039; x_wconf 89' lang='lat' dir='ltr'><strong>suis</strong></span> <span class='ocrx_word' id='word_1_101' title='bbox 1803 984 1927 1039; x_wconf 91' lang='lat' dir='ltr'><strong>usui</strong></span> <span class='ocrx_word' id='word_1_102' title='bbox 1952 984 2208 1055; x_wconf 78' lang='lat' dir='ltr'><strong>liturgico</strong></span> <span class='ocrx_word' id='word_1_103' title='bbox 2239 984 2487 1054; x_wconf 85' lang='lat' dir='ltr'><strong>proxime</strong></span> <span class='ocrx_word' id='word_1_104' title='bbox 2523 984 2634 1039; x_wconf 89' lang='lat' dir='ltr'><strong>sint</strong></span> <span class='ocrx_word' id='word_1_105' title='bbox 2664 983 2868 1038; x_wconf 86' lang='lat' dir='ltr'><strong>desti-</strong></span> 
     </span>
     <span class='ocr_line' id='line_1_9' title="bbox 302 1064 2869 1143; baseline 0.002 -25"><span class='ocrx_word' id='word_1_106' title='bbox 302 1064 417 1119; x_wconf 89' lang='lat' dir='ltr'><strong>nati</strong></span> <span class='ocrx_word' id='word_1_107' title='bbox 446 1064 594 1135; x_wconf 90' lang='lat' dir='ltr'><strong>(nam</strong></span> <span class='ocrx_word' id='word_1_108' title='bbox 624 1066 993 1139; x_wconf 84' lang='lat' dir='ltr'><strong>singularibus</strong></span> <span class='ocrx_word' id='word_1_109' title='bbox 1021 1068 1397 1126; x_wconf 82' lang='lat' dir='ltr'><strong>occasionibus</strong></span> <span class='ocrx_word' id='word_1_110' title='bbox 1426 1069 1577 1127; x_wconf 87' lang='lat' dir='ltr'><strong>haud</strong></span> <span class='ocrx_word' id='word_1_111' title='bbox 1605 1070 1767 1143; x_wconf 85' lang='lat' dir='ltr'><strong>pauci</strong></span> <span class='ocrx_word' id='word_1_112' title='bbox 1795 1070 2064 1143; x_wconf 85' lang='lat' dir='ltr'><strong>originem</strong></span> <span class='ocrx_word' id='word_1_113' title='bbox 2094 1070 2299 1126; x_wconf 90' lang='lat' dir='ltr'><strong>debent</strong></span> <span class='ocrx_word' id='word_1_114' title='bbox 2327 1078 2492 1143; x_wconf 84' lang='lat' dir='ltr'><strong>atque</strong></span> <span class='ocrx_word' id='word_1_115' title='bbox 2516 1070 2687 1125; x_wconf 89' lang='lat' dir='ltr'><strong>solius</strong></span> <span class='ocrx_word' id='word_1_116' title='bbox 2715 1085 2869 1124; x_wconf 82' lang='lat' dir='ltr'><strong>auc-</strong></span> 
     </span>
     <span class='ocr_line' id='line_1_10' title="bbox 302 1149 2866 1229; baseline 0.002 -24"><span class='ocrx_word' id='word_1_117' title='bbox 302 1149 437 1205; x_wconf 88' lang='lat' dir='ltr'><strong>toris</strong></span> <span class='ocrx_word' id='word_1_118' title='bbox 460 1153 639 1221; x_wconf 86' lang='lat' dir='ltr'><strong>potius</strong></span> <span class='ocrx_word' id='word_1_119' title='bbox 667 1170 834 1225; x_wconf 90' lang='lat' dir='ltr'><strong>quam</strong></span> <span class='ocrx_word' id='word_1_120' title='bbox 865 1156 1055 1227; x_wconf 89' lang='lat' dir='ltr'><strong>populi</strong></span> <span class='ocrx_word' id='word_1_121' title='bbox 1084 1172 1277 1213; x_wconf 89' lang='lat' dir='ltr'><strong>sensus</strong></span> <span class='ocrx_word' id='word_1_122' title='bbox 1306 1159 1664 1229; x_wconf 85' lang='lat' dir='ltr'><strong>exprimunt),</strong></span> <span class='ocrx_word' id='word_1_123' title='bbox 1707 1167 1832 1229; x_wconf 85' lang='lat' dir='ltr'><strong>post</strong></span> <span class='ocrx_word' id='word_1_124' title='bbox 1867 1157 2118 1213; x_wconf 87' lang='lat' dir='ltr'><strong>exsilium</strong></span> <span class='ocrx_word' id='word_1_125' title='bbox 2143 1166 2332 1213; x_wconf 85' lang='lat' dir='ltr'><strong>tamen</strong></span> <span class='ocrx_word' id='word_1_126' title='bbox 2365 1172 2558 1213; x_wconf 89' lang='lat' dir='ltr'><strong>omnes</strong></span> <span class='ocrx_word' id='word_1_127' title='bbox 2585 1156 2640 1211; x_wconf 89' lang='lat' dir='ltr'><strong>in</strong></span> <span class='ocrx_word' id='word_1_128' title='bbox 2683 1172 2866 1211; x_wconf 79' lang='lat' dir='ltr'><strong>sacra</strong></span> 
     </span>
     <span class='ocr_line' id='line_1_11' title="bbox 302 1238 2866 1316; baseline 0.002 -24"><span class='ocrx_word' id='word_1_129' title='bbox 302 1238 521 1309; x_wconf 80' lang='lat' dir='ltr'><strong>liturgia</strong></span> <span class='ocrx_word' id='word_1_130' title='bbox 544 1250 677 1295; x_wconf 90' lang='lat' dir='ltr'><strong>sunt</strong></span> <span class='ocrx_word' id='word_1_131' title='bbox 698 1241 947 1311; x_wconf 85' lang='lat' dir='ltr'><strong>adhibiti,</strong></span> <span class='ocrx_word' id='word_1_132' title='bbox 982 1252 1150 1316; x_wconf 88' lang='lat' dir='ltr'><strong>atque</strong></span> <span class='ocrx_word' id='word_1_133' title='bbox 1182 1244 1333 1301; x_wconf 88' lang='lat' dir='ltr'><strong>haud</strong></span> <span class='ocrx_word' id='word_1_134' title='bbox 1362 1246 1523 1316; x_wconf 88' lang='lat' dir='ltr'><strong>pauci</strong></span> <span class='ocrx_word' id='word_1_135' title='bbox 1571 1244 1740 1300; x_wconf 90' lang='lat' dir='ltr'><strong>etiam</strong></span> <span class='ocrx_word' id='word_1_136' title='bbox 1768 1245 1828 1301; x_wconf 89' lang='lat' dir='ltr'><strong>in</strong></span> <span class='ocrx_word' id='word_1_137' title='bbox 1867 1260 2029 1300; x_wconf 90' lang='lat' dir='ltr'><strong>usum</strong></span> <span class='ocrx_word' id='word_1_138' title='bbox 2059 1244 2384 1315; x_wconf 81' lang='lat' dir='ltr'><strong>liturgicum</strong></span> <span class='ocrx_word' id='word_1_139' title='bbox 2431 1244 2688 1299; x_wconf 86' lang='lat' dir='ltr'><strong>videntur</strong></span> <span class='ocrx_word' id='word_1_140' title='bbox 2719 1260 2866 1298; x_wconf 76' lang='lat' dir='ltr'><strong>esse</strong></span> 
     </span>
     <span class='ocr_line' id='line_1_12' title="bbox 300 1326 2868 1404; baseline 0.002 -24"><span class='ocrx_word' id='word_1_141' title='bbox 300 1326 623 1397; x_wconf 81' lang='lat' dir='ltr'><strong>conscripti3</strong></span> <span class='ocrx_word' id='word_1_142' title='bbox 674 1328 803 1385; x_wconf 87' lang='lat' dir='ltr'><strong>hinc</strong></span> <span class='ocrx_word' id='word_1_143' title='bbox 844 1330 1011 1386; x_wconf 86' lang='lat' dir='ltr'><strong>etiam</strong></span> <span class='ocrx_word' id='word_1_144' title='bbox 1058 1331 1274 1404; x_wconf 86' lang='lat' dir='ltr'><strong>aliquas</strong></span> <span class='ocrx_word' id='word_1_145' title='bbox 1314 1346 1786 1390; x_wconf 70' lang='lat' dir='ltr'><strong>ruscnrr&#39;rtouns</strong></span> <span class='ocrx_word' id='word_1_146' title='bbox 1829 1346 2201 1389; x_wconf 61' lang='lat' dir='ltr'><strong>munnulus</strong></span> <span class='ocrx_word' id='word_1_147' title='bbox 2247 1330 2318 1386; x_wconf 86' lang='lat' dir='ltr'><strong>ab</strong></span> <span class='ocrx_word' id='word_1_148' title='bbox 2357 1331 2492 1403; x_wconf 88' lang='lat' dir='ltr'><strong>ipsis</strong></span> <span class='ocrx_word' id='word_1_149' title='bbox 2520 1330 2868 1386; x_wconf 85' lang='lat' dir='ltr'><strong>auctoribus</strong></span> 
     </span>
     <span class='ocr_line' id='line_1_13' title="bbox 302 1414 2862 1489; baseline 0.002 -21"><span class='ocrx_word' id='word_1_150' title='bbox 302 1414 596 1484; x_wconf 67' lang='lat' dir='ltr'><strong>praelim,</strong></span> <span class='ocrx_word' id='word_1_151' title='bbox 627 1417 919 1489; x_wconf 86' lang='lat' dir='ltr'><strong>plerasque</strong></span> <span class='ocrx_word' id='word_1_152' title='bbox 955 1426 1143 1474; x_wconf 87' lang='lat' dir='ltr'><strong>tamen</strong></span> <span class='ocrx_word' id='word_1_153' title='bbox 1187 1420 1399 1475; x_wconf 89' lang='lat' dir='ltr'><strong>iuniore</strong></span> <span class='ocrx_word' id='word_1_154' title='bbox 1446 1435 1619 1475; x_wconf 87' lang='lat' dir='ltr'><strong>manu</strong></span> <span class='ocrx_word' id='word_1_155' title='bbox 1666 1418 1886 1475; x_wconf 88' lang='lat' dir='ltr'><strong>additas</strong></span> <span class='ocrx_word' id='word_1_156' title='bbox 1919 1434 2038 1477; x_wconf 89' lang='lat' dir='ltr'><strong>esse</strong></span> <span class='ocrx_word' id='word_1_157' title='bbox 2085 1418 2442 1476; x_wconf 84' lang='lat' dir='ltr'><strong>arbitramur.</strong></span> <span class='ocrx_word' id='word_1_158' title='bbox 2480 1424 2564 1480; x_wconf 86' lang='grc' dir='ltr'><strong>α.)</strong></span> <span class='ocrx_word' id='word_1_159' title='bbox 2601 1417 2862 1473; x_wconf 88' lang='lat' dir='ltr'><strong>Secundi</strong></span> 
     </span>
     <span class='ocr_line' id='line_1_14' title="bbox 300 1502 2862 1579; baseline 0.002 -24"><span class='ocrx_word' id='word_1_160' title='bbox 300 1502 491 1571; x_wconf 84' lang='lat' dir='ltr'><strong>templi</strong></span> <span class='ocrx_word' id='word_1_161' title='bbox 519 1510 767 1574; x_wconf 88' lang='lat' dir='ltr'><strong>tempore</strong></span> <span class='ocrx_word' id='word_1_162' title='bbox 794 1505 1022 1577; x_wconf 88' lang='lat' dir='ltr'><strong>singulis</strong></span> <span class='ocrx_word' id='word_1_163' title='bbox 1050 1505 1245 1563; x_wconf 89' lang='lat' dir='ltr'><strong>diebus</strong></span> <span class='ocrx_word' id='word_1_164' title='bbox 1286 1507 1595 1579; x_wconf 87' lang='lat' dir='ltr'><strong>assignatus</strong></span> <span class='ocrx_word' id='word_1_165' title='bbox 1635 1516 1752 1563; x_wconf 89' lang='lat' dir='ltr'><strong>erat</strong></span> <span class='ocrx_word' id='word_1_166' title='bbox 1779 1509 2035 1563; x_wconf 89' lang='lat' dir='ltr'><strong>Psalmus</strong></span> <span class='ocrx_word' id='word_1_167' title='bbox 2071 1507 2230 1563; x_wconf 86' lang='lat' dir='ltr'><strong>finito</strong></span> <span class='ocrx_word' id='word_1_168' title='bbox 2268 1506 2538 1562; x_wconf 82' lang='lat' dir='ltr'><strong>sacrificio</strong></span> <span class='ocrx_word' id='word_1_169' title='bbox 2567 1505 2862 1561; x_wconf 85' lang='lat' dir='ltr'><strong>matutino</strong></span> 
     </span>
     <span class='ocr_line' id='line_1_15' title="bbox 302 1586 2858 1666; baseline 0.002 -23"><span class='ocrx_word' id='word_1_170' title='bbox 302 1586 677 1646; x_wconf 85' lang='lat' dir='ltr'><strong>decantandus</strong></span> <span class='ocrx_word' id='word_1_171' title='bbox 708 1612 721 1645; x_wconf 75' lang='grc' dir='ltr'><strong>ε</strong></span> <span class='ocrx_word' id='word_1_172' title='bbox 754 1596 849 1648; x_wconf 84' lang='lat' dir='ltr'><strong>Ps.</strong></span> <span class='ocrx_word' id='word_1_173' title='bbox 889 1597 957 1648; x_wconf 83' lang='lat'><strong>92</strong></span> <span class='ocrx_word' id='word_1_174' title='bbox 989 1593 1151 1649; x_wconf 72' lang='lat' dir='ltr'><strong>lcebr.</strong></span> <span class='ocrx_word' id='word_1_175' title='bbox 1188 1614 1214 1644; x_wconf 77' lang='grc' dir='ltr'>α</span> <span class='ocrx_word' id='word_1_176' title='bbox 1245 1595 1303 1649; x_wconf 91' lang='lat' dir='ltr'><strong>in</strong></span> <span class='ocrx_word' id='word_1_177' title='bbox 1331 1593 1423 1649; x_wconf 90' lang='lat' dir='ltr'><strong>die</strong></span> <span class='ocrx_word' id='word_1_178' title='bbox 1440 1594 1696 1650; x_wconf 85' lang='lat' dir='ltr'><strong>sabbathi</strong></span> <span class='ocrx_word' id='word_1_179' title='bbox 1729 1614 1752 1647; x_wconf 71' lang='grc' dir='ltr'><strong>ι</strong></span> <span class='ocrx_word' id='word_1_180' title='bbox 1773 1618 1786 1662; x_wconf 84' lang='grc'><strong>;</strong></span> <span class='ocrx_word' id='word_1_181' title='bbox 1809 1594 1870 1650; x_wconf 92' lang='lat' dir='ltr'><strong>in</strong></span> <span class='ocrx_word' id='word_1_182' title='bbox 1891 1593 2063 1649; x_wconf 80' lang='lat' dir='ltr'><strong>Alex.</strong></span> <span class='ocrx_word' id='word_1_183' title='bbox 2089 1602 2145 1649; x_wconf 86' lang='lat' dir='ltr'><strong>et</strong></span> <span class='ocrx_word' id='word_1_184' title='bbox 2177 1595 2350 1666; x_wconf 77' lang='lat' dir='ltr'><strong>Vulq.</strong></span> <span class='ocrx_word' id='word_1_185' title='bbox 2377 1598 2474 1649; x_wconf 85' lang='lat' dir='ltr'><strong>Ps.</strong></span> <span class='ocrx_word' id='word_1_186' title='bbox 2505 1598 2572 1649; x_wconf 77' lang='lat'><strong>23</strong></span> <span class='ocrx_word' id='word_1_187' title='bbox 2607 1612 2632 1643; x_wconf 72' lang='grc' dir='ltr'><strong>ι(</strong></span> <span class='ocrx_word' id='word_1_188' title='bbox 2661 1593 2858 1662; x_wconf 77' lang='lat' dir='ltr'><strong>prima</strong></span> 
     </span>
     <span class='ocr_line' id='line_1_16' title="bbox 302 1676 2860 1752; baseline 0.002 -21"><span class='ocrx_word' id='word_1_189' title='bbox 302 1676 553 1732; x_wconf 88' lang='lat' dir='ltr'><strong>sabbathi</strong></span> <span class='ocrx_word' id='word_1_190' title='bbox 580 1698 606 1729; x_wconf 69' lang='grc' dir='ltr'><strong>»ι</strong></span> <span class='ocrx_word' id='word_1_191' title='bbox 643 1679 700 1743; x_wconf 90' lang='lat' dir='ltr'><strong>(i.</strong></span> <span class='ocrx_word' id='word_1_192' title='bbox 732 1696 783 1735; x_wconf 88' lang='lat' dir='ltr'><strong>e.</strong></span> <span class='ocrx_word' id='word_1_193' title='bbox 811 1678 1213 1748; x_wconf 88' lang='lat' dir='ltr'><strong>hebdomadis),</strong></span> <span class='ocrx_word' id='word_1_194' title='bbox 1237 1684 1335 1737; x_wconf 84' lang='lat' dir='ltr'><strong>Ps.</strong></span> <span class='ocrx_word' id='word_1_195' title='bbox 1368 1688 1455 1737; x_wconf 78' lang='grc'><strong>47.</strong></span> <span class='ocrx_word' id='word_1_196' title='bbox 1492 1702 1517 1732; x_wconf 85' lang='grc'>«</span> <span class='ocrx_word' id='word_1_197' title='bbox 1551 1680 1794 1737; x_wconf 89' lang='lat' dir='ltr'><strong>secunda</strong></span> <span class='ocrx_word' id='word_1_198' title='bbox 1817 1680 2073 1737; x_wconf 83' lang='lat' dir='ltr'><strong>sabbathi</strong></span> <span class='ocrx_word' id='word_1_199' title='bbox 2105 1700 2128 1733; x_wconf 71' lang='grc' dir='ltr'><strong>ι</strong></span> <span class='ocrx_word' id='word_1_200' title='bbox 2149 1724 2162 1749; x_wconf 85' lang='grc'><em>,</em></span> <span class='ocrx_word' id='word_1_201' title='bbox 2185 1685 2282 1736; x_wconf 75' lang='lat' dir='ltr'><strong>Ps.</strong></span> <span class='ocrx_word' id='word_1_202' title='bbox 2305 1686 2394 1737; x_wconf 83' lang='grc'><strong>93.</strong></span> <span class='ocrx_word' id='word_1_203' title='bbox 2434 1702 2458 1731; x_wconf 79' lang='grc' dir='ltr'>α</span> <span class='ocrx_word' id='word_1_204' title='bbox 2485 1688 2682 1752; x_wconf 86' lang='lat' dir='ltr'><strong>quarta</strong></span> <span class='ocrx_word' id='word_1_205' title='bbox 2711 1678 2860 1735; x_wconf 84' lang='lat' dir='ltr'><strong>sab-</strong></span> 
     </span>
     <span class='ocr_line' id='line_1_17' title="bbox 302 1762 2855 1831; baseline 0.001 -13"><span class='ocrx_word' id='word_1_206' title='bbox 302 1762 473 1831; x_wconf 87' lang='lat' dir='ltr'><strong>bathi,</strong></span> <span class='ocrx_word' id='word_1_207' title='bbox 505 1784 551 1827; x_wconf 73' lang='lat' dir='ltr'><strong>n,</strong></span> <span class='ocrx_word' id='word_1_208' title='bbox 580 1769 675 1820; x_wconf 85' lang='lat' dir='ltr'><strong>Ps.</strong></span> <span class='ocrx_word' id='word_1_209' title='bbox 708 1772 775 1821; x_wconf 85' lang='grc'><strong>92</strong></span> <span class='ocrx_word' id='word_1_210' title='bbox 806 1786 831 1816; x_wconf 71' lang='grc' dir='ltr'><strong>α</strong></span> <span class='ocrx_word' id='word_1_211' title='bbox 853 1767 909 1821; x_wconf 93' lang='lat' dir='ltr'><strong>in</strong></span> <span class='ocrx_word' id='word_1_212' title='bbox 938 1765 1029 1823; x_wconf 90' lang='lat' dir='ltr'><strong>die</strong></span> <span class='ocrx_word' id='word_1_213' title='bbox 1058 1777 1185 1823; x_wconf 87' lang='lat' dir='ltr'><strong>ante</strong></span> <span class='ocrx_word' id='word_1_214' title='bbox 1210 1765 1544 1824; x_wconf 85' lang='lat' dir='ltr'><strong>sabbathum</strong></span> <span class='ocrx_word' id='word_1_215' title='bbox 1576 1790 1635 1830; x_wconf 72' lang='grc' dir='ltr'><strong>»ς</strong></span> <span class='ocrx_word' id='word_1_216' title='bbox 1667 1768 1972 1825; x_wconf 90' lang='lat' dir='ltr'><strong>secundum</strong></span> <span class='ocrx_word' id='word_1_217' title='bbox 1993 1767 2362 1824; x_wconf 87' lang='lat' dir='ltr'><strong>Thalmudem</strong></span> <span class='ocrx_word' id='word_1_218' title='bbox 2380 1766 2471 1823; x_wconf 90' lang='lat' dir='ltr'><strong>die</strong></span> <span class='ocrx_word' id='word_1_219' title='bbox 2491 1774 2543 1823; x_wconf 83' lang='lat'><strong>3.</strong></span> <span class='ocrx_word' id='word_1_220' title='bbox 2565 1766 2855 1823; x_wconf 85' lang='lat' dir='ltr'><strong>recitaba-</strong></span> 
     </span>
     <span class='ocr_line' id='line_1_18' title="bbox 303 1852 2848 1923; baseline 0.001 -19"><span class='ocrx_word' id='word_1_221' title='bbox 303 1858 396 1905; x_wconf 88' lang='lat' dir='ltr'><strong>tur</strong></span> <span class='ocrx_word' id='word_1_222' title='bbox 416 1856 507 1906; x_wconf 79' lang='lat' dir='ltr'><strong>Ps.</strong></span> <span class='ocrx_word' id='word_1_223' title='bbox 530 1859 619 1908; x_wconf 85' lang='lat'><strong>81.</strong></span> <span class='ocrx_word' id='word_1_224' title='bbox 642 1862 695 1907; x_wconf 91' lang='lat' dir='ltr'><strong>et</strong></span> <span class='ocrx_word' id='word_1_225' title='bbox 720 1852 809 1907; x_wconf 90' lang='lat' dir='ltr'><strong>die</strong></span> <span class='ocrx_word' id='word_1_226' title='bbox 833 1859 887 1909; x_wconf 87' lang='lat'><strong>5.</strong></span> <span class='ocrx_word' id='word_1_227' title='bbox 911 1859 1007 1910; x_wconf 85' lang='lat' dir='ltr'><strong>Ps.</strong></span> <span class='ocrx_word' id='word_1_228' title='bbox 1035 1856 1123 1911; x_wconf 78' lang='lat'><strong>80.</strong></span> <span class='ocrx_word' id='word_1_229' title='bbox 1150 1858 1324 1911; x_wconf 85' lang='lat' dir='ltr'><strong>Porro</strong></span> <span class='ocrx_word' id='word_1_230' title='bbox 1351 1856 1429 1923; x_wconf 82' lang='lat' dir='ltr'><strong>b.)</strong></span> <span class='ocrx_word' id='word_1_231' title='bbox 1451 1856 1719 1912; x_wconf 90' lang='lat' dir='ltr'><strong>nonnulla</strong></span> <span class='ocrx_word' id='word_1_232' title='bbox 1745 1855 2012 1911; x_wconf 82' lang='lat' dir='ltr'><strong>sacrificia</strong></span> <span class='ocrx_word' id='word_1_233' title='bbox 2033 1871 2197 1911; x_wconf 88' lang='lat' dir='ltr'><strong>suum</strong></span> <span class='ocrx_word' id='word_1_234' title='bbox 2218 1854 2497 1911; x_wconf 82' lang='lat' dir='ltr'><strong>habebant</strong></span> <span class='ocrx_word' id='word_1_235' title='bbox 2515 1855 2798 1911; x_wconf 88' lang='lat' dir='ltr'><strong>Psalmum</strong></span> <span class='ocrx_word' id='word_1_236' title='bbox 2831 1874 2848 1907; x_wconf 75' lang='grc' dir='ltr'><strong><em>ε</em></strong></span> 
     </span>
    </p>
   </div>
   <div class='ocr_carea' id='block_1_5' title="bbox 306 1930 2851 2040">
    <p class='ocr_par' dir='ltr' id='par_1_5' title="bbox 306 1930 2851 2040">
     <span class='ocr_line' id='line_1_19' title="bbox 306 1930 2851 2040; baseline 0.001 -39"><span class='ocrx_word' id='word_1_237' title='bbox 306 1952 399 2003; x_wconf 83' lang='lat' dir='ltr'><strong>Ps.</strong></span> <span class='ocrx_word' id='word_1_238' title='bbox 435 1953 535 2003; x_wconf 83' lang='lat'><strong>100</strong></span> <span class='ocrx_word' id='word_1_239' title='bbox 564 1948 725 2003; x_wconf 75' lang='lat' dir='ltr'><strong>hebr.</strong></span> <span class='ocrx_word' id='word_1_240' title='bbox 758 1930 949 2040; x_wconf 60' lang='grc' dir='ltr'><strong>3ῖῖΠῇ</strong></span> <span class='ocrx_word' id='word_1_241' title='bbox 978 1950 1098 2017; x_wconf 84' lang='lat' dir='ltr'><strong>(Al.</strong></span> <span class='ocrx_word' id='word_1_242' title='bbox 1130 1950 1197 2013; x_wconf 81' lang='grc' dir='ltr'><strong>εἰς</strong></span> <span class='ocrx_word' id='word_1_243' title='bbox 1220 1951 1612 2023; x_wconf 67' lang='grc' dir='ltr'><strong>ἐξομολόγησιν,</strong></span> <span class='ocrx_word' id='word_1_244' title='bbox 1648 1952 1823 2021; x_wconf 78' lang='lat' dir='ltr'><strong>Vul9.</strong></span> <span class='ocrx_word' id='word_1_245' title='bbox 1863 1952 1924 2007; x_wconf 89' lang='lat' dir='ltr'><strong>in</strong></span> <span class='ocrx_word' id='word_1_246' title='bbox 1951 1951 2344 2023; x_wconf 74' lang='lat' dir='ltr'><strong>confessione);</strong></span> <span class='ocrx_word' id='word_1_247' title='bbox 2383 1950 2614 2005; x_wconf 72' lang='lat' dir='ltr'><strong>modale-</strong></span> <span class='ocrx_word' id='word_1_248' title='bbox 2651 1958 2851 2006; x_wconf 84' lang='lat' dir='ltr'><strong>autem</strong></span> 
     </span>
    </p>
   </div>
   <div class='ocr_carea' id='block_1_6' title="bbox 304 2052 2852 2390">
    <p class='ocr_par' dir='ltr' id='par_1_6' title="bbox 304 2052 2852 2390">
     <span class='ocr_line' id='line_1_20' title="bbox 304 2052 2852 2151; baseline 0.002 -26"><span class='ocrx_word' id='word_1_249' title='bbox 304 2078 389 2125; x_wconf 88' lang='lat' dir='ltr'><strong>est</strong></span> <span class='ocrx_word' id='word_1_250' title='bbox 414 2070 771 2137; x_wconf 81' lang='lat' dir='ltr'><strong>sacrificium,</strong></span> <span class='ocrx_word' id='word_1_251' title='bbox 814 2070 963 2143; x_wconf 87' lang='lat' dir='ltr'><strong>quod</strong></span> <span class='ocrx_word' id='word_1_252' title='bbox 989 2071 1061 2128; x_wconf 88' lang='lat' dir='ltr'><strong>ad</strong></span> <span class='ocrx_word' id='word_1_253' title='bbox 1088 2073 1293 2145; x_wconf 84' lang='lat' dir='ltr'><strong>gratias</strong></span> <span class='ocrx_word' id='word_1_254' title='bbox 1330 2072 1574 2147; x_wconf 87' lang='lat' dir='ltr'><strong>agendas</strong></span> <span class='ocrx_word' id='word_1_255' title='bbox 1616 2074 1982 2141; x_wconf 67' lang='lat' dir='ltr'><strong>offerebatur,</strong></span> <span class='ocrx_word' id='word_1_256' title='bbox 2025 2078 2119 2129; x_wconf 86' lang='lat' dir='ltr'><strong>Ps.</strong></span> <span class='ocrx_word' id='word_1_257' title='bbox 2171 2078 2259 2128; x_wconf 78' lang='grc'><strong>38.</strong></span> <span class='ocrx_word' id='word_1_258' title='bbox 2305 2075 2393 2128; x_wconf 86' lang='grc'><strong>70.</strong></span> <span class='ocrx_word' id='word_1_259' title='bbox 2427 2072 2593 2128; x_wconf 75' lang='lat' dir='ltr'><strong>hebr.</strong></span> <span class='ocrx_word' id='word_1_260' title='bbox 2633 2052 2852 2151; x_wconf 46' lang='lat'><strong>”²335</strong></span> 
     </span>
     <span class='ocr_line' id='line_1_21' title="bbox 306 2154 2836 2258; baseline 0 -21"><span class='ocrx_word' id='word_1_261' title='bbox 306 2184 420 2252; x_wconf 84' lang='lat' dir='ltr'><strong>(Al.</strong></span> <span class='ocrx_word' id='word_1_262' title='bbox 443 2182 508 2245; x_wconf 81' lang='grc' dir='ltr'><strong>εἰς</strong></span> <span class='ocrx_word' id='word_1_263' title='bbox 535 2182 828 2255; x_wconf 77' lang='grc' dir='ltr'>ἀνάμνησιν,</span> <span class='ocrx_word' id='word_1_264' title='bbox 862 2185 1026 2257; x_wconf 77' lang='lat' dir='ltr'><strong>Vulq.</strong></span> <span class='ocrx_word' id='word_1_265' title='bbox 1062 2187 1118 2242; x_wconf 87' lang='lat' dir='ltr'><strong>in</strong></span> <span class='ocrx_word' id='word_1_266' title='bbox 1144 2188 1702 2258; x_wconf 81' lang='lat' dir='ltr'><strong>rememorationem),</strong></span> <span class='ocrx_word' id='word_1_267' title='bbox 1734 2186 1829 2243; x_wconf 90' lang='lat' dir='ltr'><strong>sed</strong></span> <span class='ocrx_word' id='word_1_268' title='bbox 1850 2186 2138 2242; x_wconf 75' lang='lat' dir='ltr'><strong>Askaralt</strong></span> <span class='ocrx_word' id='word_1_269' title='bbox 2169 2194 2256 2242; x_wconf 90' lang='lat' dir='ltr'><strong>est</strong></span> <span class='ocrx_word' id='word_1_270' title='bbox 2281 2186 2553 2241; x_wconf 83' lang='lat' dir='ltr'><strong>incruenti</strong></span> <span class='ocrx_word' id='word_1_271' title='bbox 2581 2154 2836 2241; x_wconf 79' lang='lat' dir='ltr'><strong>sacrilicii</strong></span> 
     </span>
     <span class='ocr_line' id='line_1_22' title="bbox 306 2280 2842 2390; baseline -0.001 -37"><span class='ocrx_word' id='word_1_272' title='bbox 306 2297 557 2367; x_wconf 89' lang='lat' dir='ltr'><strong>parsilla,</strong></span> <span class='ocrx_word' id='word_1_273' title='bbox 578 2313 718 2369; x_wconf 88' lang='lat' dir='ltr'><strong>quae</strong></span> <span class='ocrx_word' id='word_1_274' title='bbox 738 2299 798 2353; x_wconf 93' lang='lat' dir='ltr'><strong>in</strong></span> <span class='ocrx_word' id='word_1_275' title='bbox 816 2299 981 2355; x_wconf 87' lang='lat' dir='ltr'><strong>altari</strong></span> <span class='ocrx_word' id='word_1_276' title='bbox 996 2299 1416 2356; x_wconf 86' lang='lat' dir='ltr'><strong>incendebatur.</strong></span> <span class='ocrx_word' id='word_1_277' title='bbox 1434 2301 1580 2356; x_wconf 91' lang='lat' dir='ltr'><strong>Dein</strong></span> <span class='ocrx_word' id='word_1_278' title='bbox 1595 2306 1668 2367; x_wconf 88' lang='lat' dir='ltr'><strong>c.)</strong></span> <span class='ocrx_word' id='word_1_279' title='bbox 1685 2300 1967 2372; x_wconf 86' lang='lat' dir='ltr'><strong>inscriptio</strong></span> <span class='ocrx_word' id='word_1_280' title='bbox 2006 2306 2078 2385; x_wconf 58' lang='lat'><strong>&#39;⁷⁸2</strong></span> <span class='ocrx_word' id='word_1_281' title='bbox 2117 2280 2255 2390; x_wconf 57' lang='lat' dir='ltr'><strong>³5³7er</strong></span> <span class='ocrx_word' id='word_1_282' title='bbox 2289 2299 2620 2367; x_wconf 79' lang='lat' dir='ltr'><strong>(Alleluia),</strong></span> <span class='ocrx_word' id='word_1_283' title='bbox 2643 2313 2842 2369; x_wconf 86' lang='lat' dir='ltr'><strong>quam·-</strong></span> 
     </span>
    </p>
   </div>
   <div class='ocr_carea' id='block_1_7' title="bbox 305 2410 2845 2922">
    <p class='ocr_par' dir='ltr' id='par_1_7' title="bbox 305 2410 2845 2922">
     <span class='ocr_line' id='line_1_23' title="bbox 308 2410 2836 2485; baseline 0 -22"><span class='ocrx_word' id='word_1_284' title='bbox 308 2410 387 2465; x_wconf 82' lang='lat' dir='ltr'><strong>vis</strong></span> <span class='ocrx_word' id='word_1_285' title='bbox 438 2411 833 2466; x_wconf 89' lang='lat' dir='ltr'><strong>nonnullorum</strong></span> <span class='ocrx_word' id='word_1_286' title='bbox 886 2414 1195 2469; x_wconf 87' lang='lat' dir='ltr'><strong>carminum</strong></span> <span class='ocrx_word' id='word_1_287' title='bbox 1238 2421 1629 2485; x_wconf 81' lang='lat' dir='ltr'><strong>argumentum</strong></span> <span class='ocrx_word' id='word_1_288' title='bbox 1671 2413 1755 2469; x_wconf 83' lang='lat' dir='ltr'><strong>vel</strong></span> <span class='ocrx_word' id='word_1_289' title='bbox 1803 2414 1970 2469; x_wconf 86' lang='lat' dir='ltr'><strong>linem</strong></span> <span class='ocrx_word' id='word_1_290' title='bbox 2017 2411 2260 2469; x_wconf 87' lang='lat' dir='ltr'><strong>indicare</strong></span> <span class='ocrx_word' id='word_1_291' title='bbox 2301 2412 2472 2484; x_wconf 86' lang='lat' dir='ltr'><strong>possit</strong></span> <span class='ocrx_word' id='word_1_292' title='bbox 2519 2414 2570 2483; x_wconf 72' lang='grc' dir='ltr'><strong>(α</strong></span> <span class='ocrx_word' id='word_1_293' title='bbox 2621 2412 2836 2468; x_wconf 76' lang='lat' dir='ltr'><strong>laudate</strong></span> 
     </span>
     <span class='ocr_line' id='line_1_24' title="bbox 307 2498 2838 2572; baseline 0.002 -22"><span class='ocrx_word' id='word_1_294' title='bbox 307 2498 609 2553; x_wconf 85' lang='lat' dir='ltr'><strong>Dominum</strong></span> <span class='ocrx_word' id='word_1_295' title='bbox 638 2506 706 2569; x_wconf 72' lang='lat' dir='ltr'><strong>n),</strong></span> <span class='ocrx_word' id='word_1_296' title='bbox 740 2500 797 2553; x_wconf 90' lang='lat' dir='ltr'><strong>in</strong></span> <span class='ocrx_word' id='word_1_297' title='bbox 820 2500 1102 2555; x_wconf 88' lang='lat' dir='ltr'><strong>nonnullis</strong></span> <span class='ocrx_word' id='word_1_298' title='bbox 1129 2508 1317 2555; x_wconf 89' lang='lat' dir='ltr'><strong>tamen</strong></span> <span class='ocrx_word' id='word_1_299' title='bbox 1351 2501 1604 2570; x_wconf 86' lang='lat' dir='ltr'><strong>Psalmis,</strong></span> <span class='ocrx_word' id='word_1_300' title='bbox 1641 2502 1736 2572; x_wconf 88' lang='lat' dir='ltr'><strong>qui</strong></span> <span class='ocrx_word' id='word_1_301' title='bbox 1765 2501 2004 2557; x_wconf 85' lang='lat' dir='ltr'><strong>maxime</strong></span> <span class='ocrx_word' id='word_1_302' title='bbox 2031 2501 2092 2556; x_wconf 89' lang='lat' dir='ltr'><strong>in</strong></span> <span class='ocrx_word' id='word_1_303' title='bbox 2127 2516 2300 2556; x_wconf 90' lang='lat' dir='ltr'><strong>coena</strong></span> <span class='ocrx_word' id='word_1_304' title='bbox 2333 2499 2579 2571; x_wconf 82' lang='lat' dir='ltr'><strong>paschali</strong></span> <span class='ocrx_word' id='word_1_305' title='bbox 2609 2498 2838 2555; x_wconf 85' lang='lat' dir='ltr'><strong>adhibe-</strong></span> 
     </span>
     <span class='ocr_line' id='line_1_25' title="bbox 308 2586 2840 2659; baseline 0 -20"><span class='ocrx_word' id='word_1_306' title='bbox 308 2586 526 2653; x_wconf 87' lang='lat' dir='ltr'><strong>bantur,</strong></span> <span class='ocrx_word' id='word_1_307' title='bbox 569 2600 731 2640; x_wconf 89' lang='lat' dir='ltr'><strong>usum</strong></span> <span class='ocrx_word' id='word_1_308' title='bbox 768 2586 1085 2659; x_wconf 84' lang='lat' dir='ltr'><strong>liturgicum</strong></span> <span class='ocrx_word' id='word_1_309' title='bbox 1116 2587 1361 2643; x_wconf 88' lang='lat' dir='ltr'><strong>denotat.</strong></span> <span class='ocrx_word' id='word_1_310' title='bbox 1395 2590 1636 2643; x_wconf 88' lang='lat' dir='ltr'><strong>Demum</strong></span> <span class='ocrx_word' id='word_1_311' title='bbox 1673 2588 1758 2653; x_wconf 87' lang='lat' dir='ltr'><strong>d.)</strong></span> <span class='ocrx_word' id='word_1_312' title='bbox 1798 2588 1950 2644; x_wconf 82' lang='lat' dir='ltr'><strong>iuxta</strong></span> <span class='ocrx_word' id='word_1_313' title='bbox 1989 2587 2141 2643; x_wconf 89' lang='lat' dir='ltr'><strong>haud</strong></span> <span class='ocrx_word' id='word_1_314' title='bbox 2175 2604 2474 2659; x_wconf 86' lang='lat' dir='ltr'><strong>paucorum</strong></span> <span class='ocrx_word' id='word_1_315' title='bbox 2511 2588 2840 2643; x_wconf 87' lang='lat' dir='ltr'><strong>sententiam</strong></span> 
     </span>
     <span class='ocr_line' id='line_1_26' title="bbox 305 2672 2845 2747; baseline 0 -20"><span class='ocrx_word' id='word_1_316' title='bbox 305 2672 471 2727; x_wconf 88' lang='lat' dir='ltr'><strong>etiam</strong></span> <span class='ocrx_word' id='word_1_317' title='bbox 486 2672 769 2743; x_wconf 87' lang='lat' dir='ltr'><strong>inscriptio</strong></span> <span class='ocrx_word' id='word_1_318' title='bbox 798 2692 823 2724; x_wconf 79' lang='grc' dir='ltr'><em>α</em></span> <span class='ocrx_word' id='word_1_319' title='bbox 854 2674 1131 2730; x_wconf 73' lang='lat' dir='ltr'><strong>psalmus</strong></span> <span class='ocrx_word' id='word_1_320' title='bbox 1152 2675 1455 2747; x_wconf 72' lang='lat' dir='ltr'><strong>qraduum</strong></span> <span class='ocrx_word' id='word_1_321' title='bbox 1484 2696 1506 2725; x_wconf 74' lang='lat' dir='ltr'>n</span> <span class='ocrx_word' id='word_1_322' title='bbox 1533 2674 1648 2747; x_wconf 72' lang='grc' dir='ltr'><strong>(Ρε.</strong></span> <span class='ocrx_word' id='word_1_323' title='bbox 1685 2681 1965 2731; x_wconf 62' lang='grc' dir='ltr'><strong>Μελ-134.</strong></span> <span class='ocrx_word' id='word_1_324' title='bbox 1997 2675 2176 2742; x_wconf 74' lang='lat' dir='ltr'><strong>hebr.)</strong></span> <span class='ocrx_word' id='word_1_325' title='bbox 2204 2684 2288 2730; x_wconf 87' lang='lat' dir='ltr'><strong>est</strong></span> <span class='ocrx_word' id='word_1_326' title='bbox 2315 2674 2569 2747; x_wconf 83' lang='lat' dir='ltr'><strong>liturgica</strong></span> <span class='ocrx_word' id='word_1_327' title='bbox 2597 2682 2655 2729; x_wconf 87' lang='lat' dir='ltr'><strong>et</strong></span> <span class='ocrx_word' id='word_1_328' title='bbox 2683 2688 2845 2745; x_wconf 85' lang='lat' dir='ltr'><strong>prae-</strong></span> 
     </span>
     <span class='ocr_line' id='line_1_27' title="bbox 307 2760 2842 2834; baseline 0 -20"><span class='ocrx_word' id='word_1_329' title='bbox 307 2760 415 2815; x_wconf 82' lang='lat' dir='ltr'><strong>lixa</strong></span> <span class='ocrx_word' id='word_1_330' title='bbox 461 2760 825 2827; x_wconf 82' lang='lat' dir='ltr'><strong>carminibus,</strong></span> <span class='ocrx_word' id='word_1_331' title='bbox 857 2777 1000 2832; x_wconf 87' lang='lat' dir='ltr'><strong>quae</strong></span> <span class='ocrx_word' id='word_1_332' title='bbox 1044 2772 1141 2819; x_wconf 92' lang='lat' dir='ltr'><strong>aut</strong></span> <span class='ocrx_word' id='word_1_333' title='bbox 1196 2778 1225 2817; x_wconf 90' lang='lat' dir='ltr'><strong>a</strong></span> <span class='ocrx_word' id='word_1_334' title='bbox 1278 2762 1456 2818; x_wconf 81' lang='lat' dir='ltr'><strong>levitis</strong></span> <span class='ocrx_word' id='word_1_335' title='bbox 1495 2764 1552 2818; x_wconf 89' lang='lat' dir='ltr'><strong>in</strong></span> <span class='ocrx_word' id='word_1_336' title='bbox 1601 2762 1740 2818; x_wconf 82' lang='lat' dir='ltr'><strong>festo</strong></span> <span class='ocrx_word' id='word_1_337' title='bbox 1779 2763 2265 2819; x_wconf 87' lang='lat' dir='ltr'><strong>tabernaculorum</strong></span> <span class='ocrx_word' id='word_1_338' title='bbox 2309 2770 2405 2817; x_wconf 88' lang='lat' dir='ltr'><strong>aut</strong></span> <span class='ocrx_word' id='word_1_339' title='bbox 2439 2779 2472 2817; x_wconf 89' lang='lat' dir='ltr'><strong>a</strong></span> <span class='ocrx_word' id='word_1_340' title='bbox 2517 2762 2725 2834; x_wconf 89' lang='lat' dir='ltr'><strong>populo</strong></span> <span class='ocrx_word' id='word_1_341' title='bbox 2770 2760 2842 2815; x_wconf 88' lang='lat' dir='ltr'><strong>ad</strong></span> 
     </span>
     <span class='ocr_line' id='line_1_28' title="bbox 308 2847 2844 2922; baseline 0.001 -22"><span class='ocrx_word' id='word_1_342' title='bbox 308 2847 575 2917; x_wconf 86' lang='lat' dir='ltr'><strong>templum</strong></span> <span class='ocrx_word' id='word_1_343' title='bbox 616 2848 995 2920; x_wconf 81' lang='lat' dir='ltr'><strong>peregrinante</strong></span> <span class='ocrx_word' id='word_1_344' title='bbox 1036 2849 1417 2906; x_wconf 87' lang='lat' dir='ltr'><strong>cantabantur.</strong></span> <span class='ocrx_word' id='word_1_345' title='bbox 1458 2881 1531 2890; x_wconf 90' lang='lat'><em>-</em></span> <span class='ocrx_word' id='word_1_346' title='bbox 1557 2852 1692 2905; x_wconf 87' lang='lat' dir='ltr'><strong>Tres</strong></span> <span class='ocrx_word' id='word_1_347' title='bbox 1737 2850 1940 2907; x_wconf 80' lang='lat' dir='ltr'><strong>Psalmi</strong></span> <span class='ocrx_word' id='word_1_348' title='bbox 1975 2850 2048 2922; x_wconf 89' lang='lat'><strong>(8.</strong></span> <span class='ocrx_word' id='word_1_349' title='bbox 2098 2856 2185 2906; x_wconf 84' lang='lat'><strong>81.</strong></span> <span class='ocrx_word' id='word_1_350' title='bbox 2235 2857 2324 2906; x_wconf 78' lang='grc'><strong>84.</strong></span> <span class='ocrx_word' id='word_1_351' title='bbox 2368 2850 2556 2919; x_wconf 76' lang='lat' dir='ltr'><strong>hebr.)</strong></span> <span class='ocrx_word' id='word_1_352' title='bbox 2593 2848 2844 2919; x_wconf 85' lang='lat' dir='ltr'><strong>inscripti</strong></span> 
     </span>
    </p>
   </div>
   <div class='ocr_carea' id='block_1_8' title="bbox 308 2924 2846 3148">
    <p class='ocr_par' dir='ltr' id='par_1_8' title="bbox 308 2924 2846 3157">
     <span class='ocr_line' id='line_1_29' title="bbox 308 2924 2846 3025; baseline 0.001 -28"><span class='ocrx_word' id='word_1_353' title='bbox 308 2924 625 3025; x_wconf 49' lang='grc' dir='ltr'><strong>Πῖξὶξζῑῆὲ]</strong></span> <span class='ocrx_word' id='word_1_354' title='bbox 662 2944 782 3011; x_wconf 81' lang='lat' dir='ltr'><strong>(Al.</strong></span> <span class='ocrx_word' id='word_1_355' title='bbox 806 2942 925 3014; x_wconf 78' lang='grc' dir='ltr'><strong>ὓπὲρ</strong></span> <span class='ocrx_word' id='word_1_356' title='bbox 958 2950 1055 2998; x_wconf 82' lang='grc' dir='ltr'><strong>τῶν</strong></span> <span class='ocrx_word' id='word_1_357' title='bbox 1080 2945 1268 3012; x_wconf 79' lang='grc' dir='ltr'>ληνῶν,</span> <span class='ocrx_word' id='word_1_358' title='bbox 1303 2947 1479 3017; x_wconf 76' lang='lat' dir='ltr'><strong>Vuly.</strong></span> <span class='ocrx_word' id='word_1_359' title='bbox 1504 2962 1607 3017; x_wconf 90' lang='lat' dir='ltr'><strong>pro</strong></span> <span class='ocrx_word' id='word_1_360' title='bbox 1629 2946 2017 3013; x_wconf 87' lang='lat' dir='ltr'><strong>torcularibus)</strong></span> <span class='ocrx_word' id='word_1_361' title='bbox 2041 2946 2299 3002; x_wconf 87' lang='lat' dir='ltr'><strong>destinati</strong></span> <span class='ocrx_word' id='word_1_362' title='bbox 2325 2946 2599 3013; x_wconf 85' lang='lat' dir='ltr'><strong>videntur,</strong></span> <span class='ocrx_word' id='word_1_363' title='bbox 2630 2954 2692 2999; x_wconf 88' lang='lat' dir='ltr'><strong>ut</strong></span> <span class='ocrx_word' id='word_1_364' title='bbox 2721 2945 2846 2999; x_wconf 82' lang='lat' dir='ltr'><strong>vin-</strong></span> 
     </span>
     <span class='ocr_line' id='line_1_30' title="bbox 309 3057 2846 3148; baseline 0.002 -30"><span class='ocrx_word' id='word_1_365' title='bbox 309 3064 505 3119; x_wconf 88' lang='lat' dir='ltr'><strong>demiis</strong></span> <span class='ocrx_word' id='word_1_366' title='bbox 543 3065 707 3121; x_wconf 78' lang='lat' dir='ltr'><strong>linitis</strong></span> <span class='ocrx_word' id='word_1_367' title='bbox 746 3067 867 3121; x_wconf 91' lang='lat' dir='ltr'><strong>Deo</strong></span> <span class='ocrx_word' id='word_1_368' title='bbox 914 3068 1121 3139; x_wconf 86' lang='lat' dir='ltr'><strong>gratiae</strong></span> <span class='ocrx_word' id='word_1_369' title='bbox 1148 3076 1471 3139; x_wconf 81' lang='lat' dir='ltr'><strong>agerentur3</strong></span> <span class='ocrx_word' id='word_1_370' title='bbox 1503 3072 1600 3123; x_wconf 80' lang='lat' dir='ltr'><strong>Ps.</strong></span> <span class='ocrx_word' id='word_1_371' title='bbox 1633 3074 1720 3123; x_wconf 75' lang='lat'><strong>30.</strong></span> <span class='ocrx_word' id='word_1_372' title='bbox 1767 3068 1924 3123; x_wconf 77' lang='lat' dir='ltr'><strong>hebr.</strong></span> <span class='ocrx_word' id='word_1_373' title='bbox 1968 3077 2158 3123; x_wconf 91' lang='lat' dir='ltr'><strong>autem</strong></span> <span class='ocrx_word' id='word_1_374' title='bbox 2195 3068 2358 3123; x_wconf 86' lang='lat' dir='ltr'><strong>titulo</strong></span> <span class='ocrx_word' id='word_1_375' title='bbox 2388 3082 2489 3122; x_wconf 87' lang='lat' dir='ltr'><strong>suo</strong></span> <span class='ocrx_word' id='word_1_376' title='bbox 2523 3070 2683 3121; x_wconf 67' lang='lat' dir='ltr'><strong>nzzrt</strong></span> <span class='ocrx_word' id='word_1_377' title='bbox 2722 3057 2846 3148; x_wconf 62' lang='grc' dir='ltr'><strong>’ὶῖζὲ</strong></span> 
     </span>
    </p>
   </div>
   <div class='ocr_carea' id='block_1_9' title="bbox 311 3184 2822 3374">
    <p class='ocr_par' dir='ltr' id='par_1_9' title="bbox 311 3184 2822 3374">
     <span class='ocr_line' id='line_1_31' title="bbox 311 3184 2822 3264; baseline -0 -23"><span class='ocrx_word' id='word_1_378' title='bbox 311 3194 467 3264; x_wconf 52' lang='grc' dir='ltr'><strong>Πῖζΐ]</strong></span> <span class='ocrx_word' id='word_1_379' title='bbox 510 3184 624 3255; x_wconf 82' lang='lat' dir='ltr'><strong>(Al.</strong></span> <span class='ocrx_word' id='word_1_380' title='bbox 668 3186 773 3260; x_wconf 80' lang='grc' dir='ltr'><strong>ᾠδὴ</strong></span> <span class='ocrx_word' id='word_1_381' title='bbox 800 3192 889 3241; x_wconf 69' lang='grc' dir='ltr'><strong>τοῦ</strong></span> <span class='ocrx_word' id='word_1_382' title='bbox 916 3187 1234 3259; x_wconf 76' lang='grc' dir='ltr'>ἐγκαινισμοῦ</span> <span class='ocrx_word' id='word_1_383' title='bbox 1261 3198 1346 3242; x_wconf 80' lang='grc' dir='ltr'><strong>τοῦ</strong></span> <span class='ocrx_word' id='word_1_384' title='bbox 1382 3188 1546 3257; x_wconf 80' lang='grc' dir='ltr'><strong>οἴκου,</strong></span> <span class='ocrx_word' id='word_1_385' title='bbox 1589 3192 1648 3243; x_wconf 85' lang='lat' dir='ltr'><em>V</em></span> <span class='ocrx_word' id='word_1_386' title='bbox 1643 3190 1766 3262; x_wconf 64' lang='grc' dir='ltr'><strong>νίς.</strong></span> <span class='ocrx_word' id='word_1_387' title='bbox 1816 3190 2091 3245; x_wconf 75' lang='lat' dir='ltr'><strong>canticum</strong></span> <span class='ocrx_word' id='word_1_388' title='bbox 2128 3190 2186 3245; x_wconf 79' lang='lat' dir='ltr'><strong>in</strong></span> <span class='ocrx_word' id='word_1_389' title='bbox 2231 3188 2579 3245; x_wconf 77' lang='lat' dir='ltr'><strong>dedicatione</strong></span> <span class='ocrx_word' id='word_1_390' title='bbox 2615 3188 2822 3249; x_wconf 75' lang='lat' dir='ltr'><strong>domus</strong></span> 
     </span>
     <span class='ocr_line' id='line_1_32' title="bbox 311 3298 1385 3374; baseline 0.006 -21"><span class='ocrx_word' id='word_1_391' title='bbox 311 3298 449 3353; x_wconf 81' lang='lat' dir='ltr'><strong>sesto</strong></span> <span class='ocrx_word' id='word_1_392' title='bbox 478 3298 844 3357; x_wconf 86' lang='lat' dir='ltr'><strong>dedicationis</strong></span> <span class='ocrx_word' id='word_1_393' title='bbox 869 3303 1065 3374; x_wconf 89' lang='lat' dir='ltr'><strong>templi</strong></span> <span class='ocrx_word' id='word_1_394' title='bbox 1092 3302 1385 3359; x_wconf 85' lang='lat' dir='ltr'><strong>addicitur.</strong></span> 
     </span>
    </p>
   </div>
   <div class='ocr_carea' id='block_1_10' title="bbox 790 3522 2353 3614">
    <p class='ocr_par' dir='ltr' id='par_1_10' title="bbox 790 3522 2353 3614">
     <span class='ocr_line' id='line_1_33' title="bbox 790 3522 2353 3614; baseline 0.001 -26"><span class='ocrx_word' id='word_1_395' title='bbox 790 3522 833 3611; x_wconf 65' lang='grc' dir='ltr'>ἓ</span> <span class='ocrx_word' id='word_1_396' title='bbox 866 3528 930 3589; x_wconf 85' lang='grc'><strong>9.</strong></span> <span class='ocrx_word' id='word_1_397' title='bbox 958 3562 1047 3571; x_wconf 93' lang='grc'>-</span> <span class='ocrx_word' id='word_1_398' title='bbox 1068 3527 1165 3588; x_wconf 82' lang='lat' dir='ltr'><strong>De</strong></span> <span class='ocrx_word' id='word_1_399' title='bbox 1192 3524 1622 3589; x_wconf 81' lang='lat' dir='ltr'><strong>Psalmorum</strong></span> <span class='ocrx_word' id='word_1_400' title='bbox 1645 3537 1711 3591; x_wconf 85' lang='lat' dir='ltr'><strong>et</strong></span> <span class='ocrx_word' id='word_1_401' title='bbox 1733 3525 2052 3591; x_wconf 82' lang='lat' dir='ltr'><strong>Psalteriz’</strong></span> <span class='ocrx_word' id='word_1_402' title='bbox 2074 3524 2353 3614; x_wconf 78' lang='lat' dir='ltr'><strong>oriqine.</strong></span> 
     </span>
    </p>
   </div>
   <div class='ocr_carea' id='block_1_11' title="bbox 315 3752 2846 4021">
    <p class='ocr_par' dir='ltr' id='par_1_11' title="bbox 315 3752 2846 4021">
     <span class='ocr_line' id='line_1_34' title="bbox 394 3752 2846 3829; baseline -0.001 -17"><span class='ocrx_word' id='word_1_403' title='bbox 394 3757 450 3813; x_wconf 81' lang='lat'><strong>1.</strong></span> <span class='ocrx_word' id='word_1_404' title='bbox 478 3784 558 3797; x_wconf 89' lang='lat'><strong>—-</strong></span> <span class='ocrx_word' id='word_1_405' title='bbox 583 3752 743 3812; x_wconf 90' lang='lat' dir='ltr'><strong>Num</strong></span> <span class='ocrx_word' id='word_1_406' title='bbox 776 3752 970 3812; x_wconf 87' lang='lat' dir='ltr'><strong>David</strong></span> <span class='ocrx_word' id='word_1_407' title='bbox 998 3753 1169 3812; x_wconf 90' lang='lat' dir='ltr'><strong>solus</strong></span> <span class='ocrx_word' id='word_1_408' title='bbox 1194 3754 1276 3816; x_wconf 88' lang='lat' dir='ltr'><strong>sit</strong></span> <span class='ocrx_word' id='word_1_409' title='bbox 1295 3752 1692 3812; x_wconf 82' lang='lat' dir='ltr'><strong>Psalmorum</strong></span> <span class='ocrx_word' id='word_1_410' title='bbox 1723 3752 2007 3812; x_wconf 89' lang='lat' dir='ltr'><strong>omnium</strong></span> <span class='ocrx_word' id='word_1_411' title='bbox 2033 3757 2270 3822; x_wconf 82' lang='lat' dir='ltr'><strong>auctor,</strong></span> <span class='ocrx_word' id='word_1_412' title='bbox 2303 3752 2560 3829; x_wconf 85' lang='lat' dir='ltr'><strong>antiqua</strong></span> <span class='ocrx_word' id='word_1_413' title='bbox 2583 3754 2677 3810; x_wconf 91' lang='lat' dir='ltr'><strong>est</strong></span> <span class='ocrx_word' id='word_1_414' title='bbox 2695 3768 2846 3809; x_wconf 90' lang='lat' dir='ltr'><strong>con-</strong></span> 
     </span>
     <span class='ocr_line' id='line_1_35' title="bbox 315 3846 2844 3924; baseline -0.002 -16"><span class='ocrx_word' id='word_1_415' title='bbox 315 3848 647 3919; x_wconf 84' lang='lat' dir='ltr'><strong>troversia,</strong></span> <span class='ocrx_word' id='word_1_416' title='bbox 672 3864 859 3924; x_wconf 85' lang='lat' dir='ltr'><strong>quam</strong></span> <span class='ocrx_word' id='word_1_417' title='bbox 887 3846 1151 3908; x_wconf 91' lang='lat' dir='ltr'><strong>Concilii</strong></span> <span class='ocrx_word' id='word_1_418' title='bbox 1182 3848 1507 3907; x_wconf 84' lang='lat' dir='ltr'><strong>tridentini</strong></span> <span class='ocrx_word' id='word_1_419' title='bbox 1541 3850 1756 3907; x_wconf 85' lang='lat' dir='ltr'><strong>Patres</strong></span> <span class='ocrx_word' id='word_1_420' title='bbox 1782 3847 2070 3908; x_wconf 87' lang='lat' dir='ltr'><strong>decidere</strong></span> <span class='ocrx_word' id='word_1_421' title='bbox 2102 3848 2466 3920; x_wconf 89' lang='lat' dir='ltr'><strong>noluerunt;</strong></span> <span class='ocrx_word' id='word_1_422' title='bbox 2487 3847 2844 3907; x_wconf 78' lang='lat' dir='ltr'><strong>communis</strong></span> 
     </span>
     <span class='ocr_line' id='line_1_36' title="bbox 318 3942 2842 4021; baseline -0 -20"><span class='ocrx_word' id='word_1_423' title='bbox 318 3948 527 4001; x_wconf 84' lang='lat' dir='ltr'><strong>tamen</strong></span> <span class='ocrx_word' id='word_1_424' title='bbox 556 3945 619 4002; x_wconf 87' lang='lat' dir='ltr'><strong>et</strong></span> <span class='ocrx_word' id='word_1_425' title='bbox 646 3948 815 4003; x_wconf 85' lang='lat' dir='ltr'><strong>certa</strong></span> <span class='ocrx_word' id='word_1_426' title='bbox 834 3944 1174 4017; x_wconf 87' lang='lat' dir='ltr'><strong>sententia,</strong></span> <span class='ocrx_word' id='word_1_427' title='bbox 1198 3944 1301 4003; x_wconf 89' lang='lat' dir='ltr'><strong>cui</strong></span> <span class='ocrx_word' id='word_1_428' title='bbox 1322 3944 1652 4003; x_wconf 84' lang='lat' dir='ltr'><strong>titulorum</strong></span> <span class='ocrx_word' id='word_1_429' title='bbox 1671 3944 2006 4003; x_wconf 85' lang='lat' dir='ltr'><strong>auctoritas</strong></span> <span class='ocrx_word' id='word_1_430' title='bbox 2025 3943 2538 4021; x_wconf 87' lang='lat' dir='ltr'><strong>psalmorumque</strong></span> <span class='ocrx_word' id='word_1_431' title='bbox 2563 3942 2842 4019; x_wconf 88' lang='lat' dir='ltr'><strong>ipsorum</strong></span> 
     </span>
    </p>
   </div>
   <div class='ocr_carea' id='block_1_12' title="bbox 316 4037 2846 4196">
    <p class='ocr_par' dir='ltr' id='par_1_12' title="bbox 316 4037 2846 4196">
     <span class='ocr_line' id='line_1_37' title="bbox 316 4037 2846 4116; baseline -0 -20"><span class='ocrx_word' id='word_1_432' title='bbox 316 4039 756 4099; x_wconf 89' lang='lat' dir='ltr'><strong>nonnullorum</strong></span> <span class='ocrx_word' id='word_1_433' title='bbox 778 4043 1145 4116; x_wconf 84' lang='lat' dir='ltr'><strong>argumenta</strong></span> <span class='ocrx_word' id='word_1_434' title='bbox 1164 4044 1227 4099; x_wconf 91' lang='lat' dir='ltr'><strong>et</strong></span> <span class='ocrx_word' id='word_1_435' title='bbox 1247 4038 1493 4099; x_wconf 88' lang='lat' dir='ltr'><strong>indoles</strong></span> <span class='ocrx_word' id='word_1_436' title='bbox 1518 4038 2003 4116; x_wconf 84' lang='lat' dir='ltr'><strong>patrocinantur,</strong></span> <span class='ocrx_word' id='word_1_437' title='bbox 2023 4039 2230 4099; x_wconf 87' lang='lat' dir='ltr'><strong>varios</strong></span> <span class='ocrx_word' id='word_1_438' title='bbox 2256 4037 2685 4098; x_wconf 87' lang='lat' dir='ltr'><strong>admittendos</strong></span> <span class='ocrx_word' id='word_1_439' title='bbox 2705 4054 2846 4097; x_wconf 82' lang='lat' dir='ltr'><strong>esse</strong></span> 
     </span>
     <span class='ocr_line' id='line_1_38' title="bbox 316 4139 1064 4196; baseline 0.004 -5"><span class='ocrx_word' id='word_1_440' title='bbox 316 4150 530 4193; x_wconf 89' lang='lat' dir='ltr'><strong>corum</strong></span> <span class='ocrx_word' id='word_1_441' title='bbox 556 4139 843 4195; x_wconf 87' lang='lat' dir='ltr'><strong>auctores</strong></span> <span class='ocrx_word' id='word_1_442' title='bbox 874 4140 1064 4196; x_wconf 86' lang='lat' dir='ltr'><strong>tenet.</strong></span> 
     </span>
    </p>
   </div>
   <div class='ocr_carea' id='block_1_13' title="bbox 377 4289 2850 4399">
    <p class='ocr_par' dir='ltr' id='par_1_13' title="bbox 377 4289 2850 4399">
     <span class='ocr_line' id='line_1_39' title="bbox 377 4289 2850 4399; baseline 0.001 -34"><span class='ocrx_word' id='word_1_443' title='bbox 377 4317 442 4379; x_wconf 83' lang='lat' dir='ltr'><strong>(l)</strong></span> <span class='ocrx_word' id='word_1_444' title='bbox 462 4318 603 4373; x_wconf 80' lang='lat' dir='ltr'><strong>Quae</strong></span> <span class='ocrx_word' id='word_1_445' title='bbox 632 4318 700 4367; x_wconf 87' lang='lat' dir='ltr'><strong>sit</strong></span> <span class='ocrx_word' id='word_1_446' title='bbox 729 4316 1029 4380; x_wconf 77' lang='lat' dir='ltr'><strong>significatio</strong></span> <span class='ocrx_word' id='word_1_447' title='bbox 1056 4317 1441 4380; x_wconf 84' lang='lat' dir='ltr'><strong>inscriptionum</strong></span> <span class='ocrx_word' id='word_1_448' title='bbox 1464 4320 1548 4367; x_wconf 81' lang='lat' dir='ltr'><strong>Ps.</strong></span> <span class='ocrx_word' id='word_1_449' title='bbox 1573 4322 1650 4367; x_wconf 83' lang='grc'><strong>53.</strong></span> <span class='ocrx_word' id='word_1_450' title='bbox 1675 4318 1826 4367; x_wconf 78' lang='lat' dir='ltr'><strong>hebr.</strong></span> <span class='ocrx_word' id='word_1_451' title='bbox 1866 4292 2157 4399; x_wconf 51' lang='grc' dir='ltr'><strong>Πξῃᾩῆξ</strong></span> <span class='ocrx_word' id='word_1_452' title='bbox 2191 4320 2244 4367; x_wconf 84' lang='lat' dir='ltr'><strong>et</strong></span> <span class='ocrx_word' id='word_1_453' title='bbox 2263 4322 2340 4367; x_wconf 84' lang='lat'><strong>88.</strong></span> <span class='ocrx_word' id='word_1_454' title='bbox 2365 4314 2514 4366; x_wconf 76' lang='lat' dir='ltr'><strong>hebr.</strong></span> <span class='ocrx_word' id='word_1_455' title='bbox 2555 4289 2850 4397; x_wconf 51' lang='grc' dir='ltr'><strong>Πι-ὶζξζέἧῖ</strong></span> 
     </span>
    </p>
   </div>
   <div class='ocr_carea' id='block_1_14' title="bbox 316 4405 2850 4509">
    <p class='ocr_par' dir='ltr' id='par_1_14' title="bbox 316 4405 2850 4509">
     <span class='ocr_line' id='line_1_40' title="bbox 316 4405 2850 4509; baseline -0.002 -27"><span class='ocrx_word' id='word_1_456' title='bbox 316 4405 487 4509; x_wconf 50' lang='grc' dir='ltr'><strong>Πῆἕῖιζ</strong></span> <span class='ocrx_word' id='word_1_457' title='bbox 518 4443 724 4493; x_wconf 88' lang='lat' dir='ltr'><strong>prorsus</strong></span> <span class='ocrx_word' id='word_1_458' title='bbox 760 4444 851 4479; x_wconf 87' lang='lat' dir='ltr'><strong>nos</strong></span> <span class='ocrx_word' id='word_1_459' title='bbox 888 4430 1039 4491; x_wconf 84' lang='lat' dir='ltr'><strong>latet;</strong></span> <span class='ocrx_word' id='word_1_460' title='bbox 1069 4430 1435 4480; x_wconf 75' lang='lat' dir='ltr'><strong>Alexandrini</strong></span> <span class='ocrx_word' id='word_1_461' title='bbox 1472 4443 1558 4479; x_wconf 84' lang='lat' dir='ltr'><strong>eas</strong></span> <span class='ocrx_word' id='word_1_462' title='bbox 1599 4444 1663 4478; x_wconf 88' lang='lat' dir='ltr'><strong>ne</strong></span> <span class='ocrx_word' id='word_1_463' title='bbox 1699 4428 2034 4479; x_wconf 85' lang='lat' dir='ltr'><strong>coniectando</strong></span> <span class='ocrx_word' id='word_1_464' title='bbox 2070 4429 2274 4493; x_wconf 87' lang='lat' dir='ltr'><strong>quidem</strong></span> <span class='ocrx_word' id='word_1_465' title='bbox 2311 4428 2636 4492; x_wconf 75' lang='lat' dir='ltr'><strong>interpretari</strong></span> <span class='ocrx_word' id='word_1_466' title='bbox 2677 4430 2850 4477; x_wconf 81' lang='lat' dir='ltr'><strong>conati</strong></span> 
     </span>
    </p>
   </div>
   <div class='ocr_carea' id='block_1_15' title="bbox 318 4530 2852 4677">
    <p class='ocr_par' dir='ltr' id='par_1_15' title="bbox 318 4530 2852 4677">
     <span class='ocr_line' id='line_1_41' title="bbox 318 4530 2852 4600; baseline 0 -19"><span class='ocrx_word' id='word_1_467' title='bbox 318 4536 437 4582; x_wconf 81' lang='lat' dir='ltr'><strong>sunt</strong></span> <span class='ocrx_word' id='word_1_468' title='bbox 464 4532 519 4595; x_wconf 76' lang='lat' dir='ltr'><strong>(A</strong></span> <span class='ocrx_word' id='word_1_469' title='bbox 532 4534 566 4583; x_wconf 87' lang='lat' dir='ltr'><strong>l.</strong></span> <span class='ocrx_word' id='word_1_470' title='bbox 598 4537 712 4596; x_wconf 76' lang='grc' dir='ltr'><strong>ὑπὲρ</strong></span> <span class='ocrx_word' id='word_1_471' title='bbox 748 4538 932 4585; x_wconf 57' lang='lat' dir='ltr'><strong>Maelio</strong></span> <span class='ocrx_word' id='word_1_472' title='bbox 960 4539 1012 4584; x_wconf 83' lang='lat' dir='ltr'><strong>et</strong></span> <span class='ocrx_word' id='word_1_473' title='bbox 1038 4536 1158 4600; x_wconf 72' lang='grc' dir='ltr'><strong>ὑπὲρ</strong></span> <span class='ocrx_word' id='word_1_474' title='bbox 1190 4535 1377 4585; x_wconf 58' lang='lat' dir='ltr'><strong>Mattio</strong></span> <span class='ocrx_word' id='word_1_475' title='bbox 1402 4539 1487 4583; x_wconf 80' lang='grc' dir='ltr'><strong>τοῦ</strong></span> <span class='ocrx_word' id='word_1_476' title='bbox 1520 4536 1859 4598; x_wconf 71' lang='grc' dir='ltr'><strong>ἀποκριθῆναι,</strong></span> <span class='ocrx_word' id='word_1_477' title='bbox 1893 4534 2043 4596; x_wconf 70' lang='lat' dir='ltr'><strong>Vuly.</strong></span> <span class='ocrx_word' id='word_1_478' title='bbox 2081 4550 2108 4581; x_wconf 79' lang='grc' dir='ltr'><strong>α</strong></span> <span class='ocrx_word' id='word_1_479' title='bbox 2143 4547 2239 4598; x_wconf 86' lang='lat' dir='ltr'><strong>pro</strong></span> <span class='ocrx_word' id='word_1_480' title='bbox 2275 4530 2529 4585; x_wconf 68' lang='lat' dir='ltr'><strong>Habelelh</strong></span> <span class='ocrx_word' id='word_1_481' title='bbox 2557 4548 2582 4579; x_wconf 69' lang='lat' dir='ltr'><strong>u</strong></span> <span class='ocrx_word' id='word_1_482' title='bbox 2613 4536 2666 4583; x_wconf 80' lang='lat' dir='ltr'><strong>et</strong></span> <span class='ocrx_word' id='word_1_483' title='bbox 2695 4552 2720 4575; x_wconf 72' lang='lat'><strong>‹-</strong></span> <span class='ocrx_word' id='word_1_484' title='bbox 2757 4546 2852 4596; x_wconf 77' lang='lat' dir='ltr'><strong>pro</strong></span> 
     </span>
     <span class='ocr_line' id='line_1_42' title="bbox 319 4609 1170 4677; baseline 0.004 -17"><span class='ocrx_word' id='word_1_485' title='bbox 319 4609 571 4661; x_wconf 79' lang='lat' dir='ltr'><strong>Mabeleth</strong></span> <span class='ocrx_word' id='word_1_486' title='bbox 598 4612 662 4663; x_wconf 78' lang='lat' dir='ltr'><strong>ed</strong></span> <span class='ocrx_word' id='word_1_487' title='bbox 692 4613 1100 4677; x_wconf 83' lang='lat' dir='ltr'><strong>respondendum</strong></span> <span class='ocrx_word' id='word_1_488' title='bbox 1127 4633 1170 4663; x_wconf 70' lang='lat' dir='ltr'><strong>n.</strong></span> 
     </span>
    </p>
   </div>
  </div>
 </body>
</html>
