3050 5184
370 305 491 364 634
1462 315 1852 360 APPENDICES.

360 450 666 522 scripturis
684 451 795 506 sint
822 464 951 505 vere
968 447 1302 504 doctrinalia
1327 448 1585 519 interque
1609 448 1718 504 alia
1740 447 1816 503 ita
1845 446 2127 512 distinxit,
2156 455 2218 502 ut
2241 446 2382 502 haec
2409 447 2528 502 sine
2554 443 2674 498 ulla
2695 437 2910 512 speciali

360 537 465 593 Dei
509 537 815 594 assistentia
844 536 1047 608 scripta
1086 543 1376 591 assereret.
1418 536 1598 603 Quem
1627 536 1850 591 saeculo
1878 535 2202 607 insequente
2227 542 2451 589 secutus
2477 541 2566 588 est
2591 529 2752 586 ΡΙιὶΙ.
2791 529 2908 584 Ner.

367 626 738 682 Clarismann
756 625 823 680 Ο.
851 625 1011 694 Min„
1040 624 1135 696 qui
1154 623 1408 680 similiter
1426 621 1770 694 distinguens
1801 631 1985 694 partes
2011 638 2126 678 non
2155 621 2490 678 doctrinales
2503 617 2776 692 negativa
2795 631 2910 686 qua·

364 713 496 768 dam
526 729 655 769 cum
684 712 999 770 assistentia
1041 712 1277 783 scriptas
1304 711 1566 778 asseruit3
1607 721 1844 782 uterque
1880 719 2072 766 tamen
2109 709 2326 778 omnia,
2363 709 2594 780 quaein
2623 701 2910 775 scripturis

364 803 647 872 leguntur,
676 817 807 856 vera
838 809 893 856 et
920 809 1071 856 certa
1110 814 1231 855 esse
1258 815 1372 855 nou
1404 807 1712 868 negarunt,
1745 798 1842 854 sed
1874 798 1998 854 illas
2029 808 2216 868 partes
2245 799 2396 853 velut
2425 796 2536 852 tide
2563 795 2782 850 divina
2804 805 2910 846 cre·

364 887 575 945 dendas
598 887 891 946 dumtaxat
912 887 1137 944 infitiati
1160 896 1287 944 sunt
1301 887 1361 941 ²⁰.
1394 887 1507 942 Hoc
1532 895 1726 942 nostro
1745 896 1934 942 autem
1956 887 2178 943 saeculo
2199 885 2374 957 aliqui
2397 885 2706 956 scriptor&
2729 877 2910 936 catho-

363 976 451 1031 lici
479 978 711 1033 ulterius
755 976 1032 1048 progressi
1065 974 1305 1032 decretis
1340 975 1717 1032 conciliorum
1745 974 2163 1046 inspirationem
2201 972 2271 1031 ad
2304 989 2368 1029 ca
2383 1015 2398 1042 ,
2425 988 2570 1044 quae
2599 971 2780 1026 tidem
2803 982 2912 1021 mo-

364 1079 564 1136 resque
588 1065 898 1138 attingunt,
920 1065 996 1120 ita
1018 1063 1279 1136 restringi
1298 1071 1682 1132 asseruerunt,
1709 1071 1772 1132 ut
1789 1063 2091 1135 scriptores
2117 1063 2178 1117 in
2205 1061 2330 1118 aliis
2347 1077 2462 1117 non
2489 1068 2722 1116 tantum
2739 1071 2912 1112 errare

362 1153 647 1222 potuerint
670 1152 769 1208 sed
792 1167 953 1224 saepe
983 1151 1323 1215 erraverint;
1358 1151 1465 1207 hac
1485 1151 1750 1206 nimirum
1774 1167 1920 1206 nova
1943 1151 2218 1207 sententia
2247 1149 2492 1206 admissa
2518 1163 2580 1204 se
2603 1148 2911 1218 Scriptura·

365 1255 489 1294 rum
514 1241 905 1296 auctoritatem
930 1239 998 1296 ab
1029 1239 1446 1296 incredulorum
1470 1238 1875 1295 obiectionibus
1906 1238 2120 1295 facilius
2144 1236 2444 1295 defendere
2475 1252 2642 1308 posse
2669 1231 2910 1290 arbitrati

364 1329 566 1383 sunt²².
598 1329 813 1398 Quibus
840 1328 1135 1384 acatholici
1172 1327 1428 1384 nonnulli
1460 1328 1805 1398 praeierant;
1851 1327 2062 1382 etenim
2105 1335 2504 1399 protestantes,
2536 1325 2638 1398 qui
2665 1323 2742 1379 ab
2771 1321 2912 1376 initio

366 1417 767 1472 strictissimam
788 1416 1204 1488 inspirationem
1224 1415 1586 1482 admiserant,
1610 1415 1688 1470 ita
1709 1424 1772 1470 ut
1799 1416 1918 1486 ipsa
1943 1416 2104 1485 signa
2131 1414 2344 1470 vocalia
2369 1420 2534 1486 (quae
2551 1411 2740 1468 textui
2769 1408 2907 1464 hebr.

364 1521 477 1560 nou
503 1505 611 1560 nisi
640 1505 771 1561 inde
807 1520 840 1560 a
872 1520 1016 1560 saec.
1048 1511 1101 1560 9.
1136 1521 1189 1574 p.
1222 1505 1356 1559 Chr.
1396 1501 1586 1558 addita
1629 1507 1780 1569 sunt)
1809 1503 2086 1574 inspirata
2125 1501 2426 1558 definirent
2451 1501 2744 1568 (Formuia
2769 1511 2910 1552 cons.

368 1593 515 1649 helv.
546 1609 597 1648 a.
630 1600 707 1661 2),
734 1592 862 1648 inde
880 1608 911 1646 a
932 1608 1077 1648 saec.
1115 1597 1199 1647 17.
1224 1593 1391 1647 etiam
1414 1591 1594 1647 solam
1617 1591 1990 1647 assistentiam
2019 1592 2335 1664 negativam
2360 1591 2418 1645 in
2443 1589 2642 1644 multis
2667 1587 2912 1656 Scriptu-

366 1695 555 1736 rarum
588 1680 840 1751 partibus
866 1688 1109 1734 statuere
1147 1689 1477 1750 coeperunt,
1512 1686 1705 1736 exorto
1739 1687 1926 1735 autem
1955 1677 2338 1734 rationalismo
2374 1692 2602 1732 ornnem
2633 1676 2806 1746 plane
2841 1673 2912 1726 in·

366 1769 722 1838 spirationem
762 1774 1065 1840 negarunt,
1108 1773 1277 1837 atque
1316 1767 1475 1836 pauci
1522 1765 1691 1822 hodie
1727 1766 1876 1822 inter
1926 1782 2021 1822 eos
2047 1765 2418 1830 invenientur,
2464 1763 2602 1836 quin
2629 1759 2914 1818 erroribus

365 1853 1005 1928 contradictionibusque
1033 1854 1227 1925 plenos
1262 1869 1383 1910 esse
1411 1853 1584 1910 libros
1607 1869 1798 1924 sacros
1831 1862 2084 1910 asserant
2101 1854 2164 1908 ²².

424 1994 523 2058 (20)
549 1999 619 2045 H.
650 1994 860 2046 Holden
902 1995 1131 2058 Analysis
1159 1995 1277 2044 {idei
1304 1994 1407 2043 div.
1443 1996 1479 2043 1.
1513 1999 1542 2042 5
1571 2016 1584 2043 ι
1615 2015 1638 2037 α
1673 1994 1931 2045 Auxilium
1961 1993 2177 2057 speciale
2213 1994 2446 2044 divinum
2467 1993 2775 2056 praestitum
2801 2003 2912 2036 auc-

366 2074 466 2141 tori
492 2073 765 2124 cuiuslibet
792 2074 987 2137 scripti,
1012 2073 1152 2136 quod
1174 2086 1266 2137 pro
1295 2072 1453 2122 verbo
1481 2074 1572 2122 Dei
1605 2074 1784 2137 recipit
1807 2073 2049 2133 Ecclesia,
2073 2072 2139 2122 ad
2167 2086 2227 2122 ea
2257 2071 2580 2122 solummodo
2602 2083 2657 2120 se
2675 2067 2910 2133 porrigit.

362 2166 493 2216 quae
523 2152 603 2202 vel
632 2158 753 2202 sunt
782 2165 905 2216 pure
934 2151 1241 2202 doctrinalia
1268 2151 1351 2202 vel
1384 2153 1672 2215 proximum
1695 2153 1916 2216 aliquem
1949 2155 2038 2202 aut
2059 2151 2397 2202 necessarium
2428 2149 2610 2200 habent
2631 2147 2694 2198 ad
2725 2147 2912 2196 doctri-

365 2233 498 2281 nalia
522 2235 831 2296 respectum3
866 2233 916 2281 in
947 2232 1012 2281 iis
1042 2245 1187 2292 vem,
1212 2243 1343 2294 quae
1375 2245 1473 2280 non
1502 2235 1623 2281 sunt
1647 2231 1709 2281 de
1735 2231 1976 2283 instituto
2004 2231 2272 2295 scriptoris
2295 2229 2375 2280 vel
2401 2229 2464 2280 ad
2490 2229 2587 2278 alia
2611 2227 2914 2277 referuntur

364 2324 424 2361 8ο
462 2313 662 2360 tantum
700 2310 932 2360 subsidio
971 2313 1135 2360 Deum
1167 2309 1271 2359 illis
1313 2309 1538 2360 adfuisse
1581 2310 1888 2370 iudicamus,
1933 2310 2074 2374 quod
2113 2309 2354 2374 piissimis
2391 2309 2574 2359 ceteris
2611 2306 2916 2356 auctoribus

361 2403 631 2440 commune
658 2394 763 2449 est3
798 2409 823 2434 ιι
848 2393 901 2440 et
922 2389 1005 2440 cfr
1034 2391 1097 2438 11.
1123 2393 1155 2439 8
1182 2408 1193 2440 :
1232 2405 1259 2436 α
1284 2389 1521 2452 quamvis
1549 2388 1819 2452 falsitatis
1841 2403 2075 2453 arquere
2099 2403 2204 2439 non
2231 2391 2350 2440 licet
2382 2387 2646 2452 qvidqvid
2671 2384 2914 2436 habetur

362 2471 423 2518 in
444 2481 602 2518 sacro
624 2467 823 2532 codice,
845 2472 1203 2519 verumtamen
1226 2480 1359 2532 quae
1386 2466 1451 2517 ad
1474 2467 1770 2531 religionem
1795 2483 1894 2517 non
1923 2471 2180 2533 spectant,
2209 2467 2488 2518 catholicae
2515 2466 2630 2516 fidei
2658 2463 2916 2514 articuioz

362 2562 463 2597 non
493 2545 765 2596 adstruunt
801 2563 847 2597 n.
876 2575 939 2584 -
972 2547 1069 2598 Pla.
1108 2549 1169 2596 N.
1213 2547 1546 2597 chrismam
1581 2547 1786 2611 (Regula
1822 2546 1938 2598 fidei
1965 2547 2100 2598 cath.
2131 2549 2175 2597 1.
2209 2553 2238 2598 2
2265 2547 2290 2610 ἕ
2320 2553 2375 2596 51
2411 2545 2489 2595 cfr
2519 2547 2698 2608 Hique
2733 2544 2912 2593 Theoi.

360 2638 493 2676 curs.
537 2625 722 2688 compl.
760 2627 847 2674 vi.
880 2626 991 2689 907)
1026 2625 1109 2675 his
1138 2624 1327 2688 regulis
1354 2639 1496 2675 suam
1525 2624 1814 2675 doctrinam
1841 2625 2197 2689 complectitur
2226 2642 2240 2676 =
2271 2643 2296 2672 (ι
2333 2626 2400 2689 1.)
2433 2627 2491 2674 111
2525 2623 2666 2673 libris
2691 2635 2835 2672 sacr.
2865 2627 2912 2670 et

358 2719 535 2756 canon.
563 2705 815 2754 contineri
847 2705 1132 2754 doctrinam
1163 2719 1191 2753 a
1216 2707 1323 2754 Deo
1354 2718 1444 2768 per
1477 2703 1760 2768 Prophetas
1799 2705 2068 2768 Apostolos
2101 2705 2448 2768 Evangelistas
2480 2701 2709 2766 aliosque
2741 2701 2914 2764 hagio-

358 2784 577 2848 graphos
600 2783 894 2843 revelatam,
926 2787 1079 2848 atque
1103 2783 1197 2833 hoc
1220 2783 1487 2846 praecipue
1512 2797 1670 2833 sensu
1699 2785 2018 2848 scripturam
2042 2798 2154 2835 esse
2177 2784 2380 2848 proprie
2401 2781 2614 2832 verbum
2637 2781 2730 2830 Dei
2747 2819 2764 2838 ‚
2789 2783 2912 2830 veri-

356 2869 436 2914 tas
460 2863 634 2913 divina
651 2866 705 2912 et
724 2862 978 2913 catholica
994 2866 1099 2922 est;
1126 2863 1193 2926 2.)
1216 2861 1345 2912 illud
1356 2863 1526 2912 solum
1545 2875 1608 2912 ex
1633 2863 1778 2913 libris
1797 2863 1986 2914 divinis
2003 2863 2099 2915 fide
2121 2862 2298 2913 divina
2319 2861 2630 2912 credendum
2647 2863 2746 2918 est.
2771 2860 2912 2926 quod

354 2947 615 3010 tamquam
651 2941 907 2993 doctrina
942 2942 1185 2992 revelata
1214 2942 1523 3001 refertum...
1565 2943 1634 3004 5.)
1665 2941 1798 2992 facta
1837 2955 1986 3002 vero,
2017 2955 2152 3006 quae
2189 2955 2282 2992 nec
2317 2945 2466 2992 antea
2498 2953 2592 2991 nec
2622 2940 2676 2989 in
2712 2939 2912 2989 actuali

356 3021 631 3085 scriptione
658 3021 970 3080 revelantur,
999 3020 1099 3070 tide
1128 3020 1303 3070 divina
1334 3019 1539 3085 propria
1571 3020 1824 3071 credenda
1856 3035 1956 3071 non
1991 3023 2143 3082 sunt;
2173 3021 2244 3085 8.)
2281 3034 2442 3085 quare
2471 3022 2670 3070 tantum
2699 3017 2862 3068 abest
2885 3033 2912 3067 a

354 3099 587 3162 dogmate
614 3099 749 3158 fidei,
783 3101 843 3148 ut
870 3113 935 3149 ne
962 3098 1398 3163 quidem-certum
1428 3111 1487 3149 ac
1520 3101 1862 3150 necessarium
1895 3102 1980 3159 sit,
2007 3104 2066 3149 ut
2093 3099 2320 3162 singulae
2349 3099 2592 3148 veritates
2617 3111 2676 3147 ac
2703 3103 2912 3149 sentun-

357 3177 455 3226 tiae
482 3192 514 3226 a
535 3178 728 3242 Spiritu
750 3180 799 3228 S.
827 3181 1160 3240 suggerantur
1188 3183 1279 3228 aut
1306 3178 1646 3243 inspirentur;
1677 3179 1874 3230 sufficit
1900 3193 2124 3244 namque
2145 3193 2204 3229 ea
2231 3178 2527 3242 inspiratio,
2552 3191 2656 3241 qua
2681 3177 2914 3240 spiritus

352 3257 405 3304 S.
434 3261 671 3308 auctores
697 3271 867 3308 sacros
893 3258 1029 3307 inter
1056 3257 1379 3308 scribendum
1402 3257 1590 3308 direxit
1607 3272 1670 3308 ne
1699 3262 1958 3318 errarent;
1982 3259 2044 3321 7.)
2069 3258 2266 3316 omnia,
2299 3259 2499 3322 quaein
2527 3255 2813 3320 Scripturis
2843 3273 2912 3308 re-

350 3336 605 3394 seruntur,
629 3349 748 3385 vera
779 3339 831 3386 et
850 3336 1133 3386 certissima
1159 3339 1283 3386 sunt
1306 3353 1352 3386 υ.
1379 3339 1511 3387 Fuse
1535 3341 1716 3386 contra
1738 3337 1871 3388 hanc
1897 3336 2184 3388 doctrinam
2207 3336 2312 3400 agit
2334 3339 2377 3387 1.
2409 3337 2669 3398 Kleutyen
2695 3336 2911 3386 Theolo-

352 3414 432 3477 gie
453 3413 546 3464 der
571 3415 793 3464 vorzeit.
823 3414 917 3465 Ed.
946 3421 991 3465 2.
1023 3417 1063 3464 1.
1094 3429 1142 3480 p.
1171 3419 1331 3467 50-72.

414 3493 511 3557 (21)
543 3497 679 3542 inter
704 3507 759 3543 se
785 3496 955 3544 tamen
985 3494 1141 3544 huius
1167 3495 1452 3545 sententiae
1486 3499 1722 3544 auctores
1744 3509 1923 3559 parum
1949 3494 2282 3546 consentiunt
2311 3513 2326 3542 ι
2355 3499 2476 3546 Bm.
2507 3494 2766 3546 Newman
2805 3499 2914 3558 {Oa

353 3573 437 3622 the
458 3573 769 3636 inspiration
799 3571 857 3621 of
874 3574 1154 3636 scripture.
1178 3574 1284 3624 The
1304 3573 1612 3623 Nineteenth
1633 3575 1862 3639 century
1879 3575 2028 3625 Febr.
2056 3575 2200 3639 1884)
2221 3573 2332 3624 sola
2351 3587 2429 3632 ea,
2452 3578 2512 3624 nt
2533 3573 2756 3632 videtur,
2781 3589 2914 3638 qnae

353 3653 529 3709 obiter
554 3651 703 3701 dieta
728 3649 970 3714 appellat,
998 3651 1033 3700 i.
1067 3665 1111 3702 e.
1139 3652 1301 3702 incisa
1334 3651 1580 3716 quaedam
1611 3655 1664 3702 et
1693 3656 1840 3704 notas
1868 3653 2089 3704 insertas
2123 3652 2220 3716 (uti
2245 3651 2435 3704 ludim
2471 3657 2548 3712 1,7
2577 3652 2912 3704 Nabuchodo-

352 3743 593 3782 nosorem
622 3744 791 3794 regem
808 3730 969 3780 fuisse
994 3730 1236 3791 Ninives3
1268 3739 1294 3781 2
1326 3733 1463 3782 Tim.
1494 3735 1608 3791 4‚13
1641 3732 1858 3783 Paulum
1888 3731 2124 3796 penulam
2155 3731 2353 3783 Troade
2385 3730 2654 3796 reliquisse
2680 3733 2827 3794 eta),
2851 3731 2914 3782 ab

351 3809 683 3872 inspiratione
706 3809 935 3860 excludit
962 3807 1160 3872 (contra
1180 3809 1315 3860 hanc
1340 3809 1646 3860 seutentiam
1667 3811 1865 3874 egregie
1889 3812 2156 3874 disputant
2171 3814 2231 3861 P.
2252 3810 2495 3862 Bruclm·
2509 3813 2562 3862 S.
2581 3813 2619 3861 1.
2635 3811 2914 3862 L’etendne

354 3889 417 3938 de
456 3888 794 3951 l'inspiration
831 3888 923 3939 des
962 3887 1119 3938 livres
1160 3901 1202 3938 8.
1247 3889 1589 3940 Controverse
1630 3893 1682 3939 et
1727 3891 2137 3954 Contemporain.
2182 3891 2285 3940 Dec
2334 3893 2470 3940 188⁴.
2513 3893 2655 3939 laur.
2699 3894 2824 3940 1885
2861 3895 2910 3940 et

361 3971 412 4017 F.
441 3968 660 4018 Schmid
678 3967 773 4017 Die
798 3970 1041 4017 neuesten
1074 3969 1449 4018 Controversen
1471 3969 1600 4017 iiber
1633 3968 1716 4017 die
1744 3970 1927 4033 Inspir.
1961 3969 2162 4020 Innsbr.
2186 3967 2436 4019 zeitschr.
2465 3967 2506 4018 f.
2533 3968 2704 4020 Theol.
2739 3975 2906 4021 1886st

358 4049 447 4096 Fr.
480 4051 805 4098 Leuci-mant
834 4049 946 4110 (Les
978 4047 1198 4111 origines
1226 4047 1291 4096 de
1322 4047 1571 4098 l'histoire
1599 4047 1796 4111 d'apres
1835 4048 1881 4098 la
1904 4049 2048 4098 Bihle
2081 4054 2134 4100 et
2164 4049 2240 4099 les
2265 4047 2544 4098 traditione
2575 4049 2666 4099 des
2697 4049 2906 4114 periples

360 4126 547 4174 orient.
568 4125 714 4174 Paris
742 4131 861 4176 188⁰
884 4125 1019 4175 Pref.
1046 4139 1093 4188 p.
1118 4129 1206 4175 vl.
1232 4127 1367 4189 sqq.)
1396 4125 1648 4188 integram
1677 4127 1786 4176 fere
1821 4129 2164 4178 narrationem
2191 4127 2488 4178 historicam
2517 4131 2666 4192 negat
2689 4129 2906 4192 inspira—

294 4209 301 4216 ·
358 4207 461 4252 tam
490 4215 602 4252 esse
622 4204 929 4267 mythosque
952 4219 981 4253 a
1012 4207 1183 4267 Moyse
1210 4203 1389 4254 referri
1424 4208 1596 4254 censet
1625 4205 1822 4268 (contra
1854 4221 1972 4256 eum
2005 4207 2196 4272 optime
2229 4207 2436 4256 disserit
2455 4208 2542 4257 Fr.
2566 4207 2632 4257 de
2657 4210 2906 4258 Hamme—

359 4281 515 4331 latter
530 4283 581 4332 S.
600 4283 643 4332 1.
666 4282 969 4346 inspiration
984 4282 1089 4332 und
1108 4283 1333 4346 Mythus.
1354 4283 1610 4333 Stimmen
1623 4297 1717 4336 aus
1730 4287 1797 4334 Μ.
1819 4286 1986 4336 Laach
2013 4291 2144 4337 1881.
2171 4287 2299 4337 xxi.
2315 4299 2367 4350 p.
2387 4289 2480 4335 3⁴8
2495 4298 2612 4350 sqq.
2633 4291 2726 4338 448
2741 4289 2878 4352 sqq.)-
2891 4307 2906 4338 ι

360 4359 465 4418 alii,
492 4359 572 4409 uti
594 4360 823 4422 Rohltuq
857 4361 969 4424 (Dic
990 4360 1297 4424 inspiration
1324 4362 1417 4412 der
1446 4361 1586 4412 Bihel
1619 4363 1728 4412 und
1763 4363 1876 4415 ihre
1905 4363 2203 4428 Bedeutung
2236 4365 2325 4414 sur
2349 4364 2437 4415 die
2469 4364 2595 4416 freie
2623 4367 2904 4429 Fon-hung.

360 4437 523 4486 Natur
550 4452 602 4488 u.
638 4437 841 4490 offeni).
872 4443 1102 4489 munster
1136 4443 1271 4491 1872.
1314 4454 1364 4505 p.
1400 4445 1461 4490 97
1505 4442 1642 4505 sqq.)
1673 4443 1725 4491 in
1755 4441 1819 4492 iis
1854 4455 1987 4506 quae
2015 4442 2082 4494 ad
2120 4444 2390 4496 historiam
2434 4443 2718 4495 naturalem
2752 4447 2908 4509 magis

363 4519 607 4577 spectant,
630 4516 1017 4582 inspirationem
1038 4519 1243 4583 proprie
1272 4519 1463 4569 dictam
1487 4525 1674 4583 negant
1696 4523 1791 4571 etc.
1818 4522 2018 4585 (contra
2047 4535 2180 4587 quos
2209 4523 2284 4574 err
2307 4521 2534 4574 hebben
2554 4525 2715 4574 Natur
2743 4539 2796 4574 u.
2825 4525 2908 4576 of-

362 4591 663 4657 feubarung.
698 4600 832 4654 1872,
866 4599 980 4648 Em.
1010 4599 1299 4648 Franzelin
1327 4601 1401 4648 De
1422 4599 1577 4651 Trad.
1603 4604 1654 4649 et
1681 4600 1866 4663 script.
1893 4601 1990 4652 Ed.
2014 4607 2062 4652 3.
2088 4615 2139 4666 p.
2165 4605 2256 4652 584
2287 4604 2448 4667 sqq.).

430 4669 526 4729 (22)
554 4670 640 4720 Ct'r
667 4677 779 4722 Der
802 4675 1060 4726 Katholilc
1078 4679 1177 4726 Zur
1193 4678 1373 4727 Gesch.
1398 4676 1491 4727 der
1508 4683 1718 4740 protest.
1745 4680 2222 4742 inspirationslehre
2255 4685 2392 4734 1835.
2423 4685 2488 4733 Π.
