3050 5184
365 285 483 346 378
566 301 640 346 ns
683 301 818 344 ver.
854 299 1108 345 ‘resa-Au.
1140 299 1331 344 umus
1359 299 1765 344 Pnopusnms.
1800 313 1879 328 -
1906 299 2036 342 cn».
2072 299 2137 342 11.
2172 299 2249 342 nn
2288 297 2629 343 Pnornssrut
2672 300 2893 344 ismae.

612 442 666 488 et
693 433 989 489 Arabiam
1013 433 1302 502 (21,11-16)
1331 431 1559 488 revertit
1591 430 1661 487 ad
1686 430 1904 486 vallem
1928 431 2176 486 visionis
2214 431 2251 486 i.
2290 446 2341 486 e.
2386 431 2719 498 Ierusalem,
2748 447 2897 504 quae

609 519 741 576 urbs
781 529 992 576 terrore
1031 521 1280 590 perculsa
1317 527 1374 576 et
1410 527 1595 592 strage
1632 519 1839 574 afflicta
1876 506 2144 586 remedio,
2192 534 2303 590 quo
2336 519 2535 573 salvari
2568 521 2768 589 possit,
2812 521 2899 575 uti

607 625 717 662 non
765 610 882 663 vult
928 608 1163 679 ideoque
1191 607 1450 680 punietur
1490 607 1781 676 (22,1-14);
1828 605 1977 678 qnod
2014 605 2334 663 vaticinium
2372 614 2649 662 remotum
2690 608 2898 662 iterum

606 695 897 751 confirmat
927 696 1102 751 altero
1141 710 1270 751 mox
1308 694 1592 766 implendo
1631 694 1699 751 de
1734 694 1949 764 Sobna,
1977 693 2255 766 praefecto
2288 695 2465 766 regio,
2497 695 2724 766 eiusque
2763 710 2897 750 suc-

605 797 818 840 cessore
849 783 1079 838 Eliakim
1110 785 1425 854 (22,15-25).
1458 814 1529 824 —
1552 785 1791 838 Demum
1818 783 2017 855 stragis
2043 797 2307 854 magnae,
2335 797 2443 853 qua
2480 785 2670 852 Tyrus
2698 798 2893 854 percu-

604 871 789 938 tietur,
822 869 1028 926 indicat
1055 880 1340 926 auctorem
1375 878 1430 926 et
1461 885 1656 926 causas
1684 879 1850 942 atque
1886 870 2175 926 meliorem
2212 878 2417 926 sortem
2448 868 2695 925 suturam
2728 871 2899 926 simul

605 957 878 1029 promittit
909 959 1193 1029 (23,1-18>.

428 1049 508 1100 De
535 1045 766 1102 iudicio
795 1047 1123 1102 uniuersali
1142 1051 1200 1102 et
1221 1045 1294 1102 de
1312 1045 1516 1120 fructu
1544 1045 1919 1117 sinqulorum
1946 1045 2307 1103 iudiciorum
2338 1048 2689 1117 (24‚1-2⁷,13)
2722 1063 2901 1120 agens

605 1133 772 1189 finem
809 1149 1146 1206 scopumque
1184 1133 1631 1206 praecedentium
1664 1133 1994 1189 iudiciorum
2030 1135 2375 1206 singulorum
2403 1134 2662 1190 illustrat.
2693 1133 2899 1191 Ultimi

604 1219 788 1276 indicii
813 1221 1074 1292 descripti
1104 1223 1363 1292 (24,1-25)
1396 1221 1671 1292 triplicem
1698 1221 1941 1278 fructum
1970 1223 2207 1293 explicat
2237 1239 2254 1277 ε
2285 1221 2519 1294 gloriam
2544 1221 2679 1288 Dei,
2712 1222 2897 1279 beati·

605 1307 900 1364 titudinem
937 1310 1183 1381 piorum,
1214 1309 1659 1366 humiliationem
1696 1309 1989 1380 impiorum
2024 1311 2311 1382 (25‚1-12)‚
2348 1325 2459 1382 qua
2495 1308 2567 1365 de
2598 1325 2660 1366 re
2698 1311 2770 1379 ii,
2800 1313 2899 1382 qui

604 1396 796 1452 salvati
823 1405 979 1466 sunt,
1011 1400 1131 1453 Deo
1177 1399 1381 1471 gratias
1427 1405 1599 1470 agunt
1643 1397 1921 1468 (26,1-19).
1961 1427 2032 1440 --
2076 1396 2370 1454 Conclusio
2415 1406 2600 1454 autem
2646 1401 2895 1470 practica

603 1484 771 1539 totins
807 1484 1066 1541 sectionis
1102 1495 1212 1551 est,
1252 1494 1314 1540 ut
1351 1484 1589 1556 populus
1620 1485 1838 1556 quietus
1866 1493 2171 1557 exspectet,
2199 1483 2379 1541 donec
2416 1487 2567 1542 Deus
2600 1485 2897 1542 debellatis

606 1570 856 1628 hostibus
897 1587 1022 1627 eum
1071 1572 1233 1628 faciat
1279 1572 1573 1628 amabilem
1615 1587 1774 1627 suam
1820 1573 2037 1628 vineam
2066 1574 2459 1645 (26‚20-2⁷‚6)3
2500 1575 2559 1629 in
2595 1572 2702 1629 boc
2742 1576 2895 1630 enim

603 1659 981 1715 calamitatum
1007 1660 1158 1716 exitu
1187 1667 1418 1732 apparet
1443 1659 1663 1715 bouitas
1690 1659 1823 1723 Dei,
1854 1660 1949 1732 qui
1976 1661 2165 1732 punit,
2196 1670 2260 1715 ut
2286 1661 2462 1718 salvet
2491 1662 2783 1733 (wa-13).

431 1751 483 1801 3.
514 1748 658 1802 Sion
685 1752 944 1819 tempore
975 1747 1266 1803 Ezechiae
1289 1764 1330 1803 a
1353 1751 1467 1803 Deo
1487 1764 1597 1820 per
1618 1748 1899 1824 Assyrios
1926 1750 2147 1804 iterum
2170 1749 2439 1819 punitur,
2471 1749 2576 1805 sed
2600 1751 2889 1814 salvatur,

605 1835 748 1908 quia
775 1835 1034 1890 credidit
1065 1837 1438 1907 (28‚1·a7‚38).
1479 1835 1583 1891 Sex
1618 1835 1886 1891 vaticiniis
1917 1835 2230 1892 minacibus
2266 1845 2483 1892 constat
2515 1837 2655 1894 haec
2692 1839 2891 1906 sectio,

604 1922 762 1994 eique
791 1921 1012 1978 additur
1038 1922 1334 1996 descriptio
1363 1923 1612 1980 diversae
1639 1923 1802 1978 sortis
1838 1923 2019 1980 finalis
2045 1923 2345 1995 impiorum
2382 1933 2438 1980 et
2478 1925 2711 1996 piorum.
2738 1927 2893 1982 Con-

603 2009 930 2066 firmationis
968 2011 1141 2084 gratia
1181 2019 1374 2067 narrat
1413 2011 1681 2083 propheta
1698 2053 1713 2081 ,
1739 2010 2020 2082 quomodo
2052 2014 2205 2068 Deus
2245 2012 2543 2068 Ezechiam
2576 2022 2635 2068 et
2662 2014 2893 2069 Sionem

604 2097 675 2152 ab
705 2098 976 2172 assyriaca
1005 2099 1288 2155 invasione
1313 2099 1647 2155 liberaverit.

429 2187 548 2240 Duo
581 2187 706 2240 Vae
747 2191 953 2241 contra
996 2187 1333 2244 Samariam
1375 2193 1430 2243 et
1470 2188 1795 2244 Ierusalem
1838 2189 2211 2259 (28‚1-29‚1⁴).
2258 2217 2331 2230 -—-
2358 2189 2688 2245 Samariae
2732 2192 2891 2246 Deus

602 2273 844 2328 minatur
869 2274 1154 2329 interitum
1182 2283 1410 2346 propter
1437 2275 1555 2331 eius
1584 2283 1829 2348 peccata,
1860 2275 1958 2331 sed
1988 2275 2059 2330 ob
2084 2274 2321 2333 eandem
2343 2278 2615 2332 rationem
2642 2281 2890 2334 Ierusa-

605 2361 718 2416 lem
747 2359 1024 2431 punienda
1051 2371 1135 2418 est
1173 2363 1461 2434 (28‚1-15),
1491 2362 1581 2419 cui
1620 2363 1785 2419 unica
1820 2363 1909 2419 via
1946 2363 2137 2420 salutis
2178 2373 2455 2434 remanet,
2484 2364 2687 2421 fiducia
2716 2381 2795 2422 sc.
2829 2366 2891 2421 in

611 2468 636 2499 α
667 2447 908 2519 lapidem
934 2450 1256 2521 angularem
1282 2451 1585 2521 pretiosum
1620 2471 1643 2502 ι
1666 2451 1725 2506 in
1748 2444 2123 2508 fundamentis
2146 2452 2279 2510 Sion
2299 2451 2537 2523 positum
2560 2454 2887 2522 (nau-29).

671 2537 787 2592 Vae
823 2546 1014 2592 contra
1055 2537 1353 2593 Ierusalem
1392 2539 1763 2594 calamitatem
1794 2537 2133 2610 praedictam
2172 2542 2481 2596 accuratius
2511 2539 2776 2597 describit
2806 2544 2887 2597 si-

603 2625 719 2679 mul
747 2625 1075 2695 promittens
1103 2623 1352 2682 futurum
1378 2627 1645 2682 auxilium
1674 2629 1958 2698 (29‚1-14).

435 2713 575 2766 Tre'a
627 2713 746 2767 Vae
783 2717 994 2768 contra
1033 2714 1246 2786 populi
1291 2712 1645 2782 seductores,
1694 2714 1789 2786 qui
1841 2714 2099 2772 humanis
2148 2716 2363 2773 auxiliis
2416 2711 2655 2786 (foedere
2710 2733 2885 2790 aegy-

599 2799 734 2870 ptio)
775 2800 1028 2874 Assyrios
1065 2799 1354 2858 devincere
1393 2801 1583 2857 volunt
1624 2802 2028 2873 (29‚15-32‚20).
2074 2833 2145 2844 —
2188 2805 2437 2860 Primum
2481 2805 2597 2861 Vae
2637 2803 2887 2861 subitam

602 2889 890 2944 annuntiat
925 2904 1114 2944 rerum
1149 2890 1594 2958 conversionem,
1622 2906 1767 2961 quae
1798 2891 1901 2962 piis
1934 2891 2165 2964 gaudio,
2190 2892 2373 2963 impiis
2407 2893 2599 2949 ruinae
2634 2894 2742 2949 erit
2770 2893 2880 2964 (29,

606 2977 800 3046 15-24).
828 3005 898 3016 —
927 2977 1182 3032 Alterum
1209 2976 1397 3045 docet,
1427 2976 1621 3033 foedus
1662 2979 1978 3051 aegyptitun
2013 2978 2373 3053 ignominiam
2400 2996 2521 3036 esse
2546 2982 2879 3050 allaturum,

600 3061 657 3118 id
700 3063 848 3135 quod
894 3065 1252 3120 confirmatur
1298 3066 1551 3122 vaticinio
1599 3075 1793 3122 contra
1840 3067 2086 3124 iumenta
2126 3069 2299 3124 austri
2346 3070 2693 3142 (Aegyptum)
2730 3068 2882 3126 edito

601 3153 887 3221 (30‚1-14);
921 3167 1106 3207 veram
1127 3152 1297 3224 igitur
1319 3153 1513 3210 salutis
1537 3154 1680 3210 viam
1712 3155 1899 3211 ineant
1923 3157 2045 3211 Deo
2068 3155 2287 3226 conlisi,
2315 3155 2411 3228 qui
2438 3155 2627 3214 hostes
2654 3159 2726 3213 sit
2752 3173 2883 3230 per-

601 3253 858 3294 cussurus
882 3241 1205 3310 (30,15-3a).
1233 3270 1304 3280 —
1330 3241 1578 3297 Tertium
1602 3243 1717 3298 Vae
1744 3242 2033 3299 stultitiam
2060 3243 2236 3314 carpit
2262 3259 2458 3300 eorum
2476 3286 2491 3313 ‚
2533 3245 2631 3316 qui
2658 3245 2728 3301 ab
2768 3252 2881 3302 Ae·

597 3327 795 3397 gyptiis
823 3327 1082 3382 auxilium
1110 3338 1332 3400 petunt3
1359 3330 1462 3384 Dei
1491 3329 1754 3385 auxilium
1780 3331 2049 3403 propheta
2080 3331 2378 3402 promittit,
2422 3331 2523 3388 sed
2554 3348 2654 3405 per
2688 3333 2881 3390 humi-

599 3413 884 3470 liationem
912 3431 1008 3470 eos
1037 3425 1397 3487 perventuros
1421 3433 1540 3472 esse
1567 3416 1639 3473 ad
1666 3417 1988 3474 felicitatem
2015 3418 2179 3476 docet
2208 3422 2589 3492 (ma-8220).

427 3505 547 3556 Vae
573 3509 785 3557 concra
814 3504 1158 3572 Assyriam,
1199 3521 1340 3576 quae
1379 3505 1709 3575 vastabitur3
1742 3505 1923 3562 subito
1960 3508 2161 3564 auxilio
2196 3509 2348 3563 Deus
2382 3507 2613 3566 terrebit
2646 3509 2877 3582 impios,

597 3590 867 3646 recreabit
889 3590 1011 3661 pios
1039 3593 1326 3662 (wa-24).

422 3677 633 3734 Exitm
658 3676 868 3746 finalis
894 3677 1227 3750 infidelium
1255 3685 1312 3737 et
1337 3679 1612 3752 fidelium
1654 3683 2029 3753 (34‚1-35,1o).
2064 3709 2137 3724 -—
2178 3681 2387 3740 Iudicio
2429 3691 2620 3740 contra
2665 3685 2874 3756 Edom,

595 3773 880 3838 tamquam
921 3775 1114 3839 typum
1161 3769 1458 3840 impiorum
1508 3771 1763 3840 (ΜΛ-17)
1813 3770 2110 3841 opponitur
2155 3769 2339 3826 futura
2385 3769 2614 3828 felicitas
2653 3773 2875 3844 piorum

598 3857 884 3926 (35,1-1o).

419 3943 701 4016 Epilogus
723 3944 1032 4000 historicus
1059 3949 1422 4012 (36,1-37,38)
1452 3943 1639 4013 docet,
1672 3960 1837 4018 quem
1877 3946 2116 4002 fructum
2158 3946 2549 4018 praecedentes
2580 3951 2875 4006 conciones

594 4029 838 4086 tulerint.
860 4032 965 4087 Dei
989 4032 1136 4088 enim
1161 4031 1421 4087 fiduciam
1436 4075 1451 4102 ‚
1473 4048 1643 4105 quam
1666 4049 1857 4089 omnes
1878 4033 2301 4104 commendant,
2326 4051 2440 4091 non
2468 4033 2707 4093 defuisse
2730 4039 2873 4095 Eze-

593 4118 750 4174 chiae
775 4118 1100 4189 ostendunt3
1132 4135 1229 4176 rex
1251 4119 1485 4176 credidit
1511 4129 1569 4176 et
1595 4121 1826 4194 angelus
1852 4123 1957 4176 Dei
1986 4121 2257 4178 destruxit
2283 4125 2585 4180 exercitum
2612 4127 2871 4197 Assyrio-

593 4221 736 4262 rum.
767 4209 972 4262 Verum
1006 4207 1268 4278 quoniam
1304 4207 1390 4263 his
1427 4209 1697 4279 capitibus
1731 4209 2000 4264 nonnulla
2029 4209 2281 4266 vaticinia
2318 4211 2495 4267 Isaiae
2531 4211 2865 4272 reseruntur.

590 4309 732 4364 quae
766 4295 954 4351 statim
990 4295 1216 4366 impleta
1253 4304 1412 4364 sunt,
1440 4297 1688 4351 narratio
1717 4297 1883 4352 etiam
1927 4296 2151 4368 reliquis
2180 4298 2438 4356 omnibus
2478 4299 2871 4358 confirmandis

592 4380 834 4437 inservit.

417 4467 572 4522 Pus
611 4483 846 4525 ALTERA
887 4473 1247 4540 (38,1-66,24)
1283 4492 1298 4526 :
1334 4472 1614 4527 Conversi
1643 4473 1705 4527 in
1736 4472 1978 4528 iustitia
2010 4473 2392 4531 redimentur.
2432 4476 2742 4532 Praemissa
2784 4478 2869 4533 in-

343 4552 692 4610 troductione
721 4555 980 4613 historica
1021 4563 1373 4630 (38‚1·39‚8),
1402 4574 1545 4631 quae
1580 4560 1755 4629 prima
1796 4559 2135 4631 babylonici
2172 4562 2348 4618 exsilii
2383 4561 2761 4634 praedictione
2802 4568 2867 4620 ab

345 4640 614 4712 assyriaca
637 4641 946 4700 calamitate
973 4646 1048 4701 ad
1069 4646 1454 4703 liberationem
1472 4663 1538 4703 ex
1562 4648 1753 4703 exsilio
1778 4647 2127 4720 babylonico,
2157 4665 2299 4722 quae
2325 4661 2488 4722 typus
2514 4659 2635 4707 erat
2662 4651 2865 4710 libera-
