3050 5184
683 329 692 336 '
737 351 816 396 nn
853 351 1012 396 unm
1059 350 1341 395 uastatis
1382 351 1739 398 naeuus-ro
1782 351 1857 396 131·
1901 349 2217 398 n1v1sxoun.
2589 337 2705 394 415

415 489 532 552 23),
563 483 663 540 sed
691 483 964 540 miraculo
983 483 1294 540 conservati
1312 483 1372 540 in
1399 481 1625 539 fornace
1648 485 1831 538 Deum
1852 482 2136 538 celebrant
2162 485 2444 551 (3,24-9o;
2472 480 2705 538 Addita·-

413 581 668 628 mentum
698 572 1315 639 deuterocanonicum);
1359 587 1456 628 rex
1495 580 1685 627 autem
1722 571 1990 626 miraculo
2023 571 2141 626 viso
2176 571 2361 626 Deum
2392 585 2587 626 eorum
2614 585 2705 626 ee-

413 660 595 717 lebrat
617 659 958 731 decretoque
982 659 1261 730 probibet,
1289 675 1361 714 ne
1386 659 1510 730 quis
1540 674 1669 715 eum
1697 657 2045 729 blasphemet
2072 663 2124 724 (3
2140 664 2331 727 ,91-97
2362 659 2619 730 [Ἅι-30]).

236 755 296 804 3.
325 749 612 822 Epistola
636 747 1230 804 Nabuchodonosor&
1252 746 1328 802 de
1363 747 1571 801 morbo
1598 761 1703 802 suo
1730 763 1839 818 per
1872 745 2171 802 Danielem
2202 747 2520 818 praedicto
2558 751 2707 816 (3,98

413 837 616 908 [311-4,
627 841 738 902 34).
767 865 840 876 -
861 835 1003 907 Regi
1031 835 1247 892 somnio
1277 833 1521 906 quodam
1550 850 1649 905 per
1671 832 1964 890 Danielem
1987 833 2260 904 explicato
2286 835 2467 905 gravis
2492 833 2704 905 praedi-

411 924 558 980 citur
579 923 811 980 morbus
841 923 1201 992 (3,98-4,24);
1235 937 1382 978 anno
1404 923 1727 992 insequente
1766 921 1994 992 impleta
2023 929 2107 976 est
2144 921 2471 992 praedictio;
2512 923 2585 978 ad
2621 937 2705 978 sa-

409 1027 544 1068 nam
578 1020 764 1067 autem
789 1017 1040 1066 mentem
1064 1025 1320 1065 reversus
1347 1025 1446 1064 rex
1469 1011 1591 1064 Deo
1613 1009 1911 1064 iustissimo
1940 1008 2145 1079 gratias
2171 1009 2285 1080 agit
2312 1011 2603 1078 (4,25-34).

223 1109 281 1155 4.
315 1101 493 1172 Reqis
525 1099 856 1156 Baltassar
895 1099 1164 1155 interitus
1197 1099 1450 1166 (5,1-31).
1493 1127 1566 1136 —-
1599 1096 1739 1168 Regi
1766 1097 2081 1151 convivium
2111 1096 2415 1152 celebranti
2448 1099 2705 1168 apparuit

410 1203 612 1243 arcana
642 1186 943 1258 scriptura,
978 1201 1146 1256 quam
1174 1184 1328 1240 solus
1355 1184 1557 1240 Daniel
1582 1185 1769 1256 legere
1806 1184 1984 1255 potuit
2007 1192 2065 1240 et
2091 1183 2161 1239 de
2194 1184 2521 1240 imminente
2556 1186 2703 1258 regis

409 1284 466 1332 et
493 1274 652 1348 regni
675 1274 901 1330 interitu
929 1271 1226 1344 explicavit
1267 1272 1524 1344 (5,1-29);
1569 1271 1766 1328 eadem
1806 1280 1969 1327 nocte
2005 1271 2233 1342 impleta
2276 1281 2361 1327 est
2398 1271 2701 1343 praedictio

405 1370 463 1418 et
487 1362 692 1418 Darius
715 1359 914 1417 Medus
938 1360 1202 1416 successit
1223 1359 1514 1415 Baltassari
1538 1357 1832 1416 interfecto
1860 1363 2026 1428 (5,ao.
2061 1364 2169 1426 31).

219 1457 276 1506 5.
309 1451 528 1506 Daniel
545 1466 585 1505 a
617 1451 812 1505 Dario
835 1447 1000 1504 Medo
1025 1449 1090 1502 in
1118 1447 1316 1503 laeum
1343 1448 1646 1502 immissus
1670 1463 1711 1502 a
1734 1451 1854 1502 Deo
1883 1452 2159 1503 servatur
2190 1452 2440 1516 (6,1-28).
2480 1479 2553 1488 —
2583 1449 2699 1505 Da-

405 1536 570 1592 nielis
605 1537 816 1592 inimici
859 1544 1161 1608 coegerunt
1207 1549 1392 1607 regem
1413 1577 1426 1602 ,
1473 1544 1536 1590 ut
1576 1534 1781 1589 invitus
1821 1550 1949 1591 eum
1984 1533 2237 1590 leonibus
2276 1533 2701 1605 discerpendum

408 1625 709 1696 proiiceret
747 1628 1012 1692 (6,1-17);
1045 1631 1292 1678 attamen
1331 1621 1599 1694 postridie
1632 1637 1728 1677 rex
1769 1638 1897 1678 eum
1922 1622 2257 1678 incolumem
2291 1623 2569 1691 reperiens
2597 1622 2698 1679 de-

401 1721 556 1768 creto
585 1711 787 1779 sanxit,
820 1720 884 1766 ut
910 1725 1104 1766 omnes
1132 1711 1220 1766 sui
1247 1709 1450 1766 subditi
1477 1713 1661 1766 Deum
1684 1710 1932 1766 Danielis
1955 1708 2215 1766 timerent
2246 1709 2540 1782 (Qu—28).

213 1803 381 1857 PAns
410 1815 652 1856 Amana
677 1801 1004 1866 (7‚1-12‚1a)
1041 1802 1301 1870 quatuor
1333 1802 1565 1853 constat
1592 1798 1945 1866 visionibus,
1981 1797 2195 1870 quibus
2232 1801 2380 1852 Deus
2412 1801 2696 1855 maiesta-

145 1895 258 1942 lem
291 1905 476 1944 suam
495 1888 562 1942 in
585 1887 836 1942 eclmieis
857 1888 1055 1958 requi-r
1081 1884 1579 1958 manifestaturus
1606 1885 1991 1942 describitur.

213 1983 264 2030 1.
299 1981 364 2030 V
363 1977 482 2031 isio
501 1975 706 2031 habita
731 1991 790 2029 a.
819 1980 871 2030 1.
902 1975 1229 2030 Baltassar
1251 1977 1498 2040 (7,1-28).
1521 2003 1592 2012 —-
1615 1973 1867 2041 Quatuor
1888 1973 2100 2030 bestiae
2120 1981 2421 2045 apparente
2444 1990 2575 2030 sene
2602 1991 2693 2030 ve·

397 2061 648 2118 nerando
675 2061 1058 2130 destruuntur,
1083 2069 1142 2116 et
1169 2060 1285 2116 filio
1313 2059 1555 2116 hominis
1582 2060 1821 2116 traditur
1850 2069 2093 2131 potestas
2132 2063 2393 2132 (7,1-14);
2426 2077 2569 2134 quae
2592 2079 2691 2119 ex-

398 2149 680 2220 plicantur
703 2148 772 2205 de
795 2164 970 2222 regno
993 2149 1227 2204 Messiac
1249 2157 1572 2204 surrecturo
1594 2147 1651 2202 in
1670 2147 1846 2204 ruinis
1874 2163 2171 2220 regnorum
2188 2148 2383 2205 mundi
2404 2155 2459 2216 (7
2463 2155 2686 2219 ,15-28).

215 2245 271 2294 2.
309 2239 491 2294 Visio
522 2237 734 2292 habita
762 2253 824 2292 α.
852 2243 905 2292 3.
936 2235 1258 2292 Baltassar
1286 2235 1543 2306 (8‚1—27).
1574 2266 1645 2276 —
1670 2235 1831 2291 Aries
1858 2245 2153 2306 superatur
2179 2253 2211 2292 a
2236 2236 2421 2307 hirco,
2444 2253 2511 2293 ex
2533 2228 2691 2294 cuius

396 2341 572 2382 cornu
609 2325 937 2380 exoriuntur
973 2332 1213 2396 quatuor
1249 2338 1456 2379 cornua
1474 2367 1487 2394 ‚
1532 2338 1770 2395 quorum
1812 2339 1985 2379 unum
2024 2324 2243 2380 infestat
2280 2332 2491 2382 terram
2528 2341 2689 2382 sanc-

393 2422 510 2469 tam
547 2414 809 2481 (8‚1-14);
855 2427 997 2483 quae
1043 2412 1392 2483 explicantur
1437 2410 1507 2467 de
1545 2427 1719 2482 regno
1766 2411 1979 2482 persico
2026 2427 2126 2484 per
2167 2412 2548 2470 Alexandrum
2589 2414 2685 2471 de-

403 2499 704 2566 struendo,
729 2497 800 2554 de
826 2508 1066 2571 quatuor
1089 2499 1276 2571 regnis
1310 2497 1713 2554 diadochorum
1750 2507 1807 2554 et
1833 2499 1903 2554 de
1934 2499 2317 2570 persecutione
2344 2502 2490 2574 regis
2530 2502 2687 2574 impii

395 2587 679 2654 (Antiochi
707 2586 1031 2658 EpiphaniS,
1061 2588 1178 2659 typi
1206 2585 1553 2654 Antichristi)
1584 2587 1861 2656 (8,15-27).

208 2683 262 2732 3.
294 2679 360 2731 V
361 2677 472 2731 isio
497 2675 712 2730 habita
739 2693 798 2732 α.
831 2680 854 2729 1
889 2676 1056 2730 Darii
1089 2675 1243 2730 Medi
1275 2677 1531 2740 (9.1-27).
1562 2705 1633 2714 -
1670 2675 1923 2730 Precanti
1959 2675 2177 2732 Danieli
2203 2676 2433 2747 angelus
2458 2677 2686 2734 Gabriel

393 2762 624 2830 revelat,
657 2762 1008 2834 septuaginta
1033 2760 1416 2819 hebdomades
1448 2760 1567 2817 l'ore
1601 2777 1634 2817 a
1661 2761 2025 2832 permissione
2063 2761 2494 2821 reaedificandae
2532 2766 2685 2822 urbis

389 2865 570 2922 usque
599 2849 672 2906 ad
700 2850 983 2906 Messiam.

203 2948 257 2996 4.
292 2938 470 2994 Visio
493 2938 720 2994 habita
739 2953 800 2994 a.
833 2943 885 2992 3.
917 2938 1063 3007 Cyri
1092 2938 1476 3006 (10,1-12,13).
1503 2970 1577 2980 —
1600 2937 1881 3008 Descripta
1910 2939 2257 3010 apparitione
2281 2941 2485 3011 angeli,
2514 2958 2543 2996 a
2571 2958 2682 3014 quo

388 3027 654 3082 revelatio
683 3024 922 3081 traditur
943 3027 1285 3096 (10‚1-,11,1),
1317 3026 1585 3080 revelatio
1612 3025 1729 3097 ipsa
1759 3026 2087 3098 proponitur
2122 3025 2192 3082 de
2222 3025 2423 3083 futuris
2447 3029 2681 3101 Aegypti

387 3123 446 3169 et
471 3113 662 3186 Syriae
687 3111 852 3168 bellis
879 3117 1163 3180 (11.2-20),
1209 3113 1448 3168 maxime
1477 3111 1547 3168 de
1592 3113 1879 3184 Epiphane
1905 3113 2234 3186 (11,21-35),
2268 3130 2301 3170 a
2331 3131 2441 3186 quo
2470 3115 2542 3172 ad
2566 3118 2683 3173 eius

385 3200 718 3272 antitypum,
767 3199 1196 3268 Antichristum,
1229 3201 1498 3256 transitur
1535 3201 1917 3272 (11,36-12,3).
1956 3202 2149 3257 Altera
2185 3203 2525 3273 apparitione
2563 3205 2679 3262 Da-

385 3288 498 3344 niel
522 3286 592 3342 dc
619 3297 872 3360 tempore
899 3303 1088 3342 rerum
1115 3286 1526 3358 praedictarum
1552 3287 1785 3344 obscure
1810 3287 2072 3344 edocetur
2095 3293 2388 3360 (ΩΑ-13).

205 3381 609 3435 ΑΡΡΒΝΒῙοΕε
639 3389 807 3432 num.
837 3389 1478 3432 nnu‘rnnocmomcffl
1509 3380 1898 3444 (13,1·14,42),
1933 3390 2165 3447 quarum
2198 3381 2373 3449 prior
2398 3380 2680 3437 Susannae

141 3465 432 3521 historiam
459 3471 652 3519 narrat
671 3467 961 3532 <isa-64),
993 3463 1188 3518 altera
1215 3461 1649 3518 destructionem
1674 3462 1811 3519 idoli
1836 3464 1933 3520 Bel
1960 3471 2017 3520 et
2044 3462 2301 3520 draconis
2327 3467 2679 3540 Danielisque

140 3551 615 3609 conservationem
637 3551 693 3605 in
725 3548 870 3606 fossa
897 3550 1125 3606 leonum
1151 3550 1445 3621 (ΜΛ-42).

209 3723 270 3781 3.
302 3753 384 3765 -
413 3719 653 3796 Lingua
683 3735 796 3778 sua
825 3723 889 3778 et
927 3717 1368 3778 vaticiniorum
1403 3716 1617 3779 indole
1652 3719 1990 3797 Prophetia
2026 3723 2303 3783 Danielis
2336 3741 2373 3784 a
2408 3725 2675 3803 reliquis

139 3817 312 3877 libris
356 3815 750 3895 propheticis
792 3815 1023 3875 differt.
1077 3814 1324 3892 Reliqui
1374 3815 1549 3875 enim
1589 3832 1857 3893 regnum
1900 3819 2356 3880 messianicum
2401 3823 2677 3881 maxime

139 3912 539 3972 considerant
581 3911 755 3972 velut
797 3911 972 3988 regni
1013 3909 1286 3971 davidici
1325 3911 1890 3988 continuationem,
1913 3914 2135 3974 Daniel
2172 3920 2387 3975 autem
2416 3915 2551 3976 eius
2576 3935 2676 3977 re—

140 4007 440 4068 lationem
479 4007 557 4067 ad
603 4023 827 4085 magna
878 4006 1146 4085 imperia
1185 4005 1410 4068 mundi
1455 4007 1846 4082 manifestat,
1882 4013 2069 4087 atque
2118 4011 2675 4088 praedecessorum

137 4104 428 4164 vaticinia
458 4104 692 4181 partim
721 4103 1046 4181 complens
1091 4102 1323 4181 partim
1359 4104 1711 4165 accuratius
1750 4105 2057 4164 definiens
2095 4106 2468 4183 ampliorem
2503 4107 2675 4168 illam

142 4200 214 4260 de
244 4199 612 4260 novissimis
647 4199 838 4261 rebus
882 4200 1337 4260 revelationem
1377 4204 1739 4278 praeparat,
1776 4218 1963 4278 quam
1999 4218 2111 4279 per
2142 4203 2293 4262 Novi
2328 4203 2493 4264 Test.
2533 4221 2677 4284 pro-

141 4295 388 4372 phetam
418 4297 584 4356 Deus
617 4295 930 4356 Ecclesiae
957 4295 1219 4358 daturus
1245 4299 1399 4356 erat.

207 4409 436 4466 Librum
470 4409 964 4480 protocanonicum
998 4409 1206 4480 partim
1241 4407 1500 4464 hebraice
1532 4409 1735 4479 partim
1758 4408 2043 4466 chaldaice
2080 4427 2198 4468 esse
2236 4414 2534 4485 scriptum,
2563 4416 2675 4472 lam

143 4495 373 4553 diximus
396 4497 446 4564 ²3
478 4493 697 4551 duabus
725 4503 916 4552 autem
947 4495 1031 4552 his
1059 4495 1266 4568 linguis
1307 4511 1442 4551 usus
1472 4497 1668 4552 Daniel
1699 4496 1769 4552 ab
1808 4495 2045 4554 aliorum
2084 4499 2483 4571 prophetarum
2520 4517 2675 4560 more

201 4663 266 4724 (2)
293 4663 478 4712 Neutra
507 4664 682 4711 autem
713 4661 887 4725 lingua
913 4675 1040 4726 pura
1065 4661 1310 4728 propheta
1338 4661 1527 4718 utiturz
1560 4660 1828 4712 hebraicus
1850 4663 1963 4714 eius
1990 4677 2157 4716 sermo
2184 4669 2455 4720 aramaizat
2480 4673 2533 4720 et
2558 4683 2675 4721 ara-
