3050 5184
695 319 770 363 ne
813 319 1064 364 omem:
1103 321 1178 364 εἰ·
1220 319 1645 364 Aucromurn
1686 319 1843 388 unni
1882 317 2153 363 wmcuu.
2577 299 2691 358 233

179 445 372 518 Legem
393 449 733 517 restituerat,
763 460 826 508 ut
851 467 1042 508 versus
1067 453 1236 508 finem
1265 452 1420 524 regni
1441 452 1561 508 eius
1586 450 1677 506 vix
1702 465 1899 524 magus
1927 458 2023 505 aut
2048 449 2297 504 hariolus
2318 456 2469 504 esset
2493 448 2551 502 in
2574 454 2692 501 tota

173 541 314 590 terra
351 536 402 600 (1
437 541 568 610 Req.
607 543 776 606 28,9).
815 541 996 594 Immo
1027 555 1158 594 vero
1191 539 1400 594 ultimis
1434 539 1614 596 Saulis
1650 538 1811 594 annis
1833 581 1847 608 ,
1890 538 1983 609 qui
2019 536 2291 593 Davidem
2326 538 2381 592 vi
2419 534 2693 605 armisque

173 623 616 694 persequebatur,
657 633 712 681 et
750 627 940 697 primis
975 628 1134 683 annis
1167 625 1420 696 DavidiS,
1453 627 1655 698 quibus
1690 641 1819 682 cum
1860 624 2111 682 Isboseth
2149 625 2201 680 ei
2232 622 2303 679 de
2338 623 2547 678 throno
2575 627 2695 678 erat

171 711 596 767 concertandum
609 755 624 781 ,
660 722 855 770 auctor
882 715 1052 770 etiam
1089 713 1338 783 vidisset,
1369 715 1522 787 regio
1564 714 1796 786 imperio
1838 714 2057 768 interna
2096 713 2289 784 populi
2322 710 2547 767 dissidia
2582 725 2695 767 non

169 813 278 852 esse
307 797 546 855 sublata.
590 801 792 856 Prunis
831 801 1004 872 igitur
1044 803 1226 859 Saulis
1259 802 1418 858 annis
1461 801 1603 868 liber
1642 809 1793 857 recte
1825 800 2051 857 attribui
2078 799 2315 858 videtur.
2343 801 2564 855 Revera
2598 799 2695 853 illo

167 897 409 956 tempore
435 888 664 943 Samuel
693 889 750 944 in
783 889 976 946 ultima
1002 905 1100 946 sua
1129 890 1397 946 concione
1425 893 1474 956 (1
1511 895 1645 963 Req.
1681 895 1908 956 iza-15
1936 887 2021 944 cfr
2056 887 2247 944 ludio.
2280 887 2521 958 2,11-23)
2550 886 2696 941 inte-

174 987 320 1044 grum
349 972 478 1029 libri
511 976 689 1032 nostri
728 977 1020 1033 consilium
1057 985 1115 1033 et
1147 984 1536 1049 argumentum
1564 979 1721 1048 quasi
1741 976 1986 1032 delineat
1999 1018 2013 1044 ,
2046 984 2213 1048 atque
2238 975 2467 1030 omnino
2492 971 2697 1046 proba-

172 1060 270 1116 bile
291 1069 406 1129 eet,
435 1078 568 1119 eum
597 1061 770 1120 fusius
797 1080 1018 1137 quoque
1045 1066 1240 1122 aetatis
1265 1064 1518 1120 iudicum
1553 1073 1781 1121 eventus
1804 1065 2105 1120 nonnullos
2129 1065 2187 1120 in
2212 1063 2320 1119 hoe
2342 1079 2507 1134 opere
2535 1063 2697 1119 colle·

168 1147 296 1218 gisse
309 1191 326 1214 ,
359 1157 422 1204 ut
449 1150 692 1220 populus
719 1153 922 1208 clarius
946 1151 1184 1222 videret,
1215 1171 1240 1204 α
1264 1167 1526 1224 prospera
1556 1161 1612 1207 et
1638 1151 1869 1208 adversa
1894 1152 2171 1208 bellorum
2200 1151 2531 1224 alternasse,
2559 1151 2699 1205 sicut

167 1249 218 1290 se
243 1235 526 1293 habebant
553 1246 610 1293 et
633 1248 855 1311 peccata
885 1233 1077 1312 populi
1097 1250 1156 1296 et
1179 1239 1555 1297 misericordia
1583 1240 1859 1296 Domini»
1890 1241 1968 1309 (S.
1996 1242 2199 1312 Any).

235 1387 290 1445 3.
323 1421 411 1429 —
441 1387 666 1460 Unica,
699 1406 861 1466 quae
905 1393 1122 1450 contra
1164 1389 1326 1452 hanc
1372 1388 1752 1450 sententiam
1793 1389 2073 1461 affertur,
2120 1388 2481 1461 difficultaS,
2528 1387 2697 1464 quod

169 1487 300 1558 post
327 1483 769 1561 captivitatem
810 1487 1185 1564 assyriacam
1221 1487 1386 1547 liber
1413 1469 1685 1565 scriptus
1715 1503 1851 1546 esse
1876 1488 2187 1546 asseratur
2230 1481 2495 1564 (18,30),
2528 1487 2702 1544 recta

167 1580 496 1640 verborum
526 1581 946 1658 explicatione
975 1583 1306 1644 evanescit.

225 1692 464 1748 Duobus
499 1693 648 1749 enim
683 1694 888 1760 modiS‚
932 1696 1025 1766 qui
1059 1697 1205 1752 inter
1235 1711 1294 1752 se
1331 1711 1581 1770 pugnare
1606 1711 1720 1752 non
1750 1704 2012 1768 possunt,
2038 1694 2235 1750 eodem
2281 1707 2443 1749 versu
2480 1701 2701 1763 tempus

167 1777 442 1848 definitur,
472 1795 584 1852 quo
609 1782 846 1838 Danitae
872 1781 1084 1839 idolum
1119 1782 1266 1855 apud
1294 1799 1353 1840 se
1391 1785 1743 1840 retinuerunt
1772 1801 1787 1838 :
1823 1803 1849 1835 α
1880 1797 2055 1854 usque
2081 1780 2153 1838 ad
2187 1781 2337 1837 diem
2374 1779 2701 1851 captivitatis

167 1875 340 1924 terrae
367 1889 420 1936 ι,
456 1889 482 1920 α
507 1869 662 1924 omni
690 1877 964 1941 tempore,
1001 1887 1114 1944 quo
1141 1871 1246 1927 suit
1271 1870 1472 1927 domus
1493 1872 1598 1926 Dei
1624 1871 1683 1926 in
1710 1871 1823 1927 Silo
1848 1889 1901 1926 n.
1928 1871 2101 1940 Atqui
2130 1870 2241 1924 iam
2269 1868 2539 1924 Samuelis
2564 1875 2701 1922 tem-

170 1970 290 2024 pore
317 1964 422 2012 aut
455 1955 655 2012 saltem
691 1957 886 2028 primis
923 1958 1102 2014 Saulis
1132 1959 1290 2014 annis
1317 1979 1342 2010 α
1373 1958 1573 2015 domus
1599 1959 1705 2014 Dei
1728 1979 1755 2009 n
1787 1974 1904 2014 non
1930 1959 2166 2029 amplius
2194 1956 2298 2012 fuit
2322 1957 2381 2012 in
2408 1957 2543 2026 Silo,
2568 1969 2701 2027 ergo

169 2043 376 2098 clarum
398 2050 513 2112 est,
548 2063 575 2095 ι
597 2043 744 2100 diem
766 2045 1092 2116 captivitatis
1120 2055 1298 2102 terrae
1329 2067 1354 2099 ι
1387 2046 1458 2102 de
1487 2045 1798 2118 captivitate
1826 2045 2097 2118 assyriaca
2122 2061 2239 2100 non
2266 2059 2425 2116 posse
2452 2043 2697 2114 intelligi.

169 2129 420 2186 Profecto
459 2147 564 2187 nec
599 2131 820 2188 Samuel
853 2149 958 2188 nec
991 2135 1124 2190 Saul
1159 2150 1262 2190 nec
1298 2135 1475 2190 David
1509 2135 1789 2206 publicam
1816 2133 2146 2190 Danitarum
2171 2132 2544 2189 idololatriam
2572 2147 2701 2204 per-

171 2218 458 2275 misissent.
484 2218 837 2291 Quapropter
875 2241 900 2272 «
929 2221 1256 2292 captivitatis
1288 2221 1439 2278 diem
1469 2242 1494 2274 ι
1527 2232 1625 2280 aut
1660 2221 1730 2278 de
1768 2221 2044 2278 anteriore
2082 2219 2325 2292 quadam
2356 2219 2700 2292 captivitate,

171 2306 219 2361 in
243 2323 416 2378 quam
447 2306 646 2362 ultimo
670 2307 926 2364 Indicum
953 2318 1204 2382 tempore
1231 2310 1410 2366 tribus
1435 2311 1561 2366 Dan
1589 2310 1659 2366 sit
1684 2308 1920 2366 abducta
1938 2349 1951 2373 ‚
1989 2318 2085 2364 aut
2118 2307 2313 2364 melius
2343 2307 2413 2364 de
2440 2323 2567 2363 arca
2594 2311 2703 2362 Do-

173 2403 294 2458 mini
320 2419 428 2475 per
453 2403 824 2460 Philisthaeos
850 2413 1014 2477 capta
1039 2405 1416 2479 intelligimus,
1448 2407 1597 2480 Lege
1624 2405 1793 2478 igitur
1822 2421 1923 2478 pro
1961 2412 2135 2498 γζιιξζῑ
2174 2387 2317 2496 n553
2349 2401 2447 2466 nl*
2476 2404 2566 2477 (=
2587 2404 2705 2460 dies

174 2517 496 2588 captivitatis
525 2519 740 2590 terrae)
774 2515 955 2606 1553th
995 2499 1137 2612 n'l'73
1177 2518 1275 2580 1:³57
1307 2521 1444 2588 (dies
1471 2519 1806 2592 captivitatis
1834 2521 2035 2592 arcae).

735 2751 768 2835 ξ
804 2756 907 2815 16.
940 2787 1028 2799 -
1056 2752 1152 2816 De
1181 2747 1340 2816 libri
1362 2749 1677 2816 Indicum
1704 2749 2127 2816 auctoritate.

248 2944 302 3002 1.
330 2977 412 2986 -
441 2943 630 3002 Libro
657 2941 949 3002 Indicum
967 2989 982 3014 ,
1016 2942 1124 3020 qui
1147 2942 1343 3003 trium
1370 2943 1620 3004 circiter
1650 2943 2047 3004 saeculorum
2082 2941 2357 3018 spatium
2388 2942 2703 3020 complec-

177 3038 340 3111 titur,
372 3038 494 3098 etsi
526 3055 648 3098 non
691 3038 911 3098 eadem
939 3039 1209 3113 ratione,
1246 3056 1368 3116 qua
1397 3043 1663 3118 quatuor
1708 3039 2093 3118 posteriores
2136 3039 2282 3098 libri
2334 3038 2591 3098 mosaici
2646 3043 2707 3098 et

177 3131 327 3194 liber
353 3135 572 3207 Iosue,
598 3139 920 3195 auctorem
944 3134 1196 3209 habeat,
1217 3135 1325 3212 qui
1345 3136 1640 3196 omnibus
1655 3137 1843 3197 rebus
1873 3134 2135 3196 narratis
2160 3150 2460 3211 praesens
2482 3134 2703 3206 adfuit,

179 3245 414 3290 summa
435 3235 649 3291 tamen
681 3232 981 3308 competit
1008 3235 1341 3292 auctoritas
1378 3231 1687 3293 historica.
1722 3230 1975 3292 Etenim
2018 3230 2293 3302 auctori,
2329 3231 2440 3307 qui
2479 3231 2706 3309 primis

179 3323 372 3386 Saulis
394 3327 576 3386 annis
600 3327 874 3406 scripsit,
907 3327 1110 3388 fontes
1139 3327 1368 3388 sinceri
1398 3327 1531 3388 sive
1558 3328 1774 3406 scripti
1804 3329 1932 3388 sive
1960 3327 2163 3388 orales
2188 3344 2315 3388 non
2346 3327 2703 3398 defuerunt,

181 3437 249 3479 ex
269 3423 497 3499 quibus
519 3427 752 3483 certam
781 3424 1001 3483 aetatis
1030 3423 1320 3484 Indicum
1344 3425 1679 3485 scientiam
1700 3424 2013 3496 hauriret,
2038 3438 2187 3484 eum
2206 3428 2419 3483 autem
2442 3425 2707 3484 sinceris

181 3515 270 3576 his
297 3519 599 3591 fontibuS‚
633 3520 740 3597 qui
769 3518 1054 3598 plerique
1083 3537 1120 3580 a
1158 3520 1430 3580 testibus
1464 3521 1714 3582 coaevis
1754 3521 1988 3582 exarati
2024 3524 2223 3592 erant,
2258 3519 2531 3581 maxima
2561 3537 2709 3580 cum

181 3612 527 3674 sinceritate
555 3632 695 3674 esse
717 3631 901 3675 usum
929 3619 1060 3676 tota
1087 3616 1299 3694 operis
1328 3615 1574 3676 indoles
1609 3615 1818 3676 docet.

241 3727 504 3783 Fontibus
521 3728 738 3799 seriptis
765 3743 927 3784 usum
947 3743 1065 3783 esse
1089 3737 1374 3784 auctorem
1390 3771 1404 3799 ,
1427 3729 1575 3785 clare
1606 3730 1718 3785 iam
1747 3728 1909 3784 docet
1938 3729 2157 3802 linguae
2186 3731 2425 3802 stylique
2454 3730 2709 3799 variatio,

184 3827 312 3883 quae
347 3817 492 3872 inter
532 3814 776 3887 singulas
820 3815 935 3871 fere
975 3816 1264 3888 pericopas
1303 3816 1755 3888 deprehenditur.
1796 3820 1973 3872 Porro
2012 3817 2285 3874 canticum
2314 3817 2606 3873 Debborae
2636 3823 2709 3888 (5,

189 3903 395 3974 lsqq.),
431 3901 698 3975 parabola
739 3903 959 3959 lotham
995 3905 1108 3975 (9,8
1150 3904 1316 3976 sqq.),
1358 3905 1559 3978 legatio
1602 3904 1829 3976 lephtae
1872 3907 2050 3976 (11‚12
2088 3906 2235 3978 sqq.)
2276 3923 2340 3961 ex
2374 3905 2527 3961 libris
2564 3914 2715 3961 tran-

187 3989 404 4061 scriptae
450 3990 682 4047 omnino
727 3990 1005 4061 videntur,
1050 4000 1220 4064 atque
1266 4008 1332 4047 ex
1381 3991 1625 4048 fontibus
1670 3993 1886 4064 scriptis
1928 3995 2097 4051 etiam
2126 3995 2334 4048 multae
2362 3993 2713 4050 narrationes

189 4077 338 4140 (Aodi
362 4077 573 4134 sachius
611 4083 738 4148 a,19
775 4095 922 4150 sqq.,
953 4078 1222 4136 Gedeonis
1250 4081 1464 4135 vocatio
1494 4085 1617 4150 6,11
1652 4097 1800 4153 sqq.,
1832 4081 2035 4137 occisio
2062 4081 2385 4142 Abimelech
2407 4087 2536 4149 9,50
2563 4096 2711 4153 sqq.,

191 4172 364 4220 votum
399 4167 629 4238 Iephtae
668 4171 830 4236 11:29
863 4183 984 4238 sqq.
1017 4169 1142 4238 etc.)
1173 4167 1458 4238 multaque
1497 4169 1775 4240 colloquia
1812 4169 2109 4236 (Gedeonis
2148 4183 2275 4223 cum
2314 4167 2631 4224 Madianitis
2658 4177 2710 4238 8,

193 4257 255 4305 18
279 4267 415 4325 sqq„
445 4254 664 4310 Michae
695 4269 820 4309 cum
849 4263 1026 4311 matre
1053 4271 1153 4312 sua
1185 4261 1310 4326 17‚2
1340 4271 1487 4328 sqq.,
1510 4257 1845 4312 Danitarum
1869 4272 1995 4312 cum
2024 4256 2187 4317 '.,ta
2216 4262 2378 4324 18‚15
2408 4272 2551 4328 sqq„
2586 4256 2715 4312 levi-

193 4346 273 4394 tae
296 4356 414 4397 cum
450 4357 644 4398 socero
680 4348 806 4411 19,8
834 4357 958 4414 sqq.
999 4347 1129 4410 etc.)
1171 4352 1322 4399 recte
1351 4343 1589 4400 derivari
1622 4343 1975 4401 arbitramur.
2007 4345 2237 4400 Praeter
2269 4342 2448 4399 fontes
2485 4344 2716 4416 scriptos

195 4435 366 4484 antem
391 4429 602 4486 auctori
628 4429 794 4486 etiam
813 4429 1037 4486 traditio
1068 4431 1235 4487 oralis
1266 4440 1486 4503 praesto
1510 4431 1636 4499 fuit,
1664 4449 1805 4504 quae
1834 4449 1899 4487 eo
1922 4430 2135 4488 facilius
2156 4448 2291 4503 pura
2322 4431 2392 4488 ad
2418 4433 2573 4488 illum
2596 4449 2717 4503 per-

199 4516 368 4573 venire
395 4519 598 4589 potuit,
626 4519 754 4590 quia
775 4519 1093 4575 nominibus
1116 4519 1550 4592 significantibus
1575 4524 1718 4588 (2,5;
1750 4525 1873 4590 4,5;
1904 4525 2053 4587 6,24.
2077 4525 2173 4587 3⁶23
2202 4525 2389 4586 15‚19;
2430 4527 2604 4589 18,12.
2625 4527 2715 4588 29)

201 4605 604 4662 conservabatur
650 4615 816 4677 atque
858 4606 927 4662 de
967 4606 1134 4664 rebus
1175 4607 1506 4679 gravissimis
1550 4607 1766 4680 agebat.
1808 4611 2049 4665 Demum
2092 4610 2484 4665 nonnullarum
2531 4625 2715 4665 rerum
