<?xml version="1.0" encoding="UTF-8"?>
<!DOCTYPE html PUBLIC "-//W3C//DTD XHTML 1.0 Transitional//EN"
    "http://www.w3.org/TR/xhtml1/DTD/xhtml1-transitional.dtd">
<html xmlns="http://www.w3.org/1999/xhtml" xml:lang="en" lang="en">
 <head>
  <title>
</title>
<meta http-equiv="Content-Type" content="text/html;charset=utf-8" />
  <meta name='ocr-system' content='tesseract 3.04.00' />
  <meta name='ocr-capabilities' content='ocr_page ocr_carea ocr_par ocr_line ocrx_word'/>
</head>
<body>
  <div class='ocr_page' id='page_1' title='image "./historicaeetcri00corngoog_0009.png"; bbox 0 0 3050 5184; ppageno 0'>
   <div class='ocr_carea' id='block_1_1' title="bbox 1124 748 1728 818">
    <p class='ocr_par' dir='ltr' id='par_1_1' title="bbox 1124 748 1728 818">
     <span class='ocr_line' id='line_1_1' title="bbox 1124 748 1728 818; baseline 0 -8"><span class='ocrx_word' id='word_1_1' title='bbox 1124 748 1609 818; x_wconf 82' lang='lat' dir='ltr'><strong>LEGENTIBUS</strong></span> <span class='ocrx_word' id='word_1_2' title='bbox 1660 748 1728 811; x_wconf 90' lang='lat' dir='ltr'><strong>S.</strong></span> 
     </span>
    </p>
   </div>
   <div class='ocr_carea' id='block_1_2' title="bbox 91 1026 2753 4149">
    <p class='ocr_par' dir='ltr' id='par_1_2' title="bbox 103 1026 2705 1728">
     <span class='ocr_line' id='line_1_2' title="bbox 162 1026 2698 1103; baseline 0 -19"><span class='ocrx_word' id='word_1_3' title='bbox 162 1028 660 1103; x_wconf 84' lang='lat' dir='ltr'><strong>Quamprimum</strong></span> <span class='ocrx_word' id='word_1_4' title='bbox 701 1026 1130 1085; x_wconf 78' lang='lat' dir='ltr'>praelectiones</span> <span class='ocrx_word' id='word_1_5' title='bbox 1169 1044 1333 1087; x_wconf 88' lang='lat' dir='ltr'><strong>meas</strong></span> <span class='ocrx_word' id='word_1_6' title='bbox 1363 1028 1438 1085; x_wconf 93' lang='lat' dir='ltr'><strong>de</strong></span> <span class='ocrx_word' id='word_1_7' title='bbox 1479 1029 1915 1086; x_wconf 86' lang='lat' dir='ltr'><strong>Introductione</strong></span> <span class='ocrx_word' id='word_1_8' title='bbox 1952 1029 2099 1093; x_wconf 81' lang='lat' dir='ltr'><strong>in,S.</strong></span> <span class='ocrx_word' id='word_1_9' title='bbox 2144 1028 2473 1103; x_wconf 82' lang='lat' dir='ltr'><strong>Scripturas</strong></span> <span class='ocrx_word' id='word_1_10' title='bbox 2508 1028 2698 1097; x_wconf 81' lang='lat' dir='ltr'><strong>tribus</strong></span> 
     </span>
     <span class='ocr_line' id='line_1_3' title="bbox 103 1118 2697 1192; baseline 0.003 -25"><span class='ocrx_word' id='word_1_11' title='bbox 103 1118 530 1175; x_wconf 66' lang='lat' dir='ltr'><strong>voluminibus</strong></span> <span class='ocrx_word' id='word_1_12' title='bbox 579 1118 744 1191; x_wconf 79' lang='lat' dir='ltr'><strong>typis</strong></span> <span class='ocrx_word' id='word_1_13' title='bbox 793 1118 1062 1189; x_wconf 80' lang='lat' dir='ltr'><strong>vulgavi,</strong></span> <span class='ocrx_word' id='word_1_14' title='bbox 1113 1118 1452 1192; x_wconf 83' lang='lat' dir='ltr'><strong>complures</strong></span> <span class='ocrx_word' id='word_1_15' title='bbox 1499 1119 1703 1189; x_wconf 89' lang='lat' dir='ltr'><strong>amici,</strong></span> <span class='ocrx_word' id='word_1_16' title='bbox 1753 1134 2004 1192; x_wconf 90' lang='lat' dir='ltr'><strong>quorum</strong></span> <span class='ocrx_word' id='word_1_17' title='bbox 2048 1118 2353 1175; x_wconf 90' lang='lat' dir='ltr'><strong>literarum</strong></span> <span class='ocrx_word' id='word_1_18' title='bbox 2396 1127 2697 1177; x_wconf 82' lang='lat' dir='ltr'><strong>sacrarum</strong></span> 
     </span>
     <span class='ocr_line' id='line_1_4' title="bbox 111 1206 2703 1283; baseline 0 -20"><span class='ocrx_word' id='word_1_19' title='bbox 111 1208 426 1265; x_wconf 55' lang='lat' dir='ltr'><strong>scientiam</strong></span> <span class='ocrx_word' id='word_1_20' title='bbox 474 1210 542 1263; x_wconf 84' lang='lat' dir='ltr'><strong>et</strong></span> <span class='ocrx_word' id='word_1_21' title='bbox 581 1207 652 1263; x_wconf 90' lang='lat' dir='ltr'><strong>in</strong></span> <span class='ocrx_word' id='word_1_22' title='bbox 687 1206 774 1263; x_wconf 89' lang='lat' dir='ltr'><strong>eis</strong></span> <span class='ocrx_word' id='word_1_23' title='bbox 815 1207 1121 1264; x_wconf 81' lang='lat' dir='ltr'><strong>tradendis</strong></span> <span class='ocrx_word' id='word_1_24' title='bbox 1160 1208 1587 1281; x_wconf 83' lang='lat' dir='ltr'><strong>experientiam</strong></span> <span class='ocrx_word' id='word_1_25' title='bbox 1620 1208 1860 1283; x_wconf 87' lang='lat' dir='ltr'><strong>plurimi</strong></span> <span class='ocrx_word' id='word_1_26' title='bbox 1886 1207 2069 1279; x_wconf 83' lang='lat' dir='ltr'><strong>faciO,</strong></span> <span class='ocrx_word' id='word_1_27' title='bbox 2106 1209 2404 1282; x_wconf 88' lang='lat' dir='ltr'><strong>petierunt</strong></span> <span class='ocrx_word' id='word_1_28' title='bbox 2438 1225 2473 1265; x_wconf 88' lang='lat' dir='ltr'><strong>a</strong></span> <span class='ocrx_word' id='word_1_29' title='bbox 2511 1224 2610 1265; x_wconf 89' lang='lat' dir='ltr'><strong>me</strong></span> <span class='ocrx_word' id='word_1_30' title='bbox 2644 1212 2703 1263; x_wconf 90' lang='lat' dir='ltr'><strong>et</strong></span> 
     </span>
     <span class='ocr_line' id='line_1_5' title="bbox 117 1297 2705 1371; baseline 0 -18"><span class='ocrx_word' id='word_1_31' title='bbox 117 1304 438 1355; x_wconf 48' lang='lat' dir='ltr'><strong>&amp;averunt</strong></span> <span class='ocrx_word' id='word_1_32' title='bbox 455 1342 476 1367; x_wconf 85' lang='lat'>‚</span> <span class='ocrx_word' id='word_1_33' title='bbox 519 1302 594 1354; x_wconf 88' lang='lat' dir='ltr'><strong>ut</strong></span> <span class='ocrx_word' id='word_1_34' title='bbox 629 1313 837 1354; x_wconf 89' lang='lat' dir='ltr'><strong>earum</strong></span> <span class='ocrx_word' id='word_1_35' title='bbox 865 1303 1254 1355; x_wconf 88' lang='lat' dir='ltr'><strong>summarium</strong></span> <span class='ocrx_word' id='word_1_36' title='bbox 1281 1298 1579 1371; x_wconf 88' lang='lat' dir='ltr'><strong>quoddam</strong></span> <span class='ocrx_word' id='word_1_37' title='bbox 1610 1297 1926 1355; x_wconf 82' lang='lat' dir='ltr'><strong>academiis</strong></span> <span class='ocrx_word' id='word_1_38' title='bbox 1954 1301 2015 1353; x_wconf 90' lang='lat' dir='ltr'><strong>et</strong></span> <span class='ocrx_word' id='word_1_39' title='bbox 2038 1299 2371 1356; x_wconf 88' lang='lat' dir='ltr'><strong>seminariis</strong></span> <span class='ocrx_word' id='word_1_40' title='bbox 2400 1297 2705 1355; x_wconf 89' lang='lat' dir='ltr'><strong>ecclesias-</strong></span> 
     </span>
     <span class='ocr_line' id='line_1_6' title="bbox 123 1386 2705 1461; baseline 0 -19"><span class='ocrx_word' id='word_1_41' title='bbox 123 1388 224 1442; x_wconf 67' lang='lat' dir='ltr'><strong>ticis</strong></span> <span class='ocrx_word' id='word_1_42' title='bbox 251 1386 813 1445; x_wconf 77' lang='lat' dir='ltr'><strong>accommodarem</strong></span> <span class='ocrx_word' id='word_1_43' title='bbox 829 1429 843 1458; x_wconf 92' lang='lat'><strong>,</strong></span> <span class='ocrx_word' id='word_1_44' title='bbox 876 1387 1034 1460; x_wconf 88' lang='lat' dir='ltr'><strong>quod</strong></span> <span class='ocrx_word' id='word_1_45' title='bbox 1063 1386 1410 1444; x_wconf 79' lang='lat' dir='ltr'><strong>docentibus</strong></span> <span class='ocrx_word' id='word_1_46' title='bbox 1441 1392 1499 1444; x_wconf 90' lang='lat' dir='ltr'><strong>et</strong></span> <span class='ocrx_word' id='word_1_47' title='bbox 1525 1388 1887 1444; x_wconf 78' lang='lat' dir='ltr'><strong>discentibus</strong></span> <span class='ocrx_word' id='word_1_48' title='bbox 1908 1392 2216 1461; x_wconf 68' lang='lat' dir='ltr'><strong>sperarent</strong></span> <span class='ocrx_word' id='word_1_49' title='bbox 2234 1388 2357 1444; x_wconf 86' lang='lat' dir='ltr'><strong>fore</strong></span> <span class='ocrx_word' id='word_1_50' title='bbox 2378 1388 2541 1458; x_wconf 88' lang='lat' dir='ltr'><strong>utile,</strong></span> <span class='ocrx_word' id='word_1_51' title='bbox 2566 1387 2705 1460; x_wconf 83' lang='lat' dir='ltr'><strong>quia</strong></span> 
     </span>
     <span class='ocr_line' id='line_1_7' title="bbox 121 1475 2700 1551; baseline 0.002 -22"><span class='ocrx_word' id='word_1_52' title='bbox 121 1493 172 1529; x_wconf 64' lang='lat' dir='ltr'><strong>ee</strong></span> <span class='ocrx_word' id='word_1_53' title='bbox 203 1476 532 1534; x_wconf 81' lang='lat' dir='ltr'><strong>librorum</strong></span> <span class='ocrx_word' id='word_1_54' title='bbox 571 1475 757 1533; x_wconf 88' lang='lat' dir='ltr'><strong>latine</strong></span> <span class='ocrx_word' id='word_1_55' title='bbox 787 1476 1258 1550; x_wconf 86' lang='lat' dir='ltr'><strong>conscriptorum</strong></span> <span class='ocrx_word' id='word_1_56' title='bbox 1286 1493 1508 1549; x_wconf 85' lang='lat' dir='ltr'><strong>genere</strong></span> <span class='ocrx_word' id='word_1_57' title='bbox 1538 1477 1728 1551; x_wconf 91' lang='lat' dir='ltr'><strong>potius</strong></span> <span class='ocrx_word' id='word_1_58' title='bbox 1758 1476 2193 1549; x_wconf 84' lang='lat' dir='ltr'><strong>indigeremuS,</strong></span> <span class='ocrx_word' id='word_1_59' title='bbox 2225 1493 2405 1550; x_wconf 87' lang='lat' dir='ltr'><strong>quam</strong></span> <span class='ocrx_word' id='word_1_60' title='bbox 2434 1476 2700 1533; x_wconf 88' lang='lat' dir='ltr'><strong>abunda-</strong></span> 
     </span>
     <span class='ocr_line' id='line_1_8' title="bbox 109 1566 2703 1640; baseline 0 -20"><span class='ocrx_word' id='word_1_61' title='bbox 109 1582 322 1623; x_wconf 74' lang='lat' dir='ltr'><strong>remnS.</strong></span> <span class='ocrx_word' id='word_1_62' title='bbox 362 1567 670 1630; x_wconf 85' lang='lat' dir='ltr'><strong>Quorum</strong></span> <span class='ocrx_word' id='word_1_63' title='bbox 703 1566 852 1621; x_wconf 80' lang='lat' dir='ltr'><strong>votis</strong></span> <span class='ocrx_word' id='word_1_64' title='bbox 881 1566 1198 1623; x_wconf 85' lang='lat' dir='ltr'><strong>obsecutus</strong></span> <span class='ocrx_word' id='word_1_65' title='bbox 1223 1583 1390 1637; x_wconf 90' lang='lat' dir='ltr'><strong>sum,</strong></span> <span class='ocrx_word' id='word_1_66' title='bbox 1431 1583 1508 1623; x_wconf 91' lang='lat' dir='ltr'><strong>ne</strong></span> <span class='ocrx_word' id='word_1_67' title='bbox 1546 1567 1835 1635; x_wconf 90' lang='lat' dir='ltr'><strong>laborem,</strong></span> <span class='ocrx_word' id='word_1_68' title='bbox 1872 1566 1973 1640; x_wconf 92' lang='lat' dir='ltr'><strong>qui</strong></span> <span class='ocrx_word' id='word_1_69' title='bbox 2014 1567 2074 1623; x_wconf 91' lang='lat' dir='ltr'><strong>in</strong></span> <span class='ocrx_word' id='word_1_70' title='bbox 2112 1566 2366 1639; x_wconf 85' lang='lat' dir='ltr'><strong>aliquale</strong></span> <span class='ocrx_word' id='word_1_71' title='bbox 2401 1582 2703 1623; x_wconf 84' lang='lat' dir='ltr'><strong>sacrarum</strong></span> 
     </span>
     <span class='ocr_line' id='line_1_9' title="bbox 107 1654 1989 1728; baseline 0.002 -19"><span class='ocrx_word' id='word_1_72' title='bbox 107 1654 428 1713; x_wconf 65' lang='lat' dir='ltr'><strong>literarum</strong></span> <span class='ocrx_word' id='word_1_73' title='bbox 469 1654 818 1712; x_wconf 87' lang='lat' dir='ltr'><strong>subsidium</strong></span> <span class='ocrx_word' id='word_1_74' title='bbox 848 1671 1128 1713; x_wconf 85' lang='lat' dir='ltr'><strong>cessurus</strong></span> <span class='ocrx_word' id='word_1_75' title='bbox 1147 1656 1470 1725; x_wconf 84' lang='lat' dir='ltr'><strong>dicebatur,</strong></span> <span class='ocrx_word' id='word_1_76' title='bbox 1503 1656 1709 1728; x_wconf 86' lang='lat' dir='ltr'><strong>fugere</strong></span> <span class='ocrx_word' id='word_1_77' title='bbox 1739 1656 1989 1713; x_wconf 83' lang='lat' dir='ltr'><strong>viderer.</strong></span> 
     </span>
    </p>

    <p class='ocr_par' dir='ltr' id='par_1_3' title="bbox 91 1744 2753 2984">
     <span class='ocr_line' id='line_1_10' title="bbox 167 1744 2701 1819; baseline 0 -19"><span class='ocrx_word' id='word_1_78' title='bbox 167 1746 234 1801; x_wconf 87' lang='lat' dir='ltr'><strong>In</strong></span> <span class='ocrx_word' id='word_1_79' title='bbox 263 1747 390 1804; x_wconf 84' lang='lat' dir='ltr'><strong>hoc</strong></span> <span class='ocrx_word' id='word_1_80' title='bbox 423 1750 650 1802; x_wconf 84' lang='lat' dir='ltr'><strong>autem</strong></span> <span class='ocrx_word' id='word_1_81' title='bbox 679 1745 1032 1819; x_wconf 90' lang='lat' dir='ltr'><strong>compendio</strong></span> <span class='ocrx_word' id='word_1_82' title='bbox 1061 1745 1424 1816; x_wconf 78' lang='lat' dir='ltr'><strong>adornandO,</strong></span> <span class='ocrx_word' id='word_1_83' title='bbox 1443 1762 1633 1818; x_wconf 90' lang='lat' dir='ltr'><strong>quum</strong></span> <span class='ocrx_word' id='word_1_84' title='bbox 1652 1746 1945 1819; x_wconf 88' lang='lat' dir='ltr'><strong>imprimis</strong></span> <span class='ocrx_word' id='word_1_85' title='bbox 1966 1746 2253 1803; x_wconf 82' lang='lat' dir='ltr'><strong>iuvenum</strong></span> <span class='ocrx_word' id='word_1_86' title='bbox 2274 1744 2347 1802; x_wconf 89' lang='lat' dir='ltr'><strong>ad</strong></span> <span class='ocrx_word' id='word_1_87' title='bbox 2368 1745 2701 1803; x_wconf 85' lang='lat' dir='ltr'><strong>divinorum</strong></span> 
     </span>
     <span class='ocr_line' id='line_1_11' title="bbox 99 1832 2704 1907; baseline 0 -18"><span class='ocrx_word' id='word_1_88' title='bbox 99 1832 400 1893; x_wconf 70' lang='lat' dir='ltr'><strong>librorum</strong></span> <span class='ocrx_word' id='word_1_89' title='bbox 437 1833 726 1891; x_wconf 82' lang='lat' dir='ltr'><strong>studium</strong></span> <span class='ocrx_word' id='word_1_90' title='bbox 755 1834 1170 1892; x_wconf 87' lang='lat' dir='ltr'><strong>accedentium</strong></span> <span class='ocrx_word' id='word_1_91' title='bbox 1201 1833 1446 1891; x_wconf 88' lang='lat' dir='ltr'><strong>utilitati.</strong></span> <span class='ocrx_word' id='word_1_92' title='bbox 1460 1835 1683 1892; x_wconf 87' lang='lat' dir='ltr'><strong>servire</strong></span> <span class='ocrx_word' id='word_1_93' title='bbox 1712 1836 1958 1907; x_wconf 82' lang='lat' dir='ltr'><strong>vellem,</strong></span> <span class='ocrx_word' id='word_1_94' title='bbox 1988 1835 2306 1893; x_wconf 81' lang='lat' dir='ltr'><strong>maximam</strong></span> <span class='ocrx_word' id='word_1_95' title='bbox 2327 1840 2387 1892; x_wconf 84' lang='lat' dir='ltr'><strong>et</strong></span> <span class='ocrx_word' id='word_1_96' title='bbox 2408 1835 2704 1891; x_wconf 86' lang='lat' dir='ltr'><strong>brevitatis</strong></span> 
     </span>
     <span class='ocr_line' id='line_1_12' title="bbox 93 1922 2704 1998; baseline 0.001 -20"><span class='ocrx_word' id='word_1_97' title='bbox 93 1930 146 1978; x_wconf 77' lang='lat' dir='ltr'><strong>ct</strong></span> <span class='ocrx_word' id='word_1_98' title='bbox 175 1923 500 1982; x_wconf 82' lang='lat' dir='ltr'><strong>claritatis</strong></span> <span class='ocrx_word' id='word_1_99' title='bbox 529 1938 742 1980; x_wconf 85' lang='lat' dir='ltr'><strong>curam</strong></span> <span class='ocrx_word' id='word_1_100' title='bbox 771 1922 948 1981; x_wconf 89' lang='lat' dir='ltr'><strong>habui</strong></span> <span class='ocrx_word' id='word_1_101' title='bbox 983 1942 996 1979; x_wconf 91' lang='lat'>:</span> <span class='ocrx_word' id='word_1_102' title='bbox 1031 1940 1266 1981; x_wconf 88' lang='lat' dir='ltr'><strong>summa</strong></span> <span class='ocrx_word' id='word_1_103' title='bbox 1295 1924 1474 1995; x_wconf 86' lang='lat' dir='ltr'><strong>igitur</strong></span> <span class='ocrx_word' id='word_1_104' title='bbox 1503 1923 1959 1981; x_wconf 85' lang='lat' dir='ltr'><strong>introductionis</strong></span> <span class='ocrx_word' id='word_1_105' title='bbox 1993 1925 2183 1998; x_wconf 81' lang='lat' dir='ltr'><strong>capita</strong></span> <span class='ocrx_word' id='word_1_106' title='bbox 2210 1941 2389 1998; x_wconf 90' lang='lat' dir='ltr'><strong>quam</strong></span> <span class='ocrx_word' id='word_1_107' title='bbox 2417 1924 2704 1998; x_wconf 88' lang='lat' dir='ltr'><strong>paucissi-</strong></span> 
     </span>
     <span class='ocr_line' id='line_1_13' title="bbox 97 2012 2753 2087; baseline -0 -18"><span class='ocrx_word' id='word_1_108' title='bbox 97 2015 208 2070; x_wconf 80' lang='lat' dir='ltr'><strong>mis</strong></span> <span class='ocrx_word' id='word_1_109' title='bbox 247 2014 488 2073; x_wconf 72' lang='lat' dir='ltr'><strong>verbis</strong></span> <span class='ocrx_word' id='word_1_110' title='bbox 529 2012 844 2087; x_wconf 86' lang='lat' dir='ltr'><strong>complecti</strong></span> <span class='ocrx_word' id='word_1_111' title='bbox 883 2017 942 2069; x_wconf 92' lang='lat' dir='ltr'><strong>et</strong></span> <span class='ocrx_word' id='word_1_112' title='bbox 981 2012 1243 2071; x_wconf 87' lang='lat' dir='ltr'><strong>breviter</strong></span> <span class='ocrx_word' id='word_1_113' title='bbox 1277 2012 1551 2087; x_wconf 88' lang='lat' dir='ltr'><strong>quidem,</strong></span> <span class='ocrx_word' id='word_1_114' title='bbox 1582 2014 1686 2071; x_wconf 88' lang='lat' dir='ltr'><strong>sed</strong></span> <span class='ocrx_word' id='word_1_115' title='bbox 1718 2030 1897 2087; x_wconf 88' lang='lat' dir='ltr'><strong>quam</strong></span> <span class='ocrx_word' id='word_1_116' title='bbox 1927 2013 2355 2071; x_wconf 83' lang='lat' dir='ltr'><strong>dilucidissime</strong></span> <span class='ocrx_word' id='word_1_117' title='bbox 2385 2012 2577 2087; x_wconf 86' lang='lat' dir='ltr'><strong>potui,</strong></span> <span class='ocrx_word' id='word_1_118' title='bbox 2609 2030 2703 2069; x_wconf 83' lang='lat' dir='ltr'><strong>ex·</strong></span> <span class='ocrx_word' id='word_1_119' title='bbox 2748 2032 2753 2037; x_wconf 81' lang='lat'><strong>·</strong></span> 
     </span>
     <span class='ocr_line' id='line_1_14' title="bbox 91 2101 2708 2177; baseline 0 -19"><span class='ocrx_word' id='word_1_120' title='bbox 91 2104 359 2175; x_wconf 77' lang='lat' dir='ltr'><strong>plicare,</strong></span> <span class='ocrx_word' id='word_1_121' title='bbox 393 2102 860 2173; x_wconf 86' lang='lat' dir='ltr'><strong>demonstrare,</strong></span> <span class='ocrx_word' id='word_1_122' title='bbox 887 2102 1192 2159; x_wconf 80' lang='lat' dir='ltr'><strong>vindicare</strong></span> <span class='ocrx_word' id='word_1_123' title='bbox 1223 2106 1466 2160; x_wconf 88' lang='lat' dir='ltr'><strong>conatus</strong></span> <span class='ocrx_word' id='word_1_124' title='bbox 1502 2120 1667 2173; x_wconf 84' lang='lat' dir='ltr'><strong>sum,</strong></span> <span class='ocrx_word' id='word_1_125' title='bbox 1697 2121 1812 2176; x_wconf 91' lang='lat' dir='ltr'><strong>quo</strong></span> <span class='ocrx_word' id='word_1_126' title='bbox 1836 2104 2067 2160; x_wconf 85' lang='lat' dir='ltr'><strong>facilius</strong></span> <span class='ocrx_word' id='word_1_127' title='bbox 2092 2107 2291 2160; x_wconf 88' lang='lat' dir='ltr'><strong>mente</strong></span> <span class='ocrx_word' id='word_1_128' title='bbox 2321 2101 2708 2177; x_wconf 88' lang='lat' dir='ltr'><strong>comprehen-</strong></span> 
     </span>
     <span class='ocr_line' id='line_1_15' title="bbox 93 2192 2703 2266; baseline -0 -17"><span class='ocrx_word' id='word_1_129' title='bbox 93 2192 414 2251; x_wconf 80' lang='lat' dir='ltr'><strong>derentur</strong></span> <span class='ocrx_word' id='word_1_130' title='bbox 477 2196 540 2248; x_wconf 86' lang='lat' dir='ltr'><strong>et</strong></span> <span class='ocrx_word' id='word_1_131' title='bbox 587 2193 873 2249; x_wconf 89' lang='lat' dir='ltr'><strong>memoria</strong></span> <span class='ocrx_word' id='word_1_132' title='bbox 913 2192 1340 2249; x_wconf 88' lang='lat' dir='ltr'><strong>retinerentur.</strong></span> <span class='ocrx_word' id='word_1_133' title='bbox 1395 2192 1522 2255; x_wconf 89' lang='lat' dir='ltr'><strong>Qua</strong></span> <span class='ocrx_word' id='word_1_134' title='bbox 1566 2192 1841 2249; x_wconf 90' lang='lat' dir='ltr'><strong>methodo</strong></span> <span class='ocrx_word' id='word_1_135' title='bbox 1894 2209 2036 2249; x_wconf 85' lang='lat' dir='ltr'><strong>usus</strong></span> <span class='ocrx_word' id='word_1_136' title='bbox 2078 2192 2424 2249; x_wconf 89' lang='lat' dir='ltr'><strong>docentibus</strong></span> <span class='ocrx_word' id='word_1_137' title='bbox 2468 2208 2703 2266; x_wconf 92' lang='lat' dir='ltr'><strong>quoque</strong></span> 
     </span>
     <span class='ocr_line' id='line_1_16' title="bbox 93 2281 2701 2356; baseline -0.001 -17"><span class='ocrx_word' id='word_1_138' title='bbox 93 2282 382 2341; x_wconf 85' lang='lat' dir='ltr'><strong>laborem</strong></span> <span class='ocrx_word' id='word_1_139' title='bbox 431 2297 650 2337; x_wconf 87' lang='lat' dir='ltr'><strong>meum</strong></span> <span class='ocrx_word' id='word_1_140' title='bbox 681 2298 798 2337; x_wconf 91' lang='lat' dir='ltr'><strong>non</strong></span> <span class='ocrx_word' id='word_1_141' title='bbox 841 2281 1235 2339; x_wconf 89' lang='lat' dir='ltr'><strong>iniucundum</strong></span> <span class='ocrx_word' id='word_1_142' title='bbox 1277 2282 1400 2339; x_wconf 82' lang='lat' dir='ltr'><strong>fore</strong></span> <span class='ocrx_word' id='word_1_143' title='bbox 1439 2282 1697 2354; x_wconf 83' lang='lat' dir='ltr'><strong>confido,</strong></span> <span class='ocrx_word' id='word_1_144' title='bbox 1738 2282 2033 2355; x_wconf 85' lang='lat' dir='ltr'><strong>siquidem</strong></span> <span class='ocrx_word' id='word_1_145' title='bbox 2064 2299 2215 2356; x_wconf 91' lang='lat' dir='ltr'><strong>quae</strong></span> <span class='ocrx_word' id='word_1_146' title='bbox 2250 2282 2533 2356; x_wconf 86' lang='lat' dir='ltr'><strong>ampliore</strong></span> <span class='ocrx_word' id='word_1_147' title='bbox 2561 2282 2701 2338; x_wconf 85' lang='lat' dir='ltr'><strong>doc-</strong></span> 
     </span>
     <span class='ocr_line' id='line_1_17' title="bbox 93 2369 2701 2445; baseline -0.002 -14"><span class='ocrx_word' id='word_1_148' title='bbox 93 2374 254 2431; x_wconf 78' lang='lat' dir='ltr'><strong>trina</strong></span> <span class='ocrx_word' id='word_1_149' title='bbox 303 2378 376 2430; x_wconf 81' lang='lat' dir='ltr'><strong>et</strong></span> <span class='ocrx_word' id='word_1_150' title='bbox 421 2369 662 2427; x_wconf 83' lang='lat' dir='ltr'><strong>fusiore</strong></span> <span class='ocrx_word' id='word_1_151' title='bbox 707 2387 980 2428; x_wconf 87' lang='lat' dir='ltr'><strong>sermone</strong></span> <span class='ocrx_word' id='word_1_152' title='bbox 1021 2371 1080 2428; x_wconf 92' lang='lat' dir='ltr'><strong>in</strong></span> <span class='ocrx_word' id='word_1_153' title='bbox 1127 2371 1343 2428; x_wconf 88' lang='lat' dir='ltr'><strong>scholis</strong></span> <span class='ocrx_word' id='word_1_154' title='bbox 1381 2372 1492 2445; x_wconf 89' lang='lat' dir='ltr'><strong>ipsi</strong></span> <span class='ocrx_word' id='word_1_155' title='bbox 1532 2373 1859 2429; x_wconf 87' lang='lat' dir='ltr'><strong>enarraturi</strong></span> <span class='ocrx_word' id='word_1_156' title='bbox 1902 2372 2045 2443; x_wconf 88' lang='lat' dir='ltr'><strong>sint,</strong></span> <span class='ocrx_word' id='word_1_157' title='bbox 2096 2388 2166 2429; x_wconf 85' lang='lat' dir='ltr'><strong>ea</strong></span> <span class='ocrx_word' id='word_1_158' title='bbox 2206 2371 2316 2428; x_wconf 91' lang='lat' dir='ltr'><strong>hoc</strong></span> <span class='ocrx_word' id='word_1_159' title='bbox 2354 2371 2701 2445; x_wconf 89' lang='lat' dir='ltr'><strong>compendio</strong></span> 
     </span>
     <span class='ocr_line' id='line_1_18' title="bbox 93 2456 2706 2535; baseline -0.001 -16"><span class='ocrx_word' id='word_1_160' title='bbox 93 2463 410 2521; x_wconf 76' lang='lat' dir='ltr'><strong>conclusa</strong></span> <span class='ocrx_word' id='word_1_161' title='bbox 454 2460 764 2535; x_wconf 87' lang='lat' dir='ltr'><strong>discipulis</strong></span> <span class='ocrx_word' id='word_1_162' title='bbox 799 2461 1206 2535; x_wconf 85' lang='lat' dir='ltr'><strong>praeparanda</strong></span> <span class='ocrx_word' id='word_1_163' title='bbox 1235 2465 1296 2518; x_wconf 88' lang='lat' dir='ltr'><strong>et</strong></span> <span class='ocrx_word' id='word_1_164' title='bbox 1319 2462 1645 2535; x_wconf 89' lang='lat' dir='ltr'><strong>repetenda</strong></span> <span class='ocrx_word' id='word_1_165' title='bbox 1687 2456 1761 2519; x_wconf 70' lang='lat' dir='ltr'><strong>in&#39;</strong></span> <span class='ocrx_word' id='word_1_166' title='bbox 1790 2479 2004 2519; x_wconf 87' lang='lat' dir='ltr'><strong>manus</strong></span> <span class='ocrx_word' id='word_1_167' title='bbox 2044 2461 2269 2535; x_wconf 89' lang='lat' dir='ltr'><strong>possint</strong></span> <span class='ocrx_word' id='word_1_168' title='bbox 2294 2462 2548 2519; x_wconf 87' lang='lat' dir='ltr'><strong>tradere.</strong></span> <span class='ocrx_word' id='word_1_169' title='bbox 2581 2460 2706 2517; x_wconf 87' lang='lat' dir='ltr'><strong>Alia</strong></span> 
     </span>
     <span class='ocr_line' id='line_1_19' title="bbox 95 2550 2701 2627; baseline -0.001 -18"><span class='ocrx_word' id='word_1_170' title='bbox 95 2554 166 2609; x_wconf 81' lang='lat' dir='ltr'><strong>de</strong></span> <span class='ocrx_word' id='word_1_171' title='bbox 197 2554 358 2611; x_wconf 81' lang='lat' dir='ltr'><strong>eius</strong></span> <span class='ocrx_word' id='word_1_172' title='bbox 397 2550 646 2607; x_wconf 85' lang='lat' dir='ltr'><strong>ratione</strong></span> <span class='ocrx_word' id='word_1_173' title='bbox 681 2550 878 2623; x_wconf 89' lang='lat' dir='ltr'><strong>deque</strong></span> <span class='ocrx_word' id='word_1_174' title='bbox 909 2550 1336 2607; x_wconf 84' lang='lat' dir='ltr'><strong>sententiarum</strong></span> <span class='ocrx_word' id='word_1_175' title='bbox 1372 2551 1605 2609; x_wconf 85' lang='lat' dir='ltr'><strong>delectu</strong></span> <span class='ocrx_word' id='word_1_176' title='bbox 1638 2552 1856 2609; x_wconf 87' lang='lat' dir='ltr'><strong>addere</strong></span> <span class='ocrx_word' id='word_1_177' title='bbox 1885 2568 2032 2627; x_wconf 88' lang='lat' dir='ltr'><strong>opus</strong></span> <span class='ocrx_word' id='word_1_178' title='bbox 2063 2568 2180 2609; x_wconf 93' lang='lat' dir='ltr'><strong>non</strong></span> <span class='ocrx_word' id='word_1_179' title='bbox 2216 2556 2337 2623; x_wconf 89' lang='lat' dir='ltr'><strong>est,</strong></span> <span class='ocrx_word' id='word_1_180' title='bbox 2368 2552 2507 2624; x_wconf 88' lang='lat' dir='ltr'><strong>quia</strong></span> <span class='ocrx_word' id='word_1_181' title='bbox 2536 2550 2701 2608; x_wconf 86' lang='lat' dir='ltr'><strong>Prae-</strong></span> 
     </span>
     <span class='ocr_line' id='line_1_20' title="bbox 97 2639 2704 2715; baseline -0 -18"><span class='ocrx_word' id='word_1_182' title='bbox 97 2644 421 2701; x_wconf 73' lang='lat' dir='ltr'><strong>lectiones</strong></span> <span class='ocrx_word' id='word_1_183' title='bbox 461 2640 623 2713; x_wconf 75' lang='lat' dir='ltr'><strong>typis</strong></span> <span class='ocrx_word' id='word_1_184' title='bbox 663 2639 778 2697; x_wconf 90' lang='lat' dir='ltr'><strong>iam</strong></span> <span class='ocrx_word' id='word_1_185' title='bbox 817 2640 1144 2713; x_wconf 82' lang='lat' dir='ltr'><strong>descriptas</strong></span> <span class='ocrx_word' id='word_1_186' title='bbox 1187 2640 1264 2697; x_wconf 85' lang='lat' dir='ltr'><strong>ita</strong></span> <span class='ocrx_word' id='word_1_187' title='bbox 1307 2646 1547 2697; x_wconf 86' lang='lat' dir='ltr'><strong>secutus</strong></span> <span class='ocrx_word' id='word_1_188' title='bbox 1585 2658 1751 2712; x_wconf 91' lang='lat' dir='ltr'><strong>sum,</strong></span> <span class='ocrx_word' id='word_1_189' title='bbox 1793 2646 1857 2699; x_wconf 92' lang='lat' dir='ltr'><strong>ut</strong></span> <span class='ocrx_word' id='word_1_190' title='bbox 1893 2641 2300 2715; x_wconf 84' lang='lat' dir='ltr'><strong>paragraphus</strong></span> <span class='ocrx_word' id='word_1_191' title='bbox 2337 2640 2704 2715; x_wconf 87' lang='lat' dir='ltr'><strong>paragrapho</strong></span> 
     </span>
     <span class='ocr_line' id='line_1_21' title="bbox 95 2728 2705 2808; baseline -0.002 -18"><span class='ocrx_word' id='word_1_192' title='bbox 95 2730 534 2808; x_wconf 54' lang='lat' dir='ltr'><strong>respondean</strong></span> <span class='ocrx_word' id='word_1_193' title='bbox 569 2728 626 2785; x_wconf 89' lang='lat' dir='ltr'><strong>id</strong></span> <span class='ocrx_word' id='word_1_194' title='bbox 655 2745 844 2786; x_wconf 90' lang='lat' dir='ltr'><strong>unum</strong></span> <span class='ocrx_word' id='word_1_195' title='bbox 865 2729 1106 2799; x_wconf 88' lang='lat' dir='ltr'><strong>adnoto,</strong></span> <span class='ocrx_word' id='word_1_196' title='bbox 1138 2730 1198 2786; x_wconf 89' lang='lat' dir='ltr'><strong>in</strong></span> <span class='ocrx_word' id='word_1_197' title='bbox 1227 2729 1542 2787; x_wconf 86' lang='lat' dir='ltr'><strong>duodecim</strong></span> <span class='ocrx_word' id='word_1_198' title='bbox 1568 2730 2006 2804; x_wconf 84' lang='lat' dir='ltr'><strong>Appendicibus</strong></span> <span class='ocrx_word' id='word_1_199' title='bbox 2026 2734 2259 2803; x_wconf 88' lang='lat' dir='ltr'><strong>praeter</strong></span> <span class='ocrx_word' id='word_1_200' title='bbox 2281 2728 2705 2803; x_wconf 81' lang='lat' dir='ltr'><strong>Fragmentum</strong></span> 
     </span>
     <span class='ocr_line' id='line_1_22' title="bbox 97 2810 2703 2895; baseline -0.001 -16"><span class='ocrx_word' id='word_1_201' title='bbox 97 2819 613 2879; x_wconf 71' lang='lat' dir='ltr'><strong>Mumtorianum</strong></span> <span class='ocrx_word' id='word_1_202' title='bbox 646 2824 702 2875; x_wconf 92' lang='lat' dir='ltr'><strong>et</strong></span> <span class='ocrx_word' id='word_1_203' title='bbox 745 2818 1018 2877; x_wconf 87' lang='lat' dir='ltr'><strong>codicum</strong></span> <span class='ocrx_word' id='word_1_204' title='bbox 1058 2819 1392 2892; x_wconf 88' lang='lat' dir='ltr'><strong>aliquorum</strong></span> <span class='ocrx_word' id='word_1_205' title='bbox 1429 2810 1809 2893; x_wconf 89' lang='lat' dir='ltr'><strong>antiquorum</strong></span> <span class='ocrx_word' id='word_1_206' title='bbox 1845 2820 2171 2895; x_wconf 88' lang='lat' dir='ltr'><strong>specimina</strong></span> <span class='ocrx_word' id='word_1_207' title='bbox 2210 2837 2305 2875; x_wconf 90' lang='lat' dir='ltr'><strong>me</strong></span> <span class='ocrx_word' id='word_1_208' title='bbox 2350 2820 2703 2876; x_wconf 85' lang='lat' dir='ltr'><strong>documenta</strong></span> 
     </span>
     <span class='ocr_line' id='line_1_23' title="bbox 93 2907 2383 2984; baseline -0.002 -15"><span class='ocrx_word' id='word_1_209' title='bbox 93 2912 438 2984; x_wconf 76' lang='lat' dir='ltr'><strong>quaedam</strong></span> <span class='ocrx_word' id='word_1_210' title='bbox 467 2907 878 2981; x_wconf 84' lang='lat' dir='ltr'><strong>chronologica</strong></span> <span class='ocrx_word' id='word_1_211' title='bbox 908 2908 1223 2980; x_wconf 88' lang='lat' dir='ltr'><strong>adiecisse,</strong></span> <span class='ocrx_word' id='word_1_212' title='bbox 1251 2925 1402 2981; x_wconf 90' lang='lat' dir='ltr'><strong>quae</strong></span> <span class='ocrx_word' id='word_1_213' title='bbox 1428 2908 1743 2965; x_wconf 80' lang='lat' dir='ltr'><strong>iuvenibus</strong></span> <span class='ocrx_word' id='word_1_214' title='bbox 1772 2913 2011 2983; x_wconf 86' lang='lat' dir='ltr'><strong>accepta</strong></span> <span class='ocrx_word' id='word_1_215' title='bbox 2039 2909 2162 2966; x_wconf 86' lang='lat' dir='ltr'><strong>fore</strong></span> <span class='ocrx_word' id='word_1_216' title='bbox 2192 2924 2383 2983; x_wconf 86' lang='lat' dir='ltr'><strong>spero.</strong></span> 
     </span>
    </p>

    <p class='ocr_par' dir='ltr' id='par_1_4' title="bbox 95 2997 2706 3866">
     <span class='ocr_line' id='line_1_24' title="bbox 169 2997 2701 3073; baseline -0.001 -15"><span class='ocrx_word' id='word_1_217' title='bbox 169 3002 292 3058; x_wconf 79' lang='lat' dir='ltr'><strong>His</strong></span> <span class='ocrx_word' id='word_1_218' title='bbox 315 3044 334 3071; x_wconf 87' lang='lat'><strong>,</strong></span> <span class='ocrx_word' id='word_1_219' title='bbox 385 3014 550 3071; x_wconf 88' lang='lat' dir='ltr'><strong>quae</strong></span> <span class='ocrx_word' id='word_1_220' title='bbox 577 2997 650 3055; x_wconf 91' lang='lat' dir='ltr'><strong>de</strong></span> <span class='ocrx_word' id='word_1_221' title='bbox 679 2999 872 3072; x_wconf 88' lang='lat' dir='ltr'><strong>operis</strong></span> <span class='ocrx_word' id='word_1_222' title='bbox 900 2998 1081 3055; x_wconf 88' lang='lat' dir='ltr'><strong>huius</strong></span> <span class='ocrx_word' id='word_1_223' title='bbox 1111 2998 1338 3055; x_wconf 89' lang='lat' dir='ltr'><strong>ratione</strong></span> <span class='ocrx_word' id='word_1_224' title='bbox 1371 2999 1551 3073; x_wconf 89' lang='lat' dir='ltr'><strong>priori</strong></span> <span class='ocrx_word' id='word_1_225' title='bbox 1584 2998 1713 3057; x_wconf 92' lang='lat' dir='ltr'><strong>eius</strong></span> <span class='ocrx_word' id='word_1_226' title='bbox 1737 2999 1978 3057; x_wconf 91' lang='lat' dir='ltr'><strong>editioni</strong></span> <span class='ocrx_word' id='word_1_227' title='bbox 2005 3000 2079 3067; x_wconf 89' lang='lat' dir='ltr'><strong>(a.</strong></span> <span class='ocrx_word' id='word_1_228' title='bbox 2118 3000 2295 3070; x_wconf 80' lang='grc'>1889.)</span> <span class='ocrx_word' id='word_1_229' title='bbox 2327 3000 2701 3072; x_wconf 86' lang='lat' dir='ltr'><strong>praelocutus</strong></span> 
     </span>
     <span class='ocr_line' id='line_1_25' title="bbox 95 3086 2695 3163; baseline -0.002 -14"><span class='ocrx_word' id='word_1_230' title='bbox 95 3110 284 3163; x_wconf 86' lang='lat' dir='ltr'><strong>sum,</strong></span> <span class='ocrx_word' id='word_1_231' title='bbox 313 3090 392 3147; x_wconf 84' lang='lat' dir='ltr'><strong>id</strong></span> <span class='ocrx_word' id='word_1_232' title='bbox 431 3087 690 3145; x_wconf 83' lang='lat' dir='ltr'><strong>maxime</strong></span> <span class='ocrx_word' id='word_1_233' title='bbox 718 3088 934 3145; x_wconf 88' lang='lat' dir='ltr'><strong>addam</strong></span> <span class='ocrx_word' id='word_1_234' title='bbox 961 3092 1212 3161; x_wconf 87' lang='lat' dir='ltr'><strong>oportet,</strong></span> <span class='ocrx_word' id='word_1_235' title='bbox 1243 3105 1340 3146; x_wconf 90' lang='lat' dir='ltr'><strong>me</strong></span> <span class='ocrx_word' id='word_1_236' title='bbox 1369 3090 1525 3145; x_wconf 87' lang='lat' dir='ltr'><strong>inter</strong></span> <span class='ocrx_word' id='word_1_237' title='bbox 1557 3088 1913 3163; x_wconf 85' lang='lat' dir='ltr'><strong>appendices</strong></span> <span class='ocrx_word' id='word_1_238' title='bbox 1942 3086 2417 3146; x_wconf 79' lang='lat' dir='ltr'><strong>dissertationem</strong></span> <span class='ocrx_word' id='word_1_239' title='bbox 2448 3088 2520 3147; x_wconf 92' lang='lat' dir='ltr'><strong>de</strong></span> <span class='ocrx_word' id='word_1_240' title='bbox 2553 3088 2695 3145; x_wconf 88' lang='lat' dir='ltr'><strong>divi·</strong></span> 
     </span>
     <span class='ocr_line' id='line_1_26' title="bbox 97 3175 2702 3253; baseline -0.002 -12"><span class='ocrx_word' id='word_1_241' title='bbox 97 3202 228 3241; x_wconf 81' lang='lat' dir='ltr'><strong>nae</strong></span> <span class='ocrx_word' id='word_1_242' title='bbox 259 3175 686 3253; x_wconf 79' lang='lat' dir='ltr'><strong>inspirationis</strong></span> <span class='ocrx_word' id='word_1_243' title='bbox 707 3178 970 3249; x_wconf 79' lang='lat' dir='ltr'><strong>veritate,</strong></span> <span class='ocrx_word' id='word_1_244' title='bbox 1001 3182 1212 3237; x_wconf 92' lang='lat' dir='ltr'><strong>natura</strong></span> <span class='ocrx_word' id='word_1_245' title='bbox 1235 3178 1696 3251; x_wconf 85' lang='lat' dir='ltr'><strong>extensioneque</strong></span> <span class='ocrx_word' id='word_1_246' title='bbox 1724 3178 2018 3253; x_wconf 86' lang='lat' dir='ltr'><strong>recepisse</strong></span> <span class='ocrx_word' id='word_1_247' title='bbox 2047 3182 2122 3253; x_wconf 90' lang='lat' dir='ltr'><strong>(p.</strong></span> <span class='ocrx_word' id='word_1_248' title='bbox 2146 3178 2431 3249; x_wconf 72' lang='lat'>023-636);</span> <span class='ocrx_word' id='word_1_249' title='bbox 2457 3178 2517 3235; x_wconf 91' lang='lat' dir='ltr'><strong>id</strong></span> <span class='ocrx_word' id='word_1_250' title='bbox 2542 3180 2702 3236; x_wconf 90' lang='lat' dir='ltr'><strong>enim</strong></span> 
     </span>
     <span class='ocr_line' id='line_1_27' title="bbox 99 3268 2705 3343; baseline -0.001 -16"><span class='ocrx_word' id='word_1_251' title='bbox 99 3273 228 3329; x_wconf 68' lang='lat' dir='ltr'><strong>sibi</strong></span> <span class='ocrx_word' id='word_1_252' title='bbox 254 3273 520 3343; x_wconf 80' lang='lat' dir='ltr'><strong>gratum</strong></span> <span class='ocrx_word' id='word_1_253' title='bbox 547 3268 698 3339; x_wconf 83' lang='lat' dir='ltr'><strong>fore,</strong></span> <span class='ocrx_word' id='word_1_254' title='bbox 730 3268 868 3341; x_wconf 88' lang='lat' dir='ltr'><strong>quia</strong></span> <span class='ocrx_word' id='word_1_255' title='bbox 895 3268 1048 3325; x_wconf 89' lang='lat' dir='ltr'><strong>hanc</strong></span> <span class='ocrx_word' id='word_1_256' title='bbox 1078 3284 1314 3341; x_wconf 91' lang='lat' dir='ltr'><strong>quoque</strong></span> <span class='ocrx_word' id='word_1_257' title='bbox 1342 3268 1751 3342; x_wconf 88' lang='lat' dir='ltr'><strong>quaestionem</strong></span> <span class='ocrx_word' id='word_1_258' title='bbox 1779 3269 1842 3325; x_wconf 90' lang='lat' dir='ltr'><strong>in</strong></span> <span class='ocrx_word' id='word_1_259' title='bbox 1872 3269 1995 3325; x_wconf 86' lang='lat' dir='ltr'><strong>suis</strong></span> <span class='ocrx_word' id='word_1_260' title='bbox 2025 3268 2097 3325; x_wconf 92' lang='lat' dir='ltr'><strong>de</strong></span> <span class='ocrx_word' id='word_1_261' title='bbox 2125 3270 2182 3327; x_wconf 91' lang='lat' dir='ltr'><strong>S.</strong></span> <span class='ocrx_word' id='word_1_262' title='bbox 2216 3269 2518 3343; x_wconf 89' lang='lat' dir='ltr'><strong>Scriptura</strong></span> <span class='ocrx_word' id='word_1_263' title='bbox 2540 3269 2705 3325; x_wconf 89' lang='lat' dir='ltr'><strong>scho-</strong></span> 
     </span>
     <span class='ocr_line' id='line_1_28' title="bbox 103 3356 2704 3434; baseline -0.002 -17"><span class='ocrx_word' id='word_1_264' title='bbox 103 3364 190 3419; x_wconf 78' lang='lat' dir='ltr'><strong>lis</strong></span> <span class='ocrx_word' id='word_1_265' title='bbox 229 3372 555 3434; x_wconf 82' lang='lat' dir='ltr'><strong>exponere</strong></span> <span class='ocrx_word' id='word_1_266' title='bbox 581 3362 946 3428; x_wconf 86' lang='lat' dir='ltr'><strong>tenerentur,</strong></span> <span class='ocrx_word' id='word_1_267' title='bbox 977 3357 1153 3415; x_wconf 88' lang='lat' dir='ltr'><strong>amici</strong></span> <span class='ocrx_word' id='word_1_268' title='bbox 1184 3358 1454 3415; x_wconf 91' lang='lat' dir='ltr'><strong>nonnulli</strong></span> <span class='ocrx_word' id='word_1_269' title='bbox 1492 3358 1640 3415; x_wconf 86' lang='lat' dir='ltr'><strong>mihi</strong></span> <span class='ocrx_word' id='word_1_270' title='bbox 1674 3356 2110 3431; x_wconf 86' lang='lat' dir='ltr'><strong>significarunt,</strong></span> <span class='ocrx_word' id='word_1_271' title='bbox 2151 3358 2254 3432; x_wconf 91' lang='lat' dir='ltr'><strong>qui</strong></span> <span class='ocrx_word' id='word_1_272' title='bbox 2285 3358 2704 3431; x_wconf 88' lang='lat' dir='ltr'><strong>compendium</strong></span> 
     </span>
     <span class='ocr_line' id='line_1_29' title="bbox 101 3445 2701 3521; baseline -0.002 -14"><span class='ocrx_word' id='word_1_273' title='bbox 101 3452 236 3507; x_wconf 72' lang='lat' dir='ltr'><strong>hoe</strong></span> <span class='ocrx_word' id='word_1_274' title='bbox 263 3449 538 3519; x_wconf 80' lang='lat' dir='ltr'><strong>dignum</strong></span> <span class='ocrx_word' id='word_1_275' title='bbox 563 3445 856 3517; x_wconf 88' lang='lat' dir='ltr'><strong>iudicant,</strong></span> <span class='ocrx_word' id='word_1_276' title='bbox 888 3447 1046 3520; x_wconf 91' lang='lat' dir='ltr'><strong>quod</strong></span> <span class='ocrx_word' id='word_1_277' title='bbox 1074 3448 1136 3503; x_wconf 92' lang='lat' dir='ltr'><strong>in</strong></span> <span class='ocrx_word' id='word_1_278' title='bbox 1167 3448 1290 3504; x_wconf 87' lang='lat' dir='ltr'><strong>suis</strong></span> <span class='ocrx_word' id='word_1_279' title='bbox 1318 3448 1816 3520; x_wconf 85' lang='lat' dir='ltr'><strong>praelectionibus</strong></span> <span class='ocrx_word' id='word_1_280' title='bbox 1847 3451 2191 3521; x_wconf 88' lang='lat' dir='ltr'><strong>sequantur.</strong></span> <span class='ocrx_word' id='word_1_281' title='bbox 2226 3446 2351 3504; x_wconf 83' lang='lat' dir='ltr'><strong>Alia</strong></span> <span class='ocrx_word' id='word_1_282' title='bbox 2378 3447 2701 3504; x_wconf 89' lang='lat' dir='ltr'><strong>desiderari</strong></span> 
     </span>
     <span class='ocr_line' id='line_1_30' title="bbox 105 3534 2706 3610; baseline -0.002 -14"><span class='ocrx_word' id='word_1_283' title='bbox 105 3556 248 3597; x_wconf 74' lang='lat' dir='ltr'><strong>non</strong></span> <span class='ocrx_word' id='word_1_284' title='bbox 280 3534 589 3610; x_wconf 83' lang='lat' dir='ltr'><strong>comperi3</strong></span> <span class='ocrx_word' id='word_1_285' title='bbox 621 3553 804 3609; x_wconf 85' lang='lat' dir='ltr'><strong>quare</strong></span> <span class='ocrx_word' id='word_1_286' title='bbox 829 3536 892 3593; x_wconf 92' lang='lat' dir='ltr'><strong>in</strong></span> <span class='ocrx_word' id='word_1_287' title='bbox 920 3537 1150 3609; x_wconf 90' lang='lat' dir='ltr'><strong>reliquo</strong></span> <span class='ocrx_word' id='word_1_288' title='bbox 1181 3536 1328 3593; x_wconf 88' lang='lat' dir='ltr'><strong>libro</strong></span> <span class='ocrx_word' id='word_1_289' title='bbox 1354 3554 1388 3594; x_wconf 88' lang='lat' dir='ltr'><strong>a</strong></span> <span class='ocrx_word' id='word_1_290' title='bbox 1413 3537 1837 3595; x_wconf 87' lang='lat' dir='ltr'><strong>mutationibus</strong></span> <span class='ocrx_word' id='word_1_291' title='bbox 1866 3536 2380 3610; x_wconf 87' lang='lat' dir='ltr'><strong>additionibusque</strong></span> <span class='ocrx_word' id='word_1_292' title='bbox 2410 3554 2507 3594; x_wconf 89' lang='lat' dir='ltr'><strong>me</strong></span> <span class='ocrx_word' id='word_1_293' title='bbox 2539 3536 2706 3609; x_wconf 78' lang='lat' dir='ltr'><strong>absti-</strong></span> 
     </span>
     <span class='ocr_line' id='line_1_31' title="bbox 109 3626 2703 3703; baseline -0.002 -16"><span class='ocrx_word' id='word_1_294' title='bbox 109 3630 266 3690; x_wconf 83' lang='lat' dir='ltr'><strong>nui,</strong></span> <span class='ocrx_word' id='word_1_295' title='bbox 297 3641 670 3703; x_wconf 84' lang='lat' dir='ltr'><strong>paucorum,</strong></span> <span class='ocrx_word' id='word_1_296' title='bbox 704 3642 856 3700; x_wconf 89' lang='lat' dir='ltr'><strong>quae</strong></span> <span class='ocrx_word' id='word_1_297' title='bbox 886 3627 1086 3684; x_wconf 88' lang='lat' dir='ltr'><strong>minus</strong></span> <span class='ocrx_word' id='word_1_298' title='bbox 1115 3629 1390 3683; x_wconf 85' lang='lat' dir='ltr'><strong>accurate</strong></span> <span class='ocrx_word' id='word_1_299' title='bbox 1419 3632 1520 3684; x_wconf 87' lang='lat' dir='ltr'><strong>aut</strong></span> <span class='ocrx_word' id='word_1_300' title='bbox 1548 3632 1705 3684; x_wconf 86' lang='lat' dir='ltr'><strong>recte</strong></span> <span class='ocrx_word' id='word_1_301' title='bbox 1734 3627 1891 3683; x_wconf 89' lang='lat' dir='ltr'><strong>dicta</strong></span> <span class='ocrx_word' id='word_1_302' title='bbox 1919 3643 2051 3683; x_wconf 90' lang='lat' dir='ltr'><strong>esse</strong></span> <span class='ocrx_word' id='word_1_303' title='bbox 2080 3626 2452 3696; x_wconf 84' lang='lat' dir='ltr'><strong>videbantur,</strong></span> <span class='ocrx_word' id='word_1_304' title='bbox 2496 3642 2703 3683; x_wconf 89' lang='lat' dir='ltr'><strong>emen-</strong></span> 
     </span>
     <span class='ocr_line' id='line_1_32' title="bbox 113 3716 2701 3789; baseline -0.002 -14"><span class='ocrx_word' id='word_1_305' title='bbox 113 3718 382 3776; x_wconf 78' lang='lat' dir='ltr'><strong>datione</strong></span> <span class='ocrx_word' id='word_1_306' title='bbox 415 3716 1132 3789; x_wconf 80' lang='lat' dir='ltr'><strong>commentariorumque,</strong></span> <span class='ocrx_word' id='word_1_307' title='bbox 1179 3716 1282 3789; x_wconf 88' lang='lat' dir='ltr'><strong>qui</strong></span> <span class='ocrx_word' id='word_1_308' title='bbox 1329 3716 1404 3773; x_wconf 92' lang='lat' dir='ltr'><strong>de</strong></span> <span class='ocrx_word' id='word_1_309' title='bbox 1442 3716 1625 3773; x_wconf 85' lang='lat' dir='ltr'><strong>sacris</strong></span> <span class='ocrx_word' id='word_1_310' title='bbox 1668 3716 1835 3773; x_wconf 83' lang='lat' dir='ltr'><strong>libris</strong></span> <span class='ocrx_word' id='word_1_311' title='bbox 1884 3716 2294 3773; x_wconf 89' lang='lat' dir='ltr'><strong>recentissime</strong></span> <span class='ocrx_word' id='word_1_312' title='bbox 2342 3716 2491 3773; x_wconf 81' lang='lat' dir='ltr'><strong>editi·</strong></span> <span class='ocrx_word' id='word_1_313' title='bbox 2532 3720 2701 3787; x_wconf 88' lang='lat' dir='ltr'><strong>sunt,</strong></span> 
     </span>
     <span class='ocr_line' id='line_1_33' title="bbox 119 3794 1308 3866; baseline -0.003 -1"><span class='ocrx_word' id='word_1_314' title='bbox 119 3806 474 3866; x_wconf 83' lang='lat' dir='ltr'><strong>adiectione</strong></span> <span class='ocrx_word' id='word_1_315' title='bbox 504 3810 840 3863; x_wconf 72' lang='lat' dir='ltr'><strong>contentus„</strong></span> <span class='ocrx_word' id='word_1_316' title='bbox 1301 3794 1308 3801; x_wconf 74' lang='grc'><strong>’</strong></span> 
     </span>
    </p>

    <p class='ocr_par' dir='ltr' id='par_1_5' title="bbox 119 3895 2703 4149">
     <span class='ocr_line' id='line_1_34' title="bbox 197 3895 2703 3969; baseline -0.002 -14"><span class='ocrx_word' id='word_1_317' title='bbox 197 3898 374 3955; x_wconf 83' lang='lat' dir='ltr'><strong>Faxit</strong></span> <span class='ocrx_word' id='word_1_318' title='bbox 401 3900 606 3954; x_wconf 86' lang='lat' dir='ltr'><strong>autem</strong></span> <span class='ocrx_word' id='word_1_319' title='bbox 641 3897 698 3952; x_wconf 92' lang='lat' dir='ltr'><strong>S.</strong></span> <span class='ocrx_word' id='word_1_320' title='bbox 731 3896 1167 3969; x_wconf 87' lang='lat' dir='ltr'><strong>Scripturarum</strong></span> <span class='ocrx_word' id='word_1_321' title='bbox 1197 3898 1418 3965; x_wconf 86' lang='lat' dir='ltr'><strong>auctor,</strong></span> <span class='ocrx_word' id='word_1_322' title='bbox 1453 3900 1516 3951; x_wconf 91' lang='lat' dir='ltr'><strong>ut</strong></span> <span class='ocrx_word' id='word_1_323' title='bbox 1545 3895 1729 3951; x_wconf 87' lang='lat' dir='ltr'><strong>altera</strong></span> <span class='ocrx_word' id='word_1_324' title='bbox 1761 3912 1999 3968; x_wconf 91' lang='lat' dir='ltr'><strong>quoque</strong></span> <span class='ocrx_word' id='word_1_325' title='bbox 2040 3895 2215 3953; x_wconf 87' lang='lat' dir='ltr'><strong>huius</strong></span> <span class='ocrx_word' id='word_1_326' title='bbox 2248 3895 2703 3969; x_wconf 86' lang='lat' dir='ltr'><strong>qualiscumque</strong></span> 
     </span>
     <span class='ocr_line' id='line_1_35' title="bbox 119 3983 2703 4063; baseline -0.003 -16"><span class='ocrx_word' id='word_1_327' title='bbox 119 3989 324 4063; x_wconf 70' lang='lat' dir='ltr'><strong>‹spei-is</strong></span> <span class='ocrx_word' id='word_1_328' title='bbox 351 3986 647 4056; x_wconf 85' lang='lat' dir='ltr'><strong>editione,</strong></span> <span class='ocrx_word' id='word_1_329' title='bbox 679 4002 858 4058; x_wconf 88' lang='lat' dir='ltr'><strong>quam</strong></span> <span class='ocrx_word' id='word_1_330' title='bbox 888 3985 1105 4043; x_wconf 88' lang='lat' dir='ltr'><strong>iterum</strong></span> <span class='ocrx_word' id='word_1_331' title='bbox 1133 3985 1199 4043; x_wconf 89' lang='lat' dir='ltr'><strong>Ei</strong></span> <span class='ocrx_word' id='word_1_332' title='bbox 1229 3984 1486 4042; x_wconf 83' lang='lat' dir='ltr'><strong>dicatam</strong></span> <span class='ocrx_word' id='word_1_333' title='bbox 1516 4001 1649 4041; x_wconf 86' lang='lat' dir='ltr'><strong>esse</strong></span> <span class='ocrx_word' id='word_1_334' title='bbox 1682 3983 1839 4055; x_wconf 88' lang='lat' dir='ltr'>v010‚</span> <span class='ocrx_word' id='word_1_335' title='bbox 1868 4001 2075 4042; x_wconf 89' lang='lat' dir='ltr'><strong>earum</strong></span> <span class='ocrx_word' id='word_1_336' title='bbox 2100 3984 2365 4043; x_wconf 87' lang='lat' dir='ltr'><strong>studium</strong></span> <span class='ocrx_word' id='word_1_337' title='bbox 2394 3985 2455 4042; x_wconf 91' lang='lat' dir='ltr'><strong>in</strong></span> <span class='ocrx_word' id='word_1_338' title='bbox 2486 3984 2703 4041; x_wconf 85' lang='lat' dir='ltr'><strong>scholis</strong></span> 
     </span>
     <span class='ocr_line' id='line_1_36' title="bbox 129 4075 1143 4149; baseline -0.003 -13"><span class='ocrx_word' id='word_1_339' title='bbox 129 4076 436 4135; x_wconf 80' lang='lat' dir='ltr'><strong>catholicis</strong></span> <span class='ocrx_word' id='word_1_340' title='bbox 467 4075 530 4132; x_wconf 92' lang='lat' dir='ltr'><strong>in</strong></span> <span class='ocrx_word' id='word_1_341' title='bbox 551 4075 682 4133; x_wconf 87' lang='lat' dir='ltr'><strong>dies</strong></span> <span class='ocrx_word' id='word_1_342' title='bbox 708 4081 1143 4149; x_wconf 83' lang='lat' dir='ltr'><strong>promoveatur.</strong></span> 
     </span>
    </p>
   </div>
   <div class='ocr_carea' id='block_1_3' title="bbox 189 4268 2681 4337">
    <p class='ocr_par' dir='ltr' id='par_1_6' title="bbox 189 4268 2681 4337">
     <span class='ocr_line' id='line_1_37' title="bbox 189 4268 2681 4337; baseline -0.004 -7"><span class='ocrx_word' id='word_1_343' title='bbox 189 4277 490 4332; x_wconf 74' lang='lat' dir='ltr'><strong>scribebam</strong></span> <span class='ocrx_word' id='word_1_344' title='bbox 506 4273 564 4326; x_wconf 87' lang='lat' dir='ltr'><strong>in</strong></span> <span class='ocrx_word' id='word_1_345' title='bbox 579 4270 800 4337; x_wconf 80' lang='lat' dir='ltr'><strong>collegio</strong></span> <span class='ocrx_word' id='word_1_346' title='bbox 817 4270 1116 4336; x_wconf 70' lang='lat' dir='ltr'><strong>Blyonbeek</strong></span> <span class='ocrx_word' id='word_1_347' title='bbox 1142 4268 1420 4335; x_wconf 73' lang='lat' dir='ltr'><strong>(Afferden.</strong></span> <span class='ocrx_word' id='word_1_348' title='bbox 1444 4270 1733 4336; x_wconf 79' lang='lat' dir='ltr'><strong>liollaudia)</strong></span> <span class='ocrx_word' id='word_1_349' title='bbox 1752 4270 1803 4321; x_wconf 90' lang='lat' dir='ltr'><strong>in</strong></span> <span class='ocrx_word' id='word_1_350' title='bbox 1822 4270 1905 4323; x_wconf 83' lang='lat' dir='ltr'><strong>die</strong></span> <span class='ocrx_word' id='word_1_351' title='bbox 1926 4271 2277 4323; x_wconf 79' lang='lat' dir='ltr'><strong>Exaltationis</strong></span> <span class='ocrx_word' id='word_1_352' title='bbox 2294 4273 2347 4323; x_wconf 87' lang='lat' dir='ltr'><strong>S.</strong></span> <span class='ocrx_word' id='word_1_353' title='bbox 2366 4270 2545 4321; x_wconf 78' lang='lat' dir='ltr'><strong>Crucis</strong></span> <span class='ocrx_word' id='word_1_354' title='bbox 2566 4274 2681 4322; x_wconf 84' lang='grc'>1891</span> 
     </span>
    </p>
   </div>
   <div class='ocr_carea' id='block_1_4' title="bbox 2242 4505 2414 4562">
    <p class='ocr_par' dir='ltr' id='par_1_7' title="bbox 2242 4505 2414 4562">
     <span class='ocr_line' id='line_1_38' title="bbox 2242 4505 2414 4562; baseline 0.006 -2"><span class='ocrx_word' id='word_1_355' title='bbox 2242 4506 2305 4562; x_wconf 77' lang='lat' dir='ltr'><strong>lt.</strong></span> <span class='ocrx_word' id='word_1_356' title='bbox 2349 4505 2414 4561; x_wconf 85' lang='lat' dir='ltr'><strong>C.</strong></span> 
     </span>
    </p>
   </div>
  </div>
 </body>
</html>
