3050 5184
324 295 441 354 348
523 311 597 355 ne
638 311 775 356 ver.
812 310 1064 356 resurr.
1098 309 1290 354 uerus
1312 306 1673 374 nrnAcricis.
1700 326 1779 336 —-
1808 309 1938 356 mr.
1971 311 2029 354 v.
2061 298 2117 355 1.
2147 310 2224 354 ne
2262 312 2436 356 meno
2477 311 2822 357 samm-rua.

402 445 462 502 Ξ.
494 475 572 486 -
602 445 777 504 Liber
810 445 1155 522 Sapientiae
1194 441 1384 502 titulo
1420 457 1608 501 suum
1646 447 2088 519 argumentum
2111 443 2378 516 indicat,
2411 444 2654 522 integer
2679 444 2826 504 enim

325 538 403 598 de
432 557 615 600 verae
640 540 984 618 sapientiae
1012 538 1286 618 origine,
1324 537 1686 611 effectibuS‚
1719 540 2018 616 praemiis
2047 544 2294 601 tractat.

390 654 441 705 A
466 653 673 724 graecis
703 652 978 722 Patribus,
1009 652 1091 708 uti
1113 665 1278 723 supra
1302 649 1416 706 iam
1444 648 1703 720 diximus,
1731 648 1882 708 haud
1905 667 2034 708 raro
2059 651 2089 720 ὴ
2113 654 2378 724 πανάρειος
2406 654 2549 724 σοφία
2571 653 2658 710 vel
2683 651 2715 720 ἢ
2741 653 2831 704 θεία

322 739 484 808 σοφία,
513 740 574 794 in
598 737 955 796 alexandrina
980 739 1230 794 versione
1244 737 1398 809 Σοφία
1414 736 1744 808 Σαλομῶντος
1763 742 1858 806 (lt.
1886 740 2164 812 Sapientia
2189 741 2538 810 Salomonis),
2565 741 2620 796 in
2643 740 2830 814 syriaca

326 847 349 876 ct
382 827 552 883 Liber
576 843 813 902 magnae
838 827 1149 899 Sapientiae
1176 825 1513 894 Salomonis,
1562 825 1659 881 filii
1701 826 1884 882 David
1931 849 1954 878 υ
2006 830 2330 901 appellatur.
2363 829 2640 901 Sapientia
2666 837 2832 884 autem

322 916 533 970 auctori
573 915 866 987 praecipue
894 914 1123 986 quidem
1168 922 1251 970 est
1270 915 1549 987 practica
1589 914 1695 970 Dei
1733 913 2063 988 divinaeque
2101 917 2398 972 voluntatis
2439 909 2832 990 cognitio,‘qua

322 1001 490 1059 homo
529 1003 662 1075 quid
700 1007 821 1059 Deo
862 1011 1149 1074 acceptum
1174 1003 1246 1057 sit
1272 1001 1502 1057 edoctus
1529 1002 1587 1056 in
1617 1003 1878 1072 operibus
1913 1003 2028 1058 suis
2067 1003 2145 1060 ita
2173 1003 2448 1076 dirigitur,
2480 1013 2544 1060 ut
2583 1003 2836 1060 amicitiae

321 1089 541 1145 divinae
569 1091 871 1163 salutisque
912 1099 1167 1148 aeternae
1196 1091 1467 1161 particeps
1494 1087 1592 1145 fiat
1620 1088 1723 1156 (cfr
1749 1094 1780 1158 §
1811 1095 1896 1147 12.
1935 1097 2001 1160 1).
2031 1093 2225 1164 Neque
2251 1100 2439 1148 tamen
2463 1093 2835 1166 speculativam

322 1176 484 1247 plane
507 1178 761 1250 negligit,
796 1194 937 1251 quae
977 1193 1067 1234 res
1110 1177 1322 1233 divinas
1362 1186 1420 1232 et
1460 1184 1676 1233 creatas
1723 1177 2038 1234 considerat
2079 1188 2135 1234 et
2175 1195 2240 1235 ex
2292 1182 2490 1238 creatis
2533 1179 2605 1236 ad
2643 1179 2838 1235 divinas

322 1263 586 1321 ascendit.
621 1268 874 1338 Utraque
900 1275 1119 1331 autem,
1148 1265 1389 1338 practica
1414 1273 1471 1320 et
1494 1265 1830 1336 speculativa
1847 1307 1861 1333 ,
1890 1267 1942 1321 ei
1971 1275 2054 1322 est
2081 1267 2428 1339 participatio
2464 1267 2736 1324 increatae
2755 1283 2832 1322 sa-

322 1352 585 1422 pientiae,
620 1370 727 1425 qua
771 1356 924 1410 Deus
959 1354 1145 1409 omnia
1171 1351 1417 1409 condidit
1446 1361 1501 1408 et
1530 1351 1830 1424 gubernat,
1863 1353 1995 1409 hinc
2021 1354 2113 1424 fit,
2146 1363 2210 1410 ut
2249 1354 2318 1411 de
2345 1355 2591 1411 increata
2634 1369 2836 1427 quoque

322 1441 585 1510 sapientia
616 1442 899 1498 interdum
924 1448 1083 1510 agat,
1111 1456 1236 1497 eam
1262 1448 1450 1496 autem
1474 1439 1789 1496 describens
1815 1441 2107 1512 aliquoties
2138 1442 2246 1498 illis
2275 1451 2464 1498 utatur
2490 1441 2838 1516 expressioni-

320 1527 452 1596 buS‚
486 1545 627 1600 quae
666 1529 772 1585 nisi
798 1528 868 1585 de
910 1529 1173 1602 sapientia
1201 1527 1496 1598 notionali‚
1526 1528 1567 1583 i.
1597 1543 1647 1583 e.
1675 1527 1744 1584 de
1782 1528 1967 1585 Verbo
1995 1531 2126 1596 Dei,
2157 1530 2556 1602 intelligantur,
2591 1539 2714 1603 apte
2739 1543 2838 1584 non

320 1615 660 1686 explicantur
683 1621 831 1685 (7,22
860 1633 1015 1689 sqq.;
1047 1622 1133 1681 9,1
1168 1621 1334 1689 sqq.).
1373 1635 1396 1667 ε
1429 1615 1708 1688 Sapientia
1735 1637 1760 1668 n
1795 1616 1963 1691 igitur
1981 1618 2186 1690 optime
2209 1618 2518 1689 appellatur
2545 1618 2701 1688 liber,
2726 1617 2839 1690 quia

323 1702 390 1758 de
419 1705 570 1760 omni
596 1704 712 1760 fere
738 1705 1011 1776 sapientia
1040 1705 1173 1777 agit.

402 1845 461 1904 3.
490 1879 569 1889 —-
597 1846 958 1906 Secundum
980 1850 1301 1906 externam
1326 1845 1471 1905 libri
1494 1845 1762 1906 formam
1783 1846 1944 1908 duae
1966 1852 2175 1925 partes
2195 1851 2341 1926 apte
2357 1846 2838 1925 distinguuntur.

326 1945 633 2016 quatenus
667 1943 731 2002 in
760 1943 969 2021 priore
1014 1941 1345 2022 (1‚1-6‚23)
1374 1946 1590 2002 auctor
1612 1943 1748 2019 ipse
1773 1941 2072 2020 loquitur,
2105 1943 2170 2003 in
2214 1943 2410 2004 altera
2453 1941 2840 2022 (eat-1920)

325 2037 720 2099 Salomonem
744 2039 1111 2117 loquentem
1140 2038 1505 2099 introducit.

396 2151 460 2206 In
500 2167 723 2208 Pnronss
754 2168 951 2210 unm
994 2155 1278 2220 (1‚1-6,23)
1310 2158 1521 2207 auctor
1537 2153 1842 2226 principes
1870 2152 1958 2209 ad
1993 2153 2335 2208 sectandam
2373 2155 2681 2210 iustitiam
2711 2152 2765 2220 (i.
2789 2167 2839 2205 e.

322 2240 687 2309 sapientiam
708 2243 1063 2312 practicam)
1092 2240 1463 2296 exhortatur.

397 2333 443 2381 1.
481 2330 666 2398 Atque
694 2328 1021 2399 praeprimis
1062 2329 1229 2384 animi
1270 2327 1684 2398 dispositionem
1726 2327 2010 2396 describit,
2040 2344 2182 2400 quae
2219 2328 2292 2384 ad
2319 2345 2445 2386 eam
2476 2325 2844 2400 accipiendam

570 2414 876 2486 requiritur
915 2421 1229 2484 (1,2-2,25).
1259 2448 1333 2457 —
1354 2415 1764 2472 Abstinendum
1805 2415 1951 2472 enim
1993 2424 2075 2471 est
2113 2432 2146 2471 a
2184 2417 2368 2486 pravis
2409 2416 2837 2489 cogitationibus.

568 2503 938 2571 sermonibus,
970 2503 1228 2575 operibus
1256 2508 1521 2574 (1,2-16);
1549 2519 1680 2560 nam
1707 2512 2055 2576 peccatores,
2079 2503 2175 2576 qui
2202 2503 2627 2560 immortalitate
2654 2510 2842 2576 negata

569 2589 711 2645 vitiis
738 2605 856 2645 sese
880 2589 1094 2645 dedunt
1121 2591 1437 2662 iustumque
1466 2591 1818 2662 opprimunt,
1850 2588 2205 2646 vehementer
2233 2599 2424 2646 errant
2450 2593 2712 2659 (zi-25).

393 2683 446 2732 2.
466 2677 807 2749 comparatis
820 2679 1093 2734 iustorum
1111 2673 1552 2749 iniustorumque
1565 2677 1804 2733 sortibus
1823 2677 2175 2733 commendat
2191 2679 2520 2749 sapientiam
2539 2683 2618 2745 (3,
2631 2681 2837 2744 1-5,24).

626 2766 784 2834 Iusti,
800 2767 1013 2822 etiamsi
1034 2766 1103 2822 ab
1122 2765 1337 2821 iniustis
1352 2765 1689 2838 affligantur,
1709 2765 1893 2821 felices
1906 2774 2056 2834 sunt,
2076 2764 2321 2821 infelices
2335 2774 2518 2822 autem
2537 2775 2846 2838 peccatores

568 2857 823 2924 (3‚1-19);
853 2853 979 2910 felix
1008 2869 1229 2925 quoqne
1251 2853 1524 2908 iustorum
1553 2867 1723 2920 ωσι-3,
1753 2851 1968 2907 etiamsi
1995 2853 2067 2908 sit
2094 2861 2468 2925 praematura,
2499 2852 2692 2909 infelix
2716 2867 2840 2908 sem-

568 2958 666 3014 per
687 2957 839 2998 mors
863 2949 1215 3014 peccatorum
1240 2944 1504 3010 (4,1-20);
1534 2939 1804 2995 iustorum
1827 2947 2176 2996 mortuorum
2199 2939 2424 2996 demum
2447 2955 2571 2996 sors
2596 2941 2840 3014 gloriosa,

569 3029 781 3087 funesta
808 3045 930 3085 sors
957 3030 1251 3101 impiorum
1281 3037 1405 3099 post
1426 3036 1667 3082 mortem
1690 3031 1944 3095 (5,1-24).

394 3124 446 3173 3.
482 3117 637 3186 Quae
669 3133 840 3189 quum
868 3118 1053 3172 omnia
1092 3116 1158 3172 ad
1190 3115 1463 3187 principes
1500 3115 1739 3170 maxime
1771 3114 2108 3185 pertineant,
2140 3131 2236 3172 eos
2278 3117 2606 3187 praeprimis
2644 3115 2714 3173 ad
2755 3131 2840 3172 sa-

568 3205 831 3276 pientiam
858 3203 1181 3261 sectandam
1208 3204 1402 3258 invitat
1429 3206 1678 3271 (6‚1-23).

396 3293 461 3347 In
498 3309 733 3350 ALTERA
760 3309 956 3350 PARTE
995 3295 1360 3360 (6‚24-19,20)
1402 3290 1716 3355 Salomon,
1762 3290 1854 3362 qui
1895 3291 2127 3362 loquens
2167 3289 2466 3360 inducitur,
2513 3294 2844 3365 sapientiae

324 3380 533 3436 laudes
562 3380 839 3435 celebrat.
1953 3421 1958 3425 .

400 3477 446 3522 1.
481 3469 742 3524 Salomon
770 3468 959 3532 docet,
992 3466 1271 3539 quomodo
1298 3467 1415 3538 ipse
1442 3465 1768 3538 sapientiam
1807 3465 1879 3521 sit
1905 3474 2194 3522 assecutus
2230 3469 2584 3536 (6,24-9,19).
2619 3499 2687 3509 —-
2715 3470 2844 3524 Pro-

576 3556 755 3626 posito
786 3555 949 3610 huius
977 3555 1147 3627 partis
1172 3555 1419 3610 themate
1448 3558 1720 3620 (caet-27)
1761 3569 1820 3608 se
1859 3569 1986 3609 eam
2014 3551 2264 3623 precibus
2306 3570 2338 3609 a
2372 3557 2492 3610 Deo
2529 3555 2842 3626 impetrasse

568 3645 627 3699 in
648 3658 849 3716 genere
867 3642 1031 3699 docet
1048 3647 1293 3711 (7,1-14).
1315 3640 1531 3698 Deinde
1552 3642 1670 3696 eius
1683 3640 1961 3697 attributis
1977 3639 2356 3713 fructibusque
2371 3641 2662 3713 descriptis
2675 3647 2841 3710 (⁷2¹5-

568 3737 681 3799 8‚1)
710 3731 1021 3788 accuratius
1056 3731 1317 3801 explicat,
1346 3727 1628 3800 quomodo
1669 3737 1949 3799 permotus
1977 3729 2076 3794 sit,
2107 3737 2170 3784 ut
2199 3745 2321 3784 eam
2351 3745 2382 3786 a
2415 3732 2538 3785 Deo
2565 3739 2838 3803 expeteret

570 3824 825 3888 (sa-21),
859 3819 1338 3890 precationemque
1364 3815 1593 3888 repetit,
1621 3831 1729 3887 qua
1767 3831 1888 3872 eam
1917 3816 2233 3888 impetravit
2263 3821 2518 3886 (9,1-19).

391 3916 445 3966 2.
477 3915 575 3965 Ex
615 3909 868 3963 historia
911 3905 1277 3962 demonstrat
1317 3905 1643 3962 utilitatem
1685 3905 2018 3976 sapientiae
2059 3907 2443 3972 (10,1-19,20).
2479 3936 2552 3946 --
2578 3904 2842 3978 Sapientia

572 3997 719 4052 enim
748 3995 1087 4068 patriarchas
1110 3993 1181 4049 ad
1211 3993 1424 4048 felicem
1454 3993 1623 4047 finem
1645 3991 1902 4063 perduxit
1931 3995 2191 4060 (loa-14)
2222 4001 2387 4065 atque
2414 3994 2588 4050 iustos
2609 3992 2842 4055 adiuvat,

568 4088 625 4144 id
657 4087 806 4160 quod
848 4096 1061 4144 constat
1103 4101 1275 4158 quum
1311 4085 1637 4141 liberatione
1667 4085 2042 4140 Israelitarum
2082 4100 2148 4139 ex
2175 4091 2429 4158 Aegypto
2459 4085 2845 4154 miraculisque

570 4193 671 4248 pro
718 4177 797 4232 eis
841 4177 897 4231 in
923 4175 1141 4231 deserto
1170 4173 1403 4246 patratis
1432 4177 1827 4242 (10,15-1l,4),
1861 4180 1978 4227 tum
2018 4173 2208 4242 poenis
2244 4173 2645 4246 Aegyptiorum
2675 4177 2842 4239 (¹15-

571 4271 717 4332 122)
760 4273 816 4320 et
841 4264 1300 4321 chananaeorum
1333 4260 1752 4316 idololatrarum
1796 4263 2076 4329 (iza-27).
2114 4291 2182 4300 —
2219 4260 2570 4316 idololatriae
2609 4273 2840 4316 comme·

572 4355 811 4410 moratio
836 4350 1143 4424 longiorem
1164 4357 1431 4417 provocat
1454 4347 1853 4420 digressionem
1879 4346 1948 4404 de
1979 4348 2210 4404 stultitia
2236 4349 2416 4405 cultus
2445 4349 2837 4404 elementorum

570 4440 927 4510 siderumque
960 4441 1218 4508 (13,1-9),
1254 4437 1323 4492 de
1352 4435 1617 4501 stultitia,
1647 4435 1889 4505 malitia,
1921 4434 2122 4493 futuris
2149 4435 2340 4508 poenis
2367 4435 2553 4492 cultus
2579 4435 2842 4491 idolorum

578 4528 998 4596 (13,10-14,11).
1024 4525 1311 4596 originem
1331 4522 1534 4578 deinde
1561 4523 1740 4578 cultus
1759 4523 2062 4596 imaginum
2090 4522 2379 4579 hominum
2405 4523 2633 4595 eiusque
2651 4521 2840 4578 damna

573 4613 835 4670 describit
874 4615 1168 4685 (14,12-31)
1212 4620 1377 4685 atque
1404 4609 1568 4667 honis
1597 4609 1866 4666 fructibus
1894 4626 2052 4667 verae
2085 4608 2366 4681 religionis
2393 4611 2621 4682 opponit
2651 4611 2844 4665 iterum
