3050 5184
686 335 761 380 nn
800 335 1021 389 omni-1
1066 337 1383 382 annuam
1426 338 1567 383 rme
1610 339 1683 384 m·
1727 333 2178 384 ossum-rmus.
2581 311 2696 371 505

182 463 435 535 principio
456 464 565 522 iam
590 467 851 538 proponit
881 489 895 525 ε
931 489 957 520 α
988 468 1225 526 vidimus
1260 469 1497 540 gloriam
1534 470 1654 526 eius
1691 471 1848 542 quasi
1887 467 2174 540 Unigeniti
2198 480 2231 521 a
2266 467 2434 520 Patre
2471 481 2498 512 n
2529 463 2697 527 (1,14)

180 565 399 622 eamque
427 555 613 609 statim
630 553 1015 612 demonstrare
1034 556 1354 629 aggreditur
1372 557 1704 614 testimoniis
1724 556 1947 615 Ioannis
1977 559 2140 626 Bapt.
2169 556 2338 620 (134)
2373 550 2700 622 primorum-

180 654 277 708 que
298 637 691 711 discipulorum
723 647 891 710 (1,41.
920 649 1011 700 45.
1055 646 1169 716 49),
1197 644 1399 717 quibus
1435 643 1685 718 adiungit
1722 644 1960 716 primum
1999 641 2348 706 miraculum,
2395 653 2504 709 quo
2549 637 2700 690 Iesus

184 746 205 774 ι
232 726 602 784 manifestavit
631 730 868 801 gloriam
891 747 1048 787 suam
1078 752 1103 784 n
1139 736 1330 801 (2‚11).
1370 736 1439 789 In
1470 754 1494 786 α
1529 733 1696 789 domo
1726 733 1904 790 Patris
1931 732 2016 788 sui
2057 752 2082 782 n
2116 729 2300 786 eiectis
2336 722 2700 780 vendentibus

180 825 514 883 provocatus,
540 825 605 872 ut
633 818 793 892 signo
820 834 981 875 suam
1016 819 1263 876 divinam
1292 820 1614 877 missionem
1651 820 1932 892 probaret,
1961 818 2205 875 futuram
2229 829 2388 872 suam
2417 825 2697 868 resurrec-

178 901 373 958 tionem
394 911 682 976 tamquam
706 907 1015 963 maximum
1035 908 1255 979 signum
1282 909 1391 963 iam
1416 907 1688 978 praedicit
1717 913 1888 975 (2.16.
1921 913 2006 964 18.
2037 911 2146 973 22).
2169 907 2366 960 Coram
2396 897 2698 957 Nicodemo

176 988 403 1061 seipsum
429 990 677 1049 declarat
702 995 907 1050 Filium
929 995 1033 1051 Dei
1062 1011 1095 1050 a
1122 996 1287 1051 Patre
1312 995 1563 1064 missum,
1597 1003 1661 1050 ut
1689 995 1890 1062 omnis,
1923 994 2020 1066 qui
2055 992 2235 1049 credit
2263 991 2322 1047 in
2347 989 2558 1060 ipsum,
2583 1001 2697 1040 non

177 1086 353 1146 pereat
400 1081 547 1149 (3,ss
576 1085 745 1152 sqq.),
786 1097 954 1153 quam
996 1081 1435 1139 declarationem
1462 1083 1816 1156 Evangelista
1849 1083 2026 1138 altero
2067 1080 2346 1151 Baptistae
2379 1073 2698 1132 testimonio

176 1166 457 1222 confirmat
478 1169 668 1240 (3,31).
696 1168 862 1224 Nulla
890 1169 949 1224 in
974 1178 1094 1224 toto
1119 1169 1259 1226 libro
1282 1169 1465 1226 maior
1489 1179 1574 1226 cst
1593 1171 1868 1242 pericope,
1899 1169 1957 1225 in
1986 1184 2092 1240 qua
2121 1175 2218 1223 aut
2243 1182 2276 1222 a
2305 1169 2432 1222 lesu
2456 1164 2576 1235 ipso
2604 1169 2700 1216 aut

175 1251 237 1307 ab
266 1253 388 1309 aliis
414 1255 767 1311 messianitas
786 1265 842 1312 et
867 1255 1129 1312 divinitas
1156 1257 1275 1313 eius
1300 1274 1415 1314 non
1443 1265 1726 1313 asseratur
1747 1255 1998 1328 fidesque
2024 1257 2081 1311 in
2101 1271 2229 1311 eum
2253 1252 2558 1308 necessaria
2583 1264 2698 1304 non

176 1340 531 1406 praedicetur.
566 1343 631 1399 In
663 1343 935 1414 passionis
973 1343 1203 1400 historia
1242 1345 1483 1417 antiquis
1516 1344 1794 1400 vaticiniis
1831 1353 2068 1400 mortem
2106 1341 2332 1397 Domini
2365 1334 2698 1409 respondere

172 1427 404 1484 ostendit
424 1431 625 1500 (12,15.
656 1437 745 1487 38.
767 1437 865 1500 4ος
894 1436 1081 1501 13,18;
1108 1438 1286 1502 1934.
1308 1439 1400 1489 28.
1424 1438 1511 1488 36.
1537 1437 1645 1500 37),
1667 1440 1834 1505 atque
1857 1433 2040 1488 lesum
2057 1437 2296 1486 mortem
2315 1425 2594 1484 liberrime
2611 1439 2698 1480 su-

175 1513 321 1571 biisse
345 1515 697 1574 demonstrat
727 1521 875 1586 (18‚4
900 1533 1055 1590 sqq.3
1088 1525 1153 1576 32
1180 1536 1335 1592 sqq.;
1367 1526 1527 1588 19‚1o
1556 1535 1667 1593 sq.;
1693 1525 1764 1576 28
1793 1523 1962 1591 sqq.).

231 1605 393 1661 Hunc
438 1607 773 1676 peculiarem
806 1607 1094 1679 Evangelii
1118 1607 1495 1665 characterem
1520 1617 1576 1663 et
1601 1609 1774 1664 tinem
1799 1607 1970 1663 etiam
1993 1622 2188 1663 omnes
2206 1611 2461 1662 asserunt
2482 1604 2693 1657 Patres,

175 1711 197 1740 a
218 1691 447 1761 Nullus,
476 1695 655 1766 inquit
686 1695 969 1766 Oriqenes
1006 1696 1083 1762 (in
1111 1697 1251 1751 Ioan
1275 1698 1321 1750 1.
1360 1700 1435 1763 6),
1466 1695 1946 1768 Evangelistarum
1981 1692 2122 1750 adeo
2159 1708 2298 1765 pure
2329 1688 2699 1748 manifestavit

174 1780 287 1835 lesu
314 1779 687 1850 divinitatem,
710 1790 774 1837 ut
800 1783 1036 1839 loannes
1063 1802 1089 1834 n
1110 1804 1125 1850 ς
1150 1783 1200 1838 ei
1226 1791 1515 1855 tamquam
1544 1782 1791 1854 digniori
1817 1789 2160 1838 reservatum
2191 1779 2386 1846 fuisse,
2411 1787 2477 1834 ut
2503 1792 2536 1832 a
2557 1775 2696 1832 divi-

172 1867 331 1924 nitate
360 1870 492 1924 Iesu
525 1878 748 1940 caperet
778 1869 1018 1934 initium,
1050 1880 1237 1926 censet
1264 1871 1557 1926 Eusebius
1586 1872 1678 1938 (H.
1711 1872 1774 1926 Ε.
1809 1872 1912 1926 111.
1941 1873 2062 1938 24),
2094 1883 2223 1924 eum
2257 1888 2278 1920 ι
2313 1866 2383 1923 de
2415 1864 2697 1921 divinitate

170 1955 465 2012 Salvatoris
490 1955 655 2012 altius
692 1956 935 2013 scribere
963 1965 1021 2012 et
1042 1957 1113 2013 ad
1142 1958 1323 2029 ipsum
1354 1958 1602 2014 Verbum
1629 1973 1744 2012 non
1772 1965 1888 2012 tam
1917 1956 2134 2025 audaci,
2163 1970 2333 2027 quam
2361 1952 2506 2010 felici
2528 1961 2698 2007 teme·

172 2041 319 2098 ritate
354 2059 723 2116 prorumpere
755 2065 807 2112 »,
838 2052 1028 2100 monet
1050 2045 1107 2101 S.
1134 2049 1529 2115 Hieronymus
1559 2046 1636 2111 (in
1663 2043 1863 2100 Matth.
1895 2043 2099 2114 Prol.),
2129 2051 2296 2115 atquc
2323 2045 2382 2099 S.
2412 2040 2698 2113 Auyusti-

170 2146 289 2194 nus,
323 2151 348 2181 a
384 2141 505 2186 tres
536 2131 748 2201 priores
780 2131 1161 2206 Evangelistas
1192 2142 1483 2205 tamquam
1519 2147 1648 2188 eum
1685 2131 1912 2188 homine
1949 2131 2192 2186 Domino
2231 2131 2290 2186 in
2324 2138 2470 2185 terra
2511 2127 2698 2184 deam-

170 2216 379 2275 bulasse
420 2227 480 2273 et
514 2218 585 2275 de
622 2218 911 2275 divinitate
938 2234 1115 2291 pauca
1144 2219 1367 2288 dixisse,
1402 2221 1671 2276 Ioannem
1714 2227 1902 2275 autem
1943 2235 2059 2274 non
2095 2218 2277 2274 solum
2302 2232 2469 2288 super
2492 2223 2698 2272 terram

171 2321 277 2361 sese
313 2306 583 2375 erexisse,
628 2307 725 2363 sed
754 2308 921 2362 etiam
968 2322 1136 2378 super
1171 2322 1395 2363 omnem
1433 2308 1738 2362 exercitum
1775 2307 2116 2378 Angelorum
2159 2313 2216 2360 et
2241 2304 2315 2360 ad
2344 2318 2472 2360 eum
2504 2317 2698 2374 perve-

172 2393 330 2456 nisse,
364 2409 471 2466 per
489 2408 657 2465 quem
683 2393 826 2450 facta
854 2394 966 2450 sint
992 2394 1181 2451 omnia
1208 2415 1234 2447 n
1269 2394 1345 2465 (in
1371 2397 1525 2451 loan.
1561 2402 1724 2450 tract.
1749 2400 1846 2460 363
1875 2393 1944 2449 de
1969 2397 2137 2449 Gons.
2165 2393 2374 2464 Evang.
2400 2394 2444 2447 1.
2467 2397 2544 2458 4).
2570 2391 2700 2460 Qui·

171 2479 393 2537 boscum
430 2482 838 2538 consentientes
876 2482 1139 2538 Clemens
1173 2483 1347 2538 Alex.
1378 2484 1536 2552 (EuS.
1571 2483 1642 2538 H.
1673 2482 1736 2537 E.
1771 2483 1869 2536 Vl.
1906 2487 2018 2550 14),
2049 2483 2108 2538 S.
2139 2481 2441 2552 Epliraem
2469 2481 2695 2550 (Evang.

167 2567 424 2624 concord.
450 2583 640 2639 expos.
672 2585 727 2641 p.
762 2575 909 2638 286),
942 2570 999 2626 S.
1034 2569 1411 2643 Epiphanius
1440 2571 1631 2636 (Haer.
1667 2574 1853 2638 51,19)
1887 2584 2014 2624 eum
2050 2567 2326 2639 prioribus
2353 2565 2695 2638 Evangeliis,

168 2671 296 2727 quae
316 2656 629 2712 humanam
656 2657 835 2728 magis
870 2665 1129 2713 naturam
1156 2656 1359 2713 Christi
1387 2665 1662 2730 spectant,
1697 2676 1724 2708 α
1750 2654 2034 2730 spirituale
2071 2655 2431 2728 Evangelium
2467 2673 2493 2705 n
2536 2652 2698 2709 addi-

168 2743 302 2799 disse
329 2741 557 2800 docent.

234 2897 292 2954 9.
320 2927 406 2939 -
436 2895 843 2972 Evangelium
880 2899 1095 2955 autem
1135 2913 1323 2956 suum
1362 2895 1423 2955 S.
1462 2897 1724 2957 Ioannes
1757 2913 1884 2957 non
1932 2894 2264 2973 neophytis
2306 2896 2591 2954 recenter
2631 2893 2696 2952 in

168 2991 503 3051 Ecclesiam
550 2990 848 3067 receptiS,
885 2991 995 3051 sed
1044 2992 1326 3052 ecclesiis
1367 2991 1496 3052 iam
1544 2992 1772 3052 adultis
1821 2992 2002 3052 Asiae
2043 2992 2188 3052 Min.
2223 2990 2596 3057 destinavit,
2627 2993 2698 3048 ut

166 3104 261 3148 eas
288 3091 511 3148 contra
540 3086 816 3148 Cerinthi
844 3087 1239 3165 aliorumque
1263 3086 1730 3150 haereticorum
1756 3105 1998 3149 errores
2039 3091 2182 3148 tum
2211 3087 2518 3165 temporis
2550 3085 2696 3163 pul-

166 3183 431 3243 lulantes
460 3183 911 3261 praemuniret.
946 3185 1079 3243 Hoc
1108 3183 1279 3244 enim
1307 3184 1564 3245 tradunt
1583 3186 1799 3244 Patres
1830 3187 1894 3244 et
1913 3185 2244 3244 confirmat
2259 3184 2402 3244 libri
2427 3182 2692 3243 indoles.

228 3306 283 3362 Si
304 3311 571 3377 quartum
600 3304 965 3376 Evangelium
988 3320 1119 3361 cum
1141 3303 1359 3360 duobus
1381 3304 1605 3377 primis,
1633 3321 1870 3376 quorum
1899 3321 2074 3360 unum
2111 3305 2580 3372 messianitatem,
2611 3303 2695 3359 al-

162 3401 339 3448 terum
370 3390 717 3447 divinitatem
745 3393 870 3448 lesu
899 3390 1281 3448 demonstrare
1310 3393 1505 3460 voluit,
1542 3401 1800 3448 accurate
1823 3407 2232 3464 comparamuS,
2265 3394 2436 3448 latere
2463 3408 2566 3448 nos
2583 3408 2696 3448 non

166 3487 361 3547 potest,
410 3478 549 3533 alios
574 3478 802 3534 omnino
841 3479 1083 3535 lectores
1108 3494 1141 3535 a
1170 3479 1451 3536 Matthaeo
1492 3487 1593 3536 aut
1619 3481 1840 3542 Marco,
1875 3480 2016 3535 alios
2057 3497 2090 3536 a
2130 3484 2336 3537 Ioanne
2365 3495 2496 3551 prae
2525 3480 2697 3536 oculis

166 3566 389 3634 haberi,
416 3566 643 3621 omnino
669 3566 839 3622 aliam
862 3564 1011 3621 enim
1036 3565 1453 3622 demonstrandi
1475 3565 1807 3624 methodum
1822 3574 2032 3623 tenent.
2055 3568 2374 3624 Matthaeus
2387 3567 2698 3640 neophytos

170 3653 397 3712 ludaeos
420 3654 478 3708 in
496 3652 608 3709 fide
624 3653 1054 3710 confirmaturus
1076 3654 1401 3725 impletione
1424 3654 1810 3710 vaticiniorum
1833 3655 2018 3710 Iesum
2037 3671 2166 3712 vere
2193 3672 2312 3711 esse
2343 3656 2602 3710 Messiam
2639 3655 2698 3710 in

168 3741 303 3814 Lege
340 3741 677 3812 promissum
713 3739 989 3809 ostendit,
1022 3748 1188 3813 atque
1235 3743 1483 3810 Marcus,
1523 3751 1588 3796 ut
1612 3741 1924 3814 neophytos
1961 3742 2210 3798 ethnicos
2250 3743 2309 3797 in
2341 3742 2450 3797 fide
2489 3739 2696 3798 confir-

166 3839 291 3898 met,
322 3827 607 3884 miraculis
634 3829 911 3899 congestis
940 3830 1065 3883 lesu
1090 3825 1337 3884 divinam
1363 3836 1698 3899 potestatem
1721 3827 2085 3901 divinumque
2112 3828 2426 3886 dominium
2461 3828 2694 3885 demon-

164 3924 315 3972 strat.
336 3919 414 3971 At
437 3915 675 3970 loannes
690 3915 972 3971 rarissime
994 3916 1059 3982 (si
1079 3916 1346 3987 passionis
1371 3915 1602 3972 historia
1617 3916 1908 3988 excipitur)
1933 3916 2194 3972 vaticinia
2209 3917 2434 3988 impleta
2453 3915 2698 3972 ostendit

164 4011 217 4058 et
242 4001 502 4075 pauciora
520 4044 535 4068 ,
568 4017 737 4074 quam
764 4002 908 4058 ullus
936 4002 1079 4057 alius
1108 4002 1489 4074 Evangelista,
1520 4002 1790 4060 miracula
1819 4003 2012 4072 affert;
2047 4003 2145 4060 sed
2173 4005 2403 4060 Domini
2427 4003 2596 4070 ipsius
2625 4003 2695 4060 de

164 4106 257 4146 sua
279 4090 465 4146 divina
491 4099 689 4145 natura
717 4088 1035 4145 testimonia
1075 4088 1560 4162 professionesque
1597 4089 1750 4159 fidei,
1799 4090 2000 4162 quibus
2027 4093 2265 4150 Ioannes
2306 4094 2392 4161 B.,
2423 4092 2696 4163 Apostoli,

172 4177 384 4250 integer
405 4177 643 4249 populus
681 4175 801 4232 eius
845 4177 1279 4232 messianitatem
1328 4186 1604 4246 asserunt,
1647 4179 1707 4233 in
1757 4178 2004 4233 medium
2051 4176 2324 4250 producit.
2374 4179 2698 4236 Lectoribus

172 4263 335 4334 igitur
360 4263 599 4334 scripsit,
628 4261 828 4334 quibus
856 4262 1023 4319 verba
1044 4262 1292 4329 Domini,
1319 4263 1546 4321 loannis
1575 4266 1666 4332 B.,
1697 4265 2098 4336 Apostolorum
2131 4265 2355 4322 maioris
2383 4275 2542 4324 erant
2567 4283 2696 4324 auc·

168 4349 433 4418 totitatis,
470 4365 640 4421 quam
674 4351 1075 4407 miraculorum
1102 4351 1381 4418 narratio,
1410 4352 1449 4408 i.
1482 4367 1532 4408 e.
1580 4351 1912 4407 Christianis
1943 4352 2002 4408 in
2040 4351 2152 4410 fide
2179 4354 2412 4423 adultiS,
2445 4355 2542 4428 qui
2569 4371 2700 4412 con-

170 4445 256 4492 tra
282 4437 537 4494 haereses
564 4447 725 4494 erant
749 4439 1191 4508 praemuniendi.
1230 4440 1481 4509 Quorum
1511 4454 1764 4495 errorum
1793 4447 2049 4496 auctores
2078 4450 2238 4498 erant
2275 4443 2519 4512 perversi
2543 4443 2700 4501 Chri·

172 4525 351 4593 stiani,
375 4545 400 4578 «
432 4525 619 4597 quiex
649 4524 811 4581 nobis
840 4524 1181 4596 prodierunt,
1212 4526 1393 4598 inquit
1416 4528 1471 4582 S.
1508 4527 1762 4594 IoanneS‚
1791 4526 1889 4582 sed
1919 4543 2032 4584 non
2057 4538 2217 4586 erant
2241 4546 2308 4586 ex
2325 4530 2488 4588 nobis
2512 4553 2537 4584 n
2557 4573 2574 4601 ,
2605 4533 2698 4604 qui

178 4631 203 4662 ι
228 4621 488 4684 negantes
516 4611 667 4684 quod
695 4613 851 4669 lesus
876 4620 960 4670 est
987 4613 1241 4670 Christus
1272 4634 1297 4664 »
1334 4633 1360 4664 ax
1391 4623 1600 4686 negant
1625 4617 1847 4670 Patrem
1883 4625 1940 4671 et
1965 4617 2168 4673 Filium
2201 4639 2224 4669 ι
2263 4623 2310 4686 (1
2340 4620 2495 4676 loan.
2526 4626 2698 4690 2,19).
