3050 5184
538 352 613 396 DE
652 350 971 395 EVANGELu
1016 348 1326 394 SECUNDUM
1366 348 1743 393 urrunnu
1783 348 2156 394 AUTBENTIA.
2494 338 2614 397 459

139 480 251 534 quae
282 462 431 521 hodie
468 465 835 533 inveniuntur,
880 464 1153 519 rationem
1194 478 1299 519 nec
1348 463 1403 517 iu
1432 462 1564 533 ipsis
1605 462 1918 535 Evangeliis
1962 478 2063 519 nec
2106 464 2167 519 in
2213 464 2608 520 modernorum

136 551 449 622 interpretum
484 552 693 609 maiore
719 552 1047 624 sagacitate,
1070 549 1173 605 sed
1204 550 1265 604 in
1292 548 1762 607 rationalistarum
1802 548 2188 605 incredulitate
2217 558 2272 607 et
2302 550 2614 623 preludiciis

134 654 229 693 esse
249 639 625 709 quaerendam.

193 782 241 839 6.
269 814 337 825 -
366 782 493 841 Non
522 782 706 859 plane
752 781 1117 851 defuerunt,
1149 780 1291 858 qui,
1327 779 1444 839 etsi
1482 779 1894 857 Evangelium
1931 780 1995 839 in
2035 796 2264 858 genere
2305 778 2614 844 Matthaeo

127 876 326 936 auctori
353 878 793 951 attribuerent,
826 876 1153 938 historiam
1181 881 1391 937 'tamen
1425 874 1724 935 infantiae
1755 874 2007 935 Domini
2045 877 2103 935 ei
2143 876 2606 944 abiudicarent;

128 976 357 1033 attamen
382 976 512 1034 tam
536 974 779 1035 levibus
810 976 873 1033 et
900 972 1187 1033 futilibus
1215 971 1602 1049 argumentis
1632 971 1991 1043 utebantur,
2023 975 2094 1032 ut
2123 988 2344 1033 eorum
2371 976 2614 1033 senten-

128 1066 197 1125 tia
218 1067 389 1129 hodie
416 1071 497 1130 sit
524 1070 827 1131 obsoleta.

181 1164 397 1221 Exeunte
422 1166 641 1221 saeculo
674 1172 757 1221 18.
786 1164 1003 1236 Anglus
1024 1161 1250 1234 quidam
1279 1162 1570 1217 historiam
1587 1160 1852 1219 infantiae
1871 1177 1904 1217 a
1923 1162 2208 1219 Matthaeo
2236 1162 2610 1234 conscriptam

128 1264 217 1303 esse
248 1252 481 1323 negavit,
517 1268 683 1323 quem
721 1266 849 1307 mox
890 1250 1063 1306 secuti
1098 1258 1227 1305 sunt
1277 1249 1447 1321 aliqui
1484 1248 1780 1317 Germani,
1818 1251 1913 1321 qui
1954 1250 2124 1306 etiam
2159 1250 2506 1307 narrationes
2546 1248 2616 1305 de

128 1335 250 1391 Pilati
276 1354 437 1394 uxore
465 1339 698 1411 (27,19),
725 1337 797 1394 de
832 1346 1150 1393 sanctorum
1186 1336 1591 1393 resurrectione
1625 1340 1808 1405 (2752
1842 1342 1949 1409 sq.)
1983 1344 2040 1393 et
2069 1335 2140 1393 de
2172 1335 2496 1393 custodibus
2523 1351 2612 1393 se-

127 1422 267 1490 pulcri
304 1430 481 1494 (27,62
522 1442 671 1499 sqq.3
702 1430 849 1493 28,4.
884 1432 943 1481 11
979 1428 1125 1497 sqq.)
1156 1424 1214 1481 in
1255 1423 1486 1481 dubium
1524 1432 1812 1481 vocarunt.
1859 1424 2034 1484 Nimis
2073 1422 2417 1481 incredibilia
2464 1425 2611 1481 enim

128 1508 233 1565 haee
260 1513 331 1571 eis
355 1512 703 1583 videbantur,
732 1528 915 1585 neque
946 1512 1123 1583 prima
1147 1510 1260 1566 duo
1296 1510 1475 1581 capita
1515 1526 1645 1567 cum
1672 1512 1730 1568 S.
1755 1512 1938 1567 Lucae
1965 1511 2290 1568 narratione
2317 1512 2615 1567 conciliare

127 1608 365 1668 poterant,
394 1601 701 1657 monebant
735 1616 957 1674 quoque
970 1643 984 1669 ,
1016 1599 1305 1655 historiam
1342 1598 1606 1655 infantiae
1637 1599 1697 1655 in
1734 1598 2030 1672 Evangelio
2061 1599 2445 1655 Ebionitarum
2469 1608 2526 1655 et
2554 1600 2612 1655 in

125 1684 301 1743 Tatiani
319 1690 633 1745 Diatessaro
661 1688 899 1745 defuisse
927 1696 1093 1759 atque
1120 1688 1177 1741 in
1203 1686 1487 1743 nonnullis
1510 1684 1794 1743 codicibus
1821 1686 2034 1759 graecis
2059 1686 2446 1759 superstitibus
2473 1687 2614 1745 desi-

124 1770 285 1829 derari.
308 1776 487 1845 Quam
511 1777 662 1832 leves
692 1777 795 1833 hae
819 1774 1109 1832 dubitandi
1134 1774 1377 1830 rationes
1405 1772 1534 1841 sint,
1562 1773 1760 1843 agendi
1789 1773 1992 1831 modus
2019 1774 2419 1831 hodiernorum
2446 1776 2614 1833 ratio-

124 1860 401 1919 nalistarum
426 1864 803 1933 demonstrat,
829 1864 923 1935 qui
946 1862 1295 1919 narrationes
1321 1861 1447 1918 illas
1474 1862 1620 1918 inter
1651 1860 1866 1918 fabulas
1893 1861 2118 1933 quidem
2143 1863 2420 1936 relegant,
2455 1862 2554 1919 sed
2581 1880 2612 1919 a

124 1947 295 2020 reliquo
330 1952 623 2025 Evangelio
664 1966 922 2023 separare
956 1966 1071 2005 non
1110 1948 1347 2017 audent,
1385 1950 1515 2020 quia
1549 1950 1700 2005 idem
1731 1950 1804 2005 sit
1839 1950 1894 2004 in
1931 1957 2050 2005 toto
2093 1950 2272 2020 primo
2312 1951 2610 2022 Evangelio

121 2037 276 2105 stylus,
304 2038 449 2095 idem
476 2038 743 2095 narrandi
769 2037 999 2105 modus,
1029 2036 1178 2093 idem
1215 2037 1359 2093 finis.
1386 2038 1646 2093 Ceterum
1674 2036 1944 2093 Matthaei
1967 2045 2024 2091 et
2052 2038 2238 2093 Lucae
2265 2038 2613 2094 narrationes

123 2120 337 2182 facillime
368 2128 733 2183 conciliantur
770 2128 820 2194 (5
852 2131 945 2194 6,4
975 2141 1030 2195 p.
1074 2130 1229 2192 496),
1260 2123 1527 2181 Ebionaei
1556 2125 1626 2180 ob
1655 2140 1872 2181 errores
1904 2139 2034 2180 suos
2066 2124 2159 2180 illa
2189 2125 2367 2196 capita
2405 2126 2610 2181 reiece-

122 2219 247 2279 runt,
291 2215 553 2271 Tatianus
588 2222 775 2271 autem
807 2228 871 2268 ea
910 2212 1135 2281 habuit,
1174 2220 1231 2268 et
1264 2210 1486 2267 codices
1520 2212 1582 2267 in
1621 2211 1889 2267 auxilium
1927 2211 2106 2267 vocati
2139 2220 2256 2269 tam
2288 2214 2448 2284 pauci
2483 2221 2614 2267 sunt

122 2310 313 2357 numero
338 2311 539 2359 ettam
570 2316 773 2373 parvae
800 2300 1173 2369 auctoritatis,
1198 2308 1263 2355 ut
1288 2314 1483 2355 eorum
1508 2300 1630 2355 solo
1658 2299 1974 2356 testimonio
1999 2298 2142 2355 nihil
2169 2298 2311 2355 eflici
2326 2342 2343 2368 ,
2375 2298 2480 2370 ipsi
2507 2298 2610 2355 ad-

123 2387 307 2443 versarii
335 2387 633 2445 fateantur.

590 2556 859 2613 Qquts'rlo
887 2555 989 2603 111.
1018 2583 1073 2593 -
1098 2555 1173 2602 De
1200 2554 1345 2615 primi
1374 2552 1635 2615 Evangelii
1653 2554 1825 2615 lingua
1847 2554 2110 2614 primitiva.

180 2716 226 2771 Ἰ.
256 2748 327 2757 -
352 2716 417 2776 S.
450 2713 823 2774 Malthaeum
854 2712 917 2773 Ε
920 2714 1255 2792 vanqelium
1280 2730 1456 2771 suum
1483 2715 1782 2790 scripsisse
1809 2711 2106 2787 hebraice,
2139 2713 2181 2771 i.
2218 2730 2273 2773 e.
2308 2714 2615 2773 aramaica

118 2804 201 2866 illa
227 2810 487 2871 dialecto
504 2856 519 2883 ,
546 2828 703 2887 quae
726 2810 953 2869 Christi
983 2813 1182 2869 aetate
1212 2809 1380 2868 inter
1397 2808 1661 2870 Iudaeos
1681 2809 2176 2886 palaestinenses
2198 2808 2468 2885 vulgaris
2494 2809 2614 2869 fuit

117 2906 165 2961 et
188 2904 489 2968 interdum
520 2906 983 2984 syrochaldaiea
1012 2905 1395 2975 nominatur,
1432 2905 1714 2965 unanimi
1743 2922 2052 2967 consensu
2085 2905 2346 2965 tradunt
2375 2904 2478 2965 SS.
2503 2906 2615 2965 Pa-

116 3002 244 3073 tres,
294 3020 563 3079 quorum
618 3002 1053 3063 testimonium
1101 3001 1267 3062 haud
1314 3002 1611 3078 gravibus
1662 3000 2111 3063 nonnullorum
2159 3002 2612 3061 modernorum

118 3096 455 3175 scriptorum
490 3098 955 3159 obiectionibus
986 3115 1111 3157 non
1140 3098 1509 3157 infirmatur.

168 3193 373 3249 Praeter
398 3198 496 3251 SS.
530 3196 789 3266 Papiam
819 3201 875 3247 et
910 3196 1304 3259 Pantaenum,
1341 3207 1578 3263 quorum
1619 3192 1935 3247 testimonia
1965 3208 2130 3263 supra
2168 3193 2280 3247 iam
2309 3193 2614 3255 attulimus,

116 3275 398 3337 hebraicam
431 3282 595 3354 primi
622 3280 909 3353 Evangelii
938 3280 1209 3352 originem
1232 3288 1485 3335 asserunt
1506 3282 1564 3337 S.
1597 3283 1873 3335 Irenaeus
1899 3280 1964 3348 (c.
1999 3281 2168 3334 Haer.
2205 3281 2309 3335 ΙΙΙ.
2345 3280 2448 3351 1.),
2477 3282 2616 3337 0νί-

113 3380 249 3433 qenes
274 3369 329 3423 in
356 3369 560 3425 Matth.
590 3377 728 3424 tom.
764 3370 829 3437 1.)
849 3410 864 3435 ,
898 3368 1177 3423 Eusebius
1208 3369 1299 3436 (H.
1328 3369 1390 3421 E.
1425 3369 1529 3423 111.
1554 3373 1655 3435 233
1686 3368 1909 3436 Quaest.
1938 3382 2133 3439 evang.
2166 3369 2301 3435 2,1),
2334 3368 2390 3423 S.
2423 3369 2619 3438 Cyrit-

115 3450 187 3506 Ius
226 3458 331 3511 Ier.
382 3458 523 3526 (Cat.
573 3456 728 3511 XIV.
784 3457 893 3525 15),
942 3456 1000 3511 S.
1049 3454 1347 3526 Epltraem
1395 3456 1628 3526 (Evang.
1675 3453 1938 3511 concord.
1994 3469 2180 3526 expos,
2227 3454 2313 3509 ed.
2376 3457 2620 3515 Moesiu-

114 3555 192 3609 ζει·
230 3558 279 3613 p.
327 3550 449 3612 286)
474 3587 487 3609 ,
522 3546 579 3601 S.
624 3543 999 3615 Epiphanius
1041 3545 1230 3608 (Haer.
1280 3548 1439 3610 ao,3·,
1469 3548 1616 3613 51,5)
1639 3582 1655 3609 ,
1697 3542 1752 3597 S.
1801 3542 2258 3613 chrysostomus
2304 3543 2378 3612 (in
2415 3544 2616 3599 Matth.

116 3624 239 3684 hom.
271 3636 404 3701 13),
438 3632 501 3687 S.
528 3634 921 3702 Hieronymus
950 3630 1025 3697 (in
1050 3630 1253 3686 Matth.
1284 3630 1435 3686 Prol.
1466 3638 1525 3685 et
1551 3630 1820 3700 saepius),
1852 3630 1910 3685 S.
1941 3632 2310 3703 Auqustinus
2341 3631 2433 3698 (de
2453 3634 2615 3687 Cous,

114 3712 291 3790 Evang.
322 3720 365 3774 1.
393 3722 482 3790 2),
515 3723 609 3774 Ps.
636 3719 1011 3774 Athanasius
1042 3719 1290 3789 (Synops.
1320 3719 1375 3773 S.
1406 3719 1464 3775 S,
1494 3719 1580 3783 76)
1613 3724 1670 3772 et
1695 3717 1942 3773 iuniores
1965 3734 2176 3775 omnes.

170 3808 441 3862 Erasmus
477 3807 551 3873 (in
580 3806 779 3862 Matth.
812 3807 959 3875 8,17)
990 3815 1045 3861 et
1077 3808 1408 3862 caietanus
1442 3806 1518 3871 (in
1547 3804 1747 3859 Matth.
1779 3805 1956 3873 Prol.)
1990 3804 2155 3876 primi
2190 3805 2332 3861 hanc
2369 3804 2621 3859 traditio-

115 3904 217 3947 nem
242 3893 637 3967 impugnarunt
662 3902 719 3949 et
756 3908 1020 3965 sequaces
1048 3893 1365 3949 habuertmt
1408 3908 1605 3948 omnes
1633 3890 1749 3947 fere
1779 3892 2037 3964 antiquos
2063 3896 2465 3958 protestantes,
2497 3892 2622 3963 qui-

116 3974 199 4032 hus
220 3996 539 4050 persuasum
568 3990 705 4051 erat,
736 3980 1131 4053 primigenium
1156 3979 1288 4035 libri
1312 3980 1568 4051 inspirati
1595 3986 1811 4036 textum
1836 3996 1952 4035 non
1978 3996 2142 4052 posse
2167 3981 2411 4035 interire.
2441 3978 2620 4034 Hodie

117 4070 271 4123 tamen
298 4084 425 4125 cum
456 4068 745 4125 catholicis
784 4067 1176 4140 interpretibus
1215 4076 1432 4123 tantum
1474 4083 1586 4123 non
1634 4066 1888 4123 omnibus
1928 4068 2097 4123 etiam
2133 4067 2295 4122 multi
2337 4066 2622 4122 acatholici

118 4150 434 4222 hebraicam,
467 4156 554 4212 vel
583 4156 767 4228 potius
792 4156 1131 4213 aramaicam
1171 4162 1269 4211 aut
1306 4154 1848 4228 syrochaldaieam¹,
1883 4154 2050 4210 fuisse
2077 4153 2322 4226 linguam
2357 4155 2623 4227 primige-

166 4327 221 4389 (ι)
248 4332 386 4379 Petr.
436 4328 633 4395 scheqq
674 4331 1025 4394 (Evangelium
1074 4332 1202 4379 nach
1242 4331 1425 4380 Matth.
1470 4330 1731 4379 ubersetzt
1775 4342 1828 4378 u.
1874 4329 2080 4379 erklfirt.
2122 4330 2374 4378 Miiucben
2407 4332 2540 4379 1863.
2577 4332 2618 4379 1.

118 4414 155 4463 Ρ.
188 4411 237 4455 13
260 4412 391 4472 sqq.)
418 4410 559 4459 solus
586 4410 689 4459 fere
717 4410 1031 4459 Matthaeum
1060 4411 1269 4472 antiqua
1296 4408 1469 4471 lingua
1495 4408 1730 4457 hebraica
1754 4407 1941 4456 librum
1969 4420 2120 4456 suum
2144 4406 2404 4470 scripsisse
2433 4412 2619 4465 censet.

114 4484 215 4543 quia
253 4485 337 4537 illa
370 4492 535 4539 aetate
563 4488 693 4538 liber
731 4488 796 4538 de
823 4488 1067 4552 religione
1102 4492 1357 4545 tractans,
1389 4488 1441 4536 in
1474 4500 1580 4551 quo
1619 4490 1778 4537 Vetus
1812 4488 1946 4535 Test.
1977 4486 2275 4549 frequenter
2303 4488 2565 4551 allegetur,
2597 4502 2626 4537 a

118 4560 279 4613 ludaeo
304 4570 353 4616 et
392 4581 483 4630 pro
518 4568 719 4619 Iudaeis
763 4582 867 4617 non
904 4568 1001 4617 nisi
1042 4567 1253 4631 antiqua
1286 4566 1458 4629 lingua
1500 4569 1678 4615 sancta
1714 4564 1968 4615 conscribi
2001 4566 2245 4629 potuerit.
2275 4570 2339 4615 At
2375 4565 2494 4616 licet
2522 4580 2624 4617 non

118 4650 351 4703 negemus,
382 4646 621 4697 rabbinos
648 4660 708 4699 ea
738 4650 903 4697 aetate
934 4646 1041 4709 (aut
1071 4647 1249 4697 saltem
1286 4646 1457 4710 paullo
1491 4644 1624 4709 post)
1655 4644 1706 4693 in
1735 4645 1842 4693 suis
1869 4643 2012 4693 libris
2035 4645 2332 4709 theologicis
2360 4646 2622 4711 antiquam
