3050 5184
956 312 1031 355 DE
1072 310 1235 354 LIBRI
1265 309 1701 354 'ECCLESIASTAE
1743 309 2129 355 ARGUMENTO.
2697 288 2812 349 333

1096 555 1187 607 11.
1217 556 1307 609 De
1332 555 1499 608 libro
1525 554 1986 608 Ecclesiastae.

488 756 655 837 §it
684 790 775 802 —-
803 754 897 818 De
928 750 1091 817 libri
1115 750 1563 816 Ecclesz'astae
1596 760 2029 839 arqumenm,
2057 748 2411 827 divisione,
2437 749 2598 834 fine.

356 966 413 1022 1.
446 998 527 1006 —
553 962 764 1023 Titulo
802 980 918 1023 suo
953 962 1113 1022 alter
1142 961 1497 1021 Salomonis
1536 962 1700 1021 liber
1741 982 1769 1014 «
1798 959 2214 1033 Ecclesiastes,
2262 963 2370 1035 qui
2413 954 2812 1029 abHebraeis

279 1060 561 1120 Coheleth
598 1059 937 1138 appellatur
978 1081 1007 1112 »
1047 1057 1393 1119 declaratur
1418 1074 1556 1118 esse
1587 1057 1810 1117 concio
1835 1055 1915 1116 ad
1945 1056 2252 1135 populum
2274 1054 2488 1115 habita
2515 1056 2701 1129 atque
2733 1052 2813 1111 ti-

275 1157 408 1216 tulo
438 1156 843 1216 consentiunt
872 1154 1016 1214 libri
1044 1154 1239 1231 stylus
1266 1158 1329 1213 et
1352 1154 1619 1214 indoles,

344 1278 568 1348 Integra
597 1274 725 1331 libri
753 1274 1035 1347 inscriptio
1056 1284 1141 1330 est
1170 1255 1451 1373 ΕξζτῂηἾῖξ
1490 1254 1621 1366 *1¹20
1660 1280 1875 1366 'NJ-33
1901 1253 2071 1366 ΠΞΠΡ
2113 1278 2254 1328 ’Ἶζιῑτ
2283 1272 2500 1343 (ῥήματα
2527 1269 2819 1337 ἐκκλησιασ-

266 1394 357 1443 τοῦ
394 1390 505 1443 υἱοῦ
536 1390 709 1442 Aaou&
740 1389 979 1460 βασιλέως
1012 1386 1213 1459 Ἰσραὴλ
1247 1387 1297 1441 ἐν
1332 1387 1680 1458 Ἰερουσαλήμ,
1729 1386 1926 1443 Verba
1965 1385 2398 1455 Ecclesiastae,
2436 1385 2562 1457 filii
2597 1382 2815 1449 David,

269 1480 428 1551 reqis
452 1476 816 1545 Ierusalem).
851 1478 1005 1533 Inter
1026 1478 1207 1531 varias
1222 1483 1409 1531 autem
1434 1474 1690 1529 vocabuli
1714 1474 1990 1531 Cohelech
2013 1474 2404 1545 explicationes
2431 1474 2526 1529 illa
2557 1474 2674 1527 sola
2700 1473 2816 1529 iure

264 1563 607 1639 defenditur,
632 1579 774 1636 quae
797 1564 1102 1637 antiquitus
1124 1562 1331 1619 tradita
1359 1562 1527 1618 hodie
1556 1577 1778 1633 quoque
1799 1570 1882 1617 est
1910 1560 2258 1619 communior
2288 1582 2302 1617 ε
2339 1582 2365 1613 <t
2403 1560 2812 1627 Ἐκκλησιαστής,

264 1652 445 1725 inquit
472 1652 531 1708 S.
562 1652 985 1722 Hieronymus,
1019 1666 1219 1722 graeco
1247 1665 1504 1705 sermone
1533 1658 1782 1718 vocatur,
1816 1650 1914 1721 qui
1951 1658 2175 1705 coetum
2201 1649 2236 1705 i.
2277 1666 2327 1705 e.
2361 1649 2650 1705 eeclesiam
2679 1663 2814 1703 con-

264 1748 487 1811 gregat,
520 1754 687 1810 quem
712 1754 815 1793 nos
842 1752 1164 1808 nuncupare
1189 1752 1481 1808 possumus
1504 1738 2012 1803 concionatorem,
2042 1751 2107 1792 eo
2137 1736 2288 1808 quod
2319 1738 2584 1807 loquatur
2613 1734 2685 1791 ad
2716 1752 2815 1805 po-

264 1828 465 1897 pulum
493 1834 551 1882 et
576 1826 693 1882 eius
721 1842 905 1881 sermo
932 1841 1046 1881 non
1074 1823 1388 1895 specialiter
1414 1822 1486 1879 ad
1508 1839 1706 1893 unum,
1727 1823 1827 1880 sed
1855 1823 1927 1880 ad
1954 1823 2241 1880 universos
2265 1824 2600 1896 generaliter
2615 1822 2815 1894 diriga-

264 1924 360 1969 tur
385 1935 439 1970 n.
479 1934 505 1965 α
534 1912 717 1969 Verba
747 1912 1112 1969 Ecclesiastae
1142 1932 1167 1962 n
1216 1912 1387 1985 igitur
1414 1918 1547 1967 sunt
1572 1911 1768 1968 concio
1801 1910 1874 1967 ad
1903 1911 2172 1983 populum
2216 1910 2424 1967 habita.
2470 1911 2628 1967 Licet
2667 1910 2816 1966 enim

265 2000 628 2057 Ecclesiastes
651 2000 805 2056 libris
834 1998 1063 2071 poeticis
1080 1997 1499 2067 adnumeretur,
1524 1998 1702 2071 stylus
1721 1998 1838 2053 eius
1861 2000 2144 2069 prosaicus
2171 1999 2357 2069 potius
2381 2008 2464 2055 est
2482 2006 2538 2053 et
2567 1996 2813 2062 humilis,

262 2104 443 2160 quam
472 2088 721 2158 poeticus
747 2095 804 2141 et
830 2086 1113 2155 sublimis3
1146 2094 1373 2158 propter
1413 2086 1618 2141 multas
1651 2094 1841 2141 tamen
1871 2100 2102 2158 gnomas
2140 2094 2308 2157 atque
2345 2086 2592 2142 carmina
2621 2084 2814 2140 didac-

264 2177 409 2242 tica,
442 2190 584 2246 quae
612 2174 879 2243 continet,
908 2174 1058 2229 inter
1092 2173 1307 2244 poetica
1346 2171 1702 2229 adnumerari
1731 2181 1978 2229 meretur
2019 2189 2174 2244 opus.
2220 2176 2504 2247 integrum
2547 2181 2734 2229 autem
2759 2173 2815 2227 in

262 2262 657 2321 exhortatione
684 2262 892 2334 magis,
925 2276 1093 2333 quam
1125 2260 1183 2317 in
1209 2259 1501 2317 doctrinae
1538 2262 1880 2332 expositione
1909 2270 2162 2317 versatur
2197 2270 2364 2333 atque
2397 2262 2584 2317 omnia
2623 2260 2815 2316 Eccle-

262 2352 473 2406 siastae
498 2348 663 2405 verba
694 2365 760 2405 eo
785 2349 1120 2420 diriguntur,
1142 2356 1206 2404 ut
1234 2347 1554 2404 auditorum
1581 2350 1750 2403 animi
1771 2357 1827 2404 et
1854 2349 2164 2404 voluntates
2191 2348 2263 2404 ad
2290 2357 2502 2405 certam
2518 2346 2814 2404 tenendam

264 2447 326 2494 et
356 2437 715 2509 sequendam
744 2434 1076 2492 sententiam
1106 2444 1564 2506 permoveantur-3
1593 2433 1780 2491 indole
1816 2435 1989 2507 igitur
2031 2452 2130 2491 sua
2173 2450 2312 2507 opus
2348 2436 2594 2494 oratorio
2631 2436 2816 2508 generi

178 2533 185 2538 “
262 2523 566 2581 addicitur.

357 2673 685 2734 Concionis
713 2676 923 2733 autem
954 2675 1396 2749 argumentum
1423 2674 1519 2731 est
1548 2670 1832 2731 doctrina
1857 2671 1934 2732 de
1965 2688 2215 2731 summo
2245 2672 2410 2731 bono
2431 2716 2444 2743 ,
2471 2687 2594 2748 quo
2624 2669 2815 2731 homo

268 2772 389 2831 hac
419 2773 487 2829 in
524 2776 686 2830 terra
720 2769 841 2830 frui
874 2772 1102 2847 potest.
1332 2754 1341 2761 ’

350 2904 375 2933 α
397 2884 483 2937 De
510 2880 677 2937 rebus
714 2882 955 2954 physicis
988 2902 1012 2932 υ
1060 2882 1429 2936 Ecclesiasten
1466 2897 1634 2954 agere
1681 2884 1872 2936 Patres
1915 2882 2077 2938 multi
2119 2890 2476 2937 asseruerunt
2513 2882 2702 2953 (Oriq.
2749 2882 2814 2935 In

266 2972 437 3027 Cant.
462 2971 646 3037 Prol.;
671 2972 729 3026 S.
762 2967 949 3024 Basil.
980 2970 1055 3024 M.
1092 2971 1155 3024 ln
1183 2983 1432 3039 prooem.
1462 2970 1627 3025 Prov.
1659 2968 1810 3025 hom.
1855 2975 1963 3037 12„
1989 2970 2047 3024 S.
2088 2970 2331 3023 Hieron.
2367 2966 2440 3023 ad
2467 2969 2695 3023 Paulam
2723 2983 2810 3039 ep.

268 3064 387 3125 30„
417 3056 757 3129 olympiad.
788 3058 854 3112 In
882 3056 1061 3111 Eccle.
1095 3058 1259 3111 Prov.
1287 3055 1441 3126 etc.)‚
1470 3055 1638 3127 idque
1666 3064 1837 3124 recte,
1868 3064 2139 3129 quatenus
2166 3056 2443 3125 intimam,
2467 3064 2530 3111 ut
2556 3055 2630 3111 ita
2659 3054 2812 3112 dica-

268 3161 425 3209 mus,
454 3160 644 3201 earum
673 3152 963 3211 naturam,
1005 3144 1043 3199 i.
1076 3158 1125 3199 e.
1160 3143 1459 3198 vanitatem
1489 3151 1546 3198 et
1577 3142 1924 3211 inanitatem,
1970 3143 2305 3200 manifestat.
2335 3148 2410 3198 At
2445 3159 2616 3198 unam
2647 3143 2812 3201 dum-

268 3240 427 3289 taxat
453 3246 686 3305 eamquc
712 3230 1027 3303 negativam
1049 3231 1364 3301 argumenti
1390 3238 1609 3302 partem
1637 3229 1979 3298 describunt,
2007 3232 2342 3303 quicumque
2373 3230 2443 3287 de
2470 3233 2590 3289 sola
2627 3248 2812 3288 rerum

270 3320 517 3377 vanitate
544 3320 876 3391 loquuntur3
906 3317 1269 3374 Ecclesiastes
1297 3318 1443 3373 enim
1462 3316 1722 3373 omnibus
1744 3318 1886 3387 iuis,
1915 3334 2053 3390 quas
2073 3318 2326 3375 homines
2353 3318 2616 3375 ardenter
2643 3335 2812 3391 expe-

266 3418 393 3465 tere
410 3408 609 3475 solent,
638 3406 904 3478 quoniam
929 3405 1079 3461 iniis
1103 3404 1509 3461 beatitudinem
1533 3421 1690 3461 suam
1715 3406 1879 3461 sitam
1910 3420 2027 3461 esse
2052 3414 2267 3476 putant,
2299 3406 2519 3463 reiectis
2547 3406 2810 3468 ostendit.

267 3509 550 3553 summam
575 3493 913 3562 felicitatem,
939 3508 1047 3565 qua
1068 3494 1135 3548 in
1164 3492 1277 3548 Ιιαο
1306 3497 1479 3549 terra
1507 3492 1679 3548 homo
1707 3492 1816 3549 frui
1842 3501 2042 3563 potest,
2063 3495 2434 3566 praeprimis
2463 3497 2576 3550 Dei
2601 3498 2817 3551 timore

272 3582 809 3655 mandatorumque
835 3582 961 3636 eius
1008 3580 1417 3636 observatione
1463 3582 1760 3637 contineri
1803 3586 1980 3653 atque
2011 3580 2291 3637 bonorum
2339 3583 2615 3654 illorum,
2662 3600 2818 3656 qaae

269 3676 423 3728 Deus
444 3675 569 3743 ipse
598 3670 790 3741 (iustis
816 3669 976 3724 velut
990 3669 1296 3740 praemia)
1324 3667 1648 3723 secundum
1680 3668 2103 3739 providentiae
2138 3685 2284 3725 suae
2313 3671 2583 3725 ordinem
2613 3687 2813 3725 conce-

270 3759 387 3823 dit,
418 3756 711 3831 fruitione
750 3758 952 3830 quieta
993 3763 1049 3813 et
1086 3758 1219 3828 pia.
1252 3756 1574 3827 inquietum
1619 3755 1788 3825 igitur
1833 3755 2100 3823 studium,
2149 3772 2260 3829 quo
2301 3757 2557 3815 homines
2598 3772 2817 3829 semper

268 3846 513 3903 maiores
541 3860 701 3917 opes,
733 3844 1077 3915 voluptates,
1104 3842 1345 3899 honores
1374 3850 1670 3915 quaerunt,
1705 3858 1769 3899 ac
1797 3843 1846 3899 si
1886 3843 1947 3899 in
1971 3859 2166 3899 earum
2201 3843 2496 3916 adeptione
2523 3845 2629 3901 sita
2671 3854 2814 3901 esset

270 3932 576 4001 beatitudo,
614 3932 898 4004 improbat
934 3930 1324 4000 Ecclesiastes,
1357 3931 1620 4004 quietum
1649 3935 1703 3987 et
1744 3934 1911 4003 pium
1950 3947 2158 3987 earum
2195 3948 2420 3997 rerum,
2465 3948 2618 4005 quas
2661 3936 2815 3987 Deus

270 4024 397 4096 ipse
418 4020 703 4089 concedit,
733 4035 905 4075 usum
933 4035 1048 4075 non
1068 4026 1287 4073 tautum
1316 4017 1607 4090 permittit,
1635 4016 1734 4073 sed
1761 4016 2133 4075 commendat.
2155 4019 2433 4088 Quoniam
2460 4020 2606 4075 enim
2635 4020 2693 4075 in
2725 4035 2814 4075 ve·

266 4120 389 4167 tere
407 4106 633 4165 foedere
652 4108 805 4163 Deus
828 4104 895 4161 iis
911 4149 925 4175 ,
948 4105 1043 4178 qui
1065 4105 1269 4177 Legem
1297 4114 1456 4160 erant
1484 4102 1856 4175 observaturi,
1883 4121 1973 4161 res
1996 4115 2250 4162 externas
2273 4104 2505 4177 (divitias
2529 4112 2657 4173 etc.)
2682 4121 2814 4178 pro-

270 4199 519 4267 miserat,
544 4195 751 4251 mirum
776 4210 885 4249 non
915 4201 1018 4262 est,
1053 4190 1201 4266 quod
1230 4192 1588 4248 Ecclesiastes
1613 4191 1963 4249 moderatum
1993 4208 2185 4249 earum
2207 4208 2370 4249 usum
2393 4209 2426 4248 a
2448 4209 2546 4249 sua
2567 4210 2814 4250 summac

270 4284 550 4341 felicitatis
576 4280 948 4352 descriptione
977 4296 1090 4335 non
1120 4278 1407 4349 excludat3
1438 4294 1568 4335 nam
1599 4279 1766 4335 altior
1795 4279 1888 4335 ille
1924 4278 2277 4351 perfeetionis
2315 4278 2548 4351 gradus,
2588 4282 2684 4353 qui
2712 4297 2816 4337 nos

270 4371 561 4429 Christum
578 4385 940 4443 pauperem,
968 4369 1323 4441 despectum,
1366 4368 1688 4436 patientem
1717 4368 1873 4441 sequi
1905 4366 2087 4435 docet,
2115 4369 2270 4423 Novo
2307 4365 2539 4423 Foederi
2577 4377 2696 4425 erat
2723 4386 2814 4426 re-

270 4468 547 4517 Servatus.

352 4611 413 4671 2.
448 4643 525 4653 —
554 4604 791 4669 Thema
822 4625 1006 4669 suum
1038 4606 1442 4668 Ecclesiastes
1472 4623 1600 4667 non
1625 4604 1808 4665 docta
1834 4604 2107 4683 quadam
2134 4608 2672 4683 argumentatione
2709 4615 2815 4671 aut
