3050 5184
466 300 587 359 294
668 316 743 357 DE
776 316 913 359 VET.
950 315 1207 360 TESTAM.
1239 314 1435 359 LIBRIS
1477 311 1825 357 msrolucts.
1861 331 1938 339 —
1968 314 2098 358 CAP.
2133 317 2220 361 xl.
2254 318 2330 363 DE
2366 318 2454 361 LI..
2488 314 2956 362 HAcuABAEORtu.

468 456 598 501 runt
644 447 991 517 interpretes,
1038 467 1063 496 α
1108 461 1289 518 neque
1336 452 1519 499 tamen
1567 444 1861 516 quisquam
1905 444 2034 513 suit,
2073 447 2256 519 inquit
2291 449 2574 517 Pei-erius,
2618 447 2711 520 qui
2755 447 2832 502 vel
2865 445 2964 501 aliis
3030 466 3031 469 ¹

468 534 693 589 omnino
722 534 808 589 vel
841 534 1010 589 etiam
1046 532 1151 590 sibi
1178 533 1296 603 ipsc
1333 532 1674 587 satisfaceret
1704 552 1753 586 ι).
1794 532 1980 600 Quare
2009 550 2136 590 cum
2179 538 2240 591 P.
2282 538 2463 592 Emm.
2503 538 2574 593 Sa
2615 535 2964 604 nonnullisque
3030 532 3031 567 ³

468 620 860 692 interpretibus
887 620 1169 677 modernis
1190 634 1503 687 censemuS,
1534 619 1797 691 epistolae
1833 618 1982 676 illius
2019 623 2314 693 scriptores
2351 625 2639 695 (populum
2667 620 2966 693 ierosolymi-
3030 653 3031 681 ι

468 717 685 779 tanum,
735 708 1054 781 synedrium
1086 706 1365 763 iudaicum
1404 716 1461 763 et
1490 705 1686 761 ludam
1716 707 1922 775 Mach.)
1966 709 2024 764 in
2065 708 2170 765 hac
2216 709 2506 767 referenda
2551 720 2729 767 morte
2773 718 2968 765 eatenus
3030 750 3031 775 2

466 810 705 863 errasse,
738 805 1012 867 quatenus
1040 811 1154 851 non
1184 811 1372 851 veram
1396 795 1594 849 mortis
1621 794 1916 865 rationem,
1947 796 2045 851 sed
2079 812 2374 854 erroneum
2403 798 2472 854 de
2505 814 2572 855 ea
2601 812 2874 855 rumorem
2895 812 2969 850 re·
3030 806 3031 817 ³

468 884 733 939 tulerunt.
762 884 979 939 Scilicet
1006 898 1117 939 una
1152 898 1278 939 cum
1305 882 1501 938 nuntio
1534 880 1605 937 de
1629 881 1836 937 infelici
1864 884 2128 941 Antiochi
2151 886 2502 956 expeditione
2525 896 2719 941 contra
2736 884 2970 955 templum
3030 934 3031 937 ,

469 972 535 1035 (1.
566 978 680 1039 6‚2.
714 976 791 1039 3.)
814 972 1015 1027 allatus
1041 970 1261 1026 videtur
1289 969 1628 1041 ierosolyma
1661 986 1832 1041 vagus
1856 971 2084 1042 quidam
2113 971 2182 1027 de
2209 978 2388 1029 morte
2411 974 2530 1029 eius
2557 974 2745 1046 paullo
2773 980 2886 1044 post
2907 988 2972 1025 se·

468 1066 595 1113 cuta
622 1074 841 1127 rumor3
872 1058 1029 1113 sicuti
1054 1066 1240 1113 autem
1260 1058 1381 1113 lieri
1400 1057 1540 1112 solet
1571 1058 1630 1113 iu
1653 1057 1928 1114 eiusmodi
1951 1060 2289 1126 rumoribuS,
2315 1061 2513 1133 templi
2539 1070 2752 1117 tentata
2767 1060 2974 1130 direptio
3030 1095 3031 1125 ι

468 1153 525 1201 et
549 1160 702 1201 mors
741 1146 1237 1217 coniungebantur‚
1278 1154 1445 1217 atque
1490 1144 1696 1216 primos
1733 1145 1836 1201 ho's
1876 1162 2130 1203 rumores
2161 1163 2230 1205 eo
2270 1158 2524 1221 tempore
2559 1164 2780 1219 sparsos
2815 1146 2975 1203 ludaei
3030 1152 3031 1247 Ῑ

466 1232 905 1305 ierosolymitani
931 1250 1059 1289 cum
1088 1232 1417 1306 aegyptiacis
1446 1234 2026 1303 communicaveruntz,
2058 1250 2246 1291 veram
2269 1244 2457 1292 autem
2484 1238 2682 1292 mortis
2711 1236 2978 1297 rationem,
3030 1260 3031 1307 i

470 1336 611 1390 quae
638 1330 827 1391 postea
850 1322 1115 1387 innotuit,
1147 1330 1341 1376 auctor
1380 1326 1437 1375 2.
1466 1319 1651 1375 Mach.
1705 1319 1823 1376 fuse
1867 1323 2132 1389 narravit,
2174 1325 2452 1379 recentior
2493 1332 2686 1380 auctor
2727 1331 2780 1379 1.
2815 1320 2977 1379 Mach.

467 1406 689 1463 brevius
716 1410 1009 1465 insinuavit
1042 1409 1085 1463 ¹⁶.
1115 1410 1319 1465 Contra
1350 1408 1706 1463 historicam
1735 1408 1905 1481 igitur
1938 1410 2324 1467 auctoritatem
2361 1396 2630 1483 epistolae
2669 1428 2742 1467 ex
2771 1411 2873 1467 hac
2905 1426 2982 1465 re·
3030 1430 3031 1475 ι

468 1494 672 1551 latione
695 1497 829 1552 nihil
859 1496 1167 1553 deducitur.
1199 1526 1273 1537 —
1298 1496 1601 1551 Levissima
1631 1505 1758 1552 sunt
1781 1497 1994 1569 reliqua
2010 1540 2024 1564 ,
2053 1498 2254 1570 quibus
2280 1500 2578 1555 auctoritas
2605 1500 2871 1571 epistolae
2899 1499 2982 1552 im·
3030 1488 3031 1567 1

466 1594 761 1655 pugnatur.
795 1586 1013 1640 Etenim
1036 1583 1371 1640 miraculum
1394 1584 1540 1654 ignis
1573 1592 1751 1639 aetate
1780 1584 2082 1641 Nehemiae
2118 1587 2348 1643 coelitus
2377 1586 2492 1642 dati
2531 1587 2628 1653 (11.
2669 1594 2795 1655 1,21
2835 1590 2981 1657 squ„
3030 1568 3031 1597 ¹

466 1672 811 1727 narrationes
839 1673 909 1728 de
930 1672 1289 1728 tabernaculo
1320 1686 1560 1743 arcaque
1585 1670 1819 1727 foederis
1849 1688 1948 1742 per
1973 1674 2266 1729 Ieremiam
2292 1675 2352 1729 in
2377 1684 2627 1732 montem
2645 1674 2806 1731 Nebo
2831 1684 2983 1729 trans·
3030 1658 3031 1713 3

468 1760 698 1828 portatis
727 1760 823 1825 (ll.
852 1766 943 1829 2‚4
968 1765 1115 1831 sqq.)
1145 1767 1202 1815 et
1228 1758 1299 1815 de
1320 1758 1473 1814 libris
1492 1758 1670 1814 ‘sacris
1691 1776 1788 1831 per
1813 1759 2146 1818 Nehemiam
2181 1762 2431 1817 collectis
2455 1762 2552 1829 (11.
2583 1768 2760 1832 214),
2799 1762 2918 1818 licet
2937 1761 2984 1813 in

468 1846 589 1900 aliis
610 1846 768 1903 libris
794 1848 963 1903 sacris
990 1864 1105 1902 non
1132 1855 1665 1913 commemorentur,
1695 1862 1808 1901 non
1835 1848 1942 1902 nisi
1971 1847 2260 1906 arbitrario
2287 1849 2458 1905 modo
2481 1850 2538 1905 in
2555 1848 2792 1907 dubium
2811 1864 2984 1905 vot-an·
3030 1882 3031 1927 ζ

466 1942 585 1999 tur;
617 1950 749 1989 nam
775 1934 916 2003 illis,
950 1935 1045 2006 qui
1073 1935 1365 2005 epistolam
1388 1935 1746 2004 scripserunt,
1777 1944 1997 2005 praeter
2021 1937 2237 1992 oralem
2255 1936 2608 1993 traditionem
2631 1946 2857 2009 praesto
2885 1936 2984 1990 sue·

468 2030 598 2075 runt
622 2021 743 2077 libri
770 2023 957 2094 scripti
982 2022 1147 2078 hodie
1172 2021 1470 2094 deperditi,
1512 2021 1582 2077 ad
1613 2038 1752 2093 quos
1791 2022 1940 2077 velut
1966 2023 2038 2078 ad
2083 2022 2263 2080 fontes
2290 2040 2420 2081 suos
2458 2025 2664 2081 diserte
2703 2030 2986 2097 provocant
3030 2042 3031 2085 1

470 2108 563 2173 (Π.
596 2115 707 2177 2‚1.
739 2116 795 2164 4.
830 2116 936 2179 13),
967 2124 1147 2182 neque
1176 2109 1461 2180 hucusque
1491 2108 1876 2165 demonstrare
1913 2109 2098 2165 conati
2139 2120 2266 2165 sunt
2305 2110 2635 2180 adversarii,
2670 2112 2856 2169 fontes
2881 2112 2985 2166 illos
3030 2088 3031 2161 ἦ

466 2195 577 2251 fide
595 2213 709 2251 non
734 2196 899 2253 fuisse
920 2198 1137 2269 dignos,
1162 2228 1233 2237 —-
1249 2200 1424 2253 Porro
1444 2198 1488 2251 si
1508 2196 1789 2264 obiiciunt,
1813 2198 1868 2252 in
1893 2198 2122 2268 epistola
2141 2198 2316 2253 libros
2339 2199 2690 2271 apocryphos
2721 2216 2825 2273 pro
2853 2214 2986 2255 sacra
3030 2170 3031 2217 ¹

468 2284 746 2355 Scriptura
770 2285 995 2357 allegari
1018 2288 1111 2355 (ΙΙ.
1134 2285 1267 2356 ΞΑ),
1291 2301 1401 2340 non
1429 2285 1740 2353 attendunt,
1764 2284 2092 2341 vocabulum
2120 2292 2309 2357 γραφῆς
2335 2288 2392 2342 in
2419 2289 2578 2343 Novo
2598 2286 2831 2359 quidem
2857 2289 2987 2341 Test.

468 2372 792 2444 plerumque
822 2372 1034 2429 divinas
1060 2372 1372 2444 Scripturas
1400 2372 1736 2443 significare,
1775 2372 1872 2428 sed
1907 2389 1974 2429 eo
2004 2389 2168 2429 sensu
2193 2390 2470 2446 nusquam
2499 2374 2569 2430 ab
2614 2374 2992 2431 Alexandrinis
3030 2370 3031 2431 ξ

467 2461 735 2531 usurpari.
769 2492 840 2500 —
866 2466 1049 2532 Atque
1090 2475 1353 2515 erroneae
1380 2460 1821 2531 interpretationi
1858 2460 2050 2517 ultima
2078 2477 2301 2533 quoque
2329 2461 2584 2517 innititur
2611 2462 2874 2525 obiectio,
2903 2463 2992 2516 Ne·
3030 2466 3031 2535 J

466 2534 707 2602 hemiam
736 2549 903 2603 asseri
931 2548 1215 2621 templum
1237 2546 1592 2617 aedificasse
1623 2549 1718 2613 (11.
1755 2554 1928 2617 1,18);
1960 2548 2245 2620 οἰκοδομεῖν
2276 2551 2422 2605 enim
2453 2550 2617 2605 variis
2645 2546 2992 2623 significatio-
3030 2554 3031 2627 J

464 2633 624 2690 nibus
656 2636 725 2691 ab
761 2635 1147 2692 Alexandrinis
1183 2643 1509 2705 usurpatum
1535 2634 1701 2691 ludas
1727 2644 1784 2691 et
1817 2636 2015 2692 fratres
2040 2637 2160 2692 eius
2185 2638 2517 2709 ᾠκοδόμησαν
2556 2638 2616 2691 τὸ
2642 2638 2761 2708 ὄρος
2783 2639 2908 2690 Σιών
2937 2640 2992 2705 [l.
3030 2630 3031 2637 ’

464 2728 632 2793 4,60),
664 2724 699 2779 i.
727 2739 776 2780 e.
808 2724 1161 2779 munimentis
1191 2739 1319 2779 cum
1346 2722 1860 2792 circumdederunt3
1902 2722 2098 2779 eadem
2127 2725 2340 2781 ratione
2372 2724 2670 2781 Nehemias
2701 2726 2860 2781 urbis
2885 2740 2992 2779 mu-
3030 2718 3031 2777 3

464 2810 539 2864 ris
565 2812 830 2867 restitutis
856 2813 1147 2883 ᾠκοδόμησε
1176 2812 1234 2863 τὸ
1263 2812 1413 2879 ἱερόν.

541 2964 601 3021 6.
632 2997 713 3005 -
746 2987 775 3018 «
810 2963 1329 3023 Machabaeorum
1370 2962 1596 3035 libros»,
1641 2962 1845 3040 inquit
1883 2962 1947 3021 S.
1989 2964 2409 3039 AugustinuS‚
2452 2982 2579 3024 non
2613 2966 2864 3037 ludaei,
2901 2962 2998 3022 sed

462 3057 733 3119 Ecclesia
743 3077 860 3136 pro
888 3058 1186 3119 canonicis
1204 3058 1375 3118 habet
1401 3081 1453 3117 ».
1486 3058 1723 3118 Revera
1739 3075 2028 3137 magnam
2049 3058 2310 3136 quidem
2333 3061 2780 3121 auctoritatem
2803 3060 2994 3121 ludaei

463 3154 953 3231 palaestinenses
982 3156 1059 3213 iis
1084 3155 1532 3222 attribuerunt,
1568 3170 1683 3232 pro
1723 3154 1956 3214 divinis
1987 3159 2198 3215 autem
2229 3172 2338 3215 eos
2365 3173 2491 3216 non
2520 3156 2915 3223 habuerunt:
2945 3162 3000 3213 at
3030 3142 3031 3217 J

464 3251 530 3309 in
574 3251 1122 3311 alexandrinorum
1168 3268 1401 3311 canone
1446 3267 1554 3309 eos
1605 3250 1831 3323 fuisse,
1881 3254 2133 3311 tantum
2173 3267 2299 3311 non
2348 3256 2444 3312 est
2491 3257 2778 3325 certum,
2825 3248 3031 3328 atque

464 3347 746 3424 Apostoli
770 3366 878 3407 eos
910 3348 1029 3424 ipsi
1060 3348 1481 3407 adhibuerunt
1510 3351 1572 3406 et
1602 3363 1748 3406 cum
1771 3347 2031 3423 reliquis
2051 3346 2389 3425 Scripturis
2421 3349 2664 3425 graecis
2695 3350 2998 3409 Ecclesiae

466 3444 875 3504 tradiderunt.

533 3556 751 3624 Quanto
779 3557 836 3611 in
878 3557 1089 3613 honore
1118 3557 1322 3613 fuerint
1350 3557 1479 3614 libri
1511 3557 1660 3629 apud
1694 3556 1931 3612 Iudaeos
1960 3556 2379 3627 palestinenseS,
2423 3565 2575 3628 patet
2603 3559 2997 3618 consideranti,

464 3644 544 3699 Fl.
582 3643 878 3715 losephum
918 3644 974 3700 in
1012 3660 1111 3701 sua
1148 3644 1537 3701 machabaicae
1575 3646 1774 3701 aetatis
1811 3643 2037 3700 historia
2069 3644 2311 3715 priorem
2347 3642 2555 3699 llbrum
2594 3644 2750 3700 velut
2789 3648 3000 3701 unicum
3030 3638 3031 3703 ἒ

460 3731 657 3787 ducem
686 3731 868 3803 sequi,
896 3741 1062 3804 atque
1080 3731 1340 3788 rabbinos
1368 3734 1532 3788 etiam
1562 3730 1728 3787 hodie
1753 3732 1978 3788 alterius
2001 3732 2296 3803 pericopen
2319 3730 2388 3786 de
2407 3732 2656 3787 Eleazari
2681 3742 3000 3804 septemque

465 3819 695 3875 fratrum
742 3821 1005 3893 martyrio
1034 3821 1093 3875 in
1121 3820 1412 3893 synagogis
1454 3820 1740 3877 adhibere.
1789 3820 2014 3875 Clarum
2056 3828 2242 3875 autem
2288 3818 2592 3875 divinitatis
2619 3822 3031 3877 testimonium,

521 3988 587 4049 (4)
612 3985 853 4037 Nonnulli
880 3986 1193 4050 antiquiores
1223 3986 1410 4049 (θανά.
1446 3989 1626 4049 Huqo,
1662 3990 1886 4049 Lyran..
1919 3988 2140 4049 Dionys.
2178 3986 2366 4036 Carth.
2401 3985 2522 4048 etc.)
2545 3990 2790 4045 censent,
2823 3990 3002 4050 episto·
3030 4012 3031 4017 =

458 4066 559 4115 lam
600 4066 745 4131 loqui
784 4066 847 4116 de
880 4070 1044 4116 morte
1084 4066 1318 4115 Antiochi
1362 4068 1448 4116 ΙΙΙ.
1489 4066 1684 4129 Magni,
1720 4065 1808 4115 alii
1843 4065 2032 4127 (abab.
2073 4067 2277 4123 Maur„
2325 4068 2542 4128 Rupere.
2581 4067 2746 4125 Tuit„
2795 4069 2996 4115 Ser-ar..
3030 4106 3031 4113 ,

460 4149 618 4197 Corn.
653 4160 689 4195 a
722 4148 847 4209 ιαμ.
877 4148 997 4208 etc.)
1038 4160 1151 4195 eam
1183 4146 1325 4209 loqui
1352 4145 1415 4195 de
1438 4148 1601 4195 morte
1633 4145 1870 4194 Antiochi
1897 4145 2005 4193 Vll.
2039 4142 2250 4201 sidens,
2280 4145 2335 4192 at
2358 4146 2542 4193 neuter
2569 4142 2672 4193 fuit
2699 4150 3000 4207 persecutor

458 4225 761 4275 ludaeorum
790 4226 871 4287 (11.
918 4226 1059 4288 1,12).
1104 4228 1418 4289 Quapropter
1449 4224 1538 4273 alii
1574 4224 1792 4286 (Estius,
1825 4222 2108 4285 Hancbery
2145 4222 2264 4286 etc.)
2293 4222 2356 4273 de
2389 4224 2534 4286 reqis
2565 4222 2808 4273 Antiochi
2845 4228 2999 4272 morte

456 4304 719 4367 epistolam
759 4304 900 4368 loqui
937 4308 1123 4367 negant
1160 4322 1171 4355 :
1210 4304 1540 4355 Antiochum
1573 4304 1856 4367 ingressum
1894 4302 2101 4365 quidem
2141 4314 2248 4351 esse
2288 4302 2344 4351 in
2371 4302 2644 4365 templum.
2677 4302 2774 4352 sed
2815 4305 2998 4355 ducem

454 4384 611 4433 olium
653 4382 756 4432 dici
796 4384 1044 4442 occisum;
1068 4382 1219 4433 simili
1258 4382 1409 4432 modo
1452 4384 1708 4432 Perem'us
1749 4396 1846 4432 non
1881 4380 2117 4431 Antiochi
2157 4383 2242 4430 IV.
2275 4384 2528 4439 mortem,
2563 4380 2656 4430 sed
2697 4397 2726 4427 ιι
2776 4382 3000 4431 horribi-

456 4462 553 4511 lem
580 4462 853 4525 quemdam
880 4476 1078 4522 casum,
1118 4463 1207 4526 qui
1233 4462 1282 4512 ei
1304 4462 1357 4511 in
1394 4461 1601 4511 Perside
1629 4460 1841 4525 contigit
1879 4482 1903 4505 υ
1935 4462 2134 4510 narrari
2165 4462 2337 4523 putat3
2369 4463 2420 4509 at
2457 4460 2652 4523 priores
2687 4460 2866 4509 textui
2907 4460 3000 4508 vim

452 4541 638 4589 inferre
665 4541 921 4599 videntur,
952 4545 1003 4590 et
1030 4541 1160 4590 alter
1182 4542 1447 4591 lectionem
1473 4540 1538 4589 ab
1561 4541 1801 4590 omnibus
1825 4539 2088 4589 codicibus
2110 4542 2160 4588 et
2185 4538 2505 4587 versionibus
2530 4538 2780 4589 traditam
2805 4544 3002 4589 mutari·

452 4620 665 4681 cogitur.
