3050 5184
784 320 861 365 m:
902 323 1241 367 Ezsscmssus
1280 324 1650 368 murm-:Tus
1691 322 2012 367 mvlsmrm.
2548 306 2664 363 409

448 449 669 507 Novum
695 454 987 524 templum,
1015 455 1073 511 in
1102 454 1249 525 quod
1280 455 1537 511 maiestas
1561 452 1742 511 divina
1768 454 2080 522 revertitur,
2113 461 2466 509 consecratur
2493 456 2663 519 (43‚1-

379 540 551 605 443),
583 569 655 579 —
682 548 848 611 atque
875 550 1165 613 praecepta
1194 550 1580 614 proponuntur
1606 541 1677 597 de
1705 543 1832 597 novi
1859 540 2051 613 templi
2079 539 2460 597 sacerdotibus
2489 547 2544 595 et
2580 540 2663 593 le-

380 624 499 679 vitis
540 630 809 695 (MA-31)
840 638 896 685 et
919 629 1293 685 oblationibus
1321 634 1706 697 (45,1-46‚24).

446 714 614 767 Terra
632 713 745 785 ipsa
772 724 1019 773 torrente
1039 716 1427 790 progrediente
1456 716 1558 773 sub
1587 718 1775 772 limine
1801 717 1994 788 templi
2022 717 2346 772 immutatur
2373 720 2659 784 (Ami-12),

374 800 675 870 aequaliter
708 803 853 858 inter
880 802 1175 861 duodecim
1210 805 1389 862 tribus
1424 804 1690 860 dividitur
1716 808 2152 871 (47‚13-48,23);
2189 802 2416 859 demum
2452 802 2660 858 descri-

374 884 520 941 bitur
543 904 685 943 nova
713 891 930 960 civitaS,
962 893 1119 949 cuius
1146 908 1350 948 nomen
1372 892 1479 949 erit
1505 895 1792 948 Dominus
1822 893 1900 948 ibi
1925 892 2251 963 (48,30-35).

214 1052 267 1107 3-
298 1085 373 1095 —
402 1054 745 1116 Ezechielis
776 1059 1003 1136 styluS,
1038 1060 1189 1120 licet
1217 1076 1346 1119 non
1392 1058 1636 1132 minus»,
1669 1077 1856 1137 quam
1893 1060 2030 1119 eius
2073 1060 2317 1137 lingua,
2351 1057 2660 1135 elegantia

148 1151 361 1220 careat,
394 1150 658 1230 insignis
688 1158 899 1214 tamen
926 1159 1021 1215 est
1047 1156 1109 1214 vi
1138 1160 1203 1217 et
1229 1155 1624 1217 vehementia
1654 1156 1955 1233 quadam,
1990 1172 2113 1233 qua
2139 1156 2296 1215 alios
2327 1154 2658 1232 plerosque

148 1248 395 1318 superat.
426 1248 505 1305 At
528 1265 757 1326 magna
780 1268 1037 1328 quoque
1063 1256 1159 1312 est
1187 1252 1321 1313 eius
1346 1253 1694 1313 obscuritas
1719 1270 1846 1312 non
1873 1257 1999 1311 tam
2026 1252 2107 1312 ob
2135 1252 2473 1312 verborum
2504 1254 2660 1310 stru-

148 1342 391 1415 cturam,
426 1360 616 1419 quam
646 1346 727 1405 ob
758 1346 1259 1425 descriptionum
1285 1350 1666 1421 ubertatem,
1699 1347 2151 1422 eruditionem,
2183 1346 2537 1407 audaciam.

206 1470 301 1525 Pro
316 1474 587 1545 temporis
614 1484 669 1530 et
696 1476 807 1531 loci
830 1477 1045 1533 ratione
1064 1477 1372 1535 Ezechielis
1394 1478 1585 1551 lingua
1612 1494 1726 1533 non
1745 1479 1934 1550 paucis
1955 1476 2145 1535 formis
2165 1476 2238 1533 ad
2265 1475 2658 1534 aramaismum

147 1555 375 1628 inclinat3
409 1569 659 1633 tempore
688 1565 837 1641 enim
866 1565 1037 1622 exsilii
1063 1566 1123 1621 in
1152 1573 1301 1623 terra
1342 1567 1521 1623 aliena
1564 1566 1838 1633 scribenS,
1871 1566 2074 1622 mirum
2101 1581 2214 1621 non
2262 1572 2373 1632 est,
2401 1564 2551 1635 quod
2586 1580 2658 1619 ne

152 1644 387 1703 ieremiae
416 1649 663 1721 quidem,
692 1652 781 1707 cui
816 1668 1022 1725 suppar
1049 1652 1179 1719 fuit,
1214 1654 1511 1724 puritatem
1541 1653 1801 1727 attigerit.
1837 1653 2042 1709 Iisdem
2074 1668 2297 1725 quoque
2325 1649 2658 1707 dictionibus

150 1730 480 1807 formulisque
508 1740 755 1809 repetitis
772 1742 1091 1797 monotonia
1111 1742 1237 1814 styli
1257 1741 1530 1813 quaedam
1554 1742 1834 1798 exoritur:
1865 1742 1990 1813 plus
2015 1742 2224 1796 centies
2249 1739 2412 1796 verba
2433 1739 2659 1795 Domini

149 1818 317 1877 eadem
342 1822 584 1882 formula
628 1826 675 1899 («
717 1827 855 1885 haec
892 1828 1027 1885 dicit
1068 1830 1343 1885 Dominus
1368 1832 1520 1885 Deus
1562 1833 1612 1894 n)
1641 1828 1995 1897 inchoantur,
2029 1829 2149 1899 plus
2186 1828 2443 1900 octoqies
2478 1825 2658 1883 verbis

148 1918 341 1975 Domini
366 1921 630 1978 inseritur
658 1924 895 1981 formula
923 1918 992 1970 '³'
1026 1932 1149 1983 ms:
1181 1925 1233 1997 (α
1262 1924 1403 1981 dixit
1429 1927 1701 1982 Dominus
1726 1930 1799 1995 n),
1827 1925 1952 1997 plus
1979 1926 2311 1997 septuaqies
2336 1923 2552 1996 phrasis
2573 1939 2657 1978 re-

149 2006 325 2072 petitur
368 2030 393 2059 α
420 2018 479 2065 et
506 2011 714 2079 scietis,
748 2012 875 2085 quia
905 2029 1007 2086 ego
1037 2014 1309 2069 Dominus
1348 2035 1373 2064 ι)
1393 2055 1407 2080 ‚
1442 2013 1566 2083 plus
1593 2013 1800 2069 centies
1829 2012 2099 2084 propheta
2137 2028 2168 2068 a
2202 2014 2323 2067 Deo
2348 2012 2659 2083 appellatur

150 2112 169 2139 κ
195 2092 265 2148 fili
287 2095 525 2153 hominis
547 2118 573 2149 n
604 2107 713 2155 etc.
738 2100 1109 2156 Nihilominus
1131 2101 1301 2157 habet
1328 2099 1561 2171 aliquid,
1584 2117 1694 2173 quo
1714 2102 1986 2156 lectorum
2009 2099 2222 2156 animos
2242 2099 2399 2171 quasi
2425 2098 2653 2169 abripit,

150 2180 220 2234 vix
244 2184 528 2255 quisquam
558 2187 705 2243 enim
733 2196 816 2243 est
846 2188 988 2243 inter
1016 2204 1200 2244 sacros
1226 2188 1548 2259 scriptoreS‚
1581 2187 1675 2259 qui
1707 2185 2058 2243 crudioribus
2087 2186 2419 2259 imaginibus
2453 2186 2654 2259 flagitia

149 2271 310 2337 populi
335 2270 629 2341 describat,
658 2274 973 2331 durioribus
1000 2274 1467 2347 increpationibus
1492 2274 1932 2331 abominationes
1961 2275 2149 2346 populi
2172 2274 2428 2347 profliget
2454 2295 2468 2329 ε
2498 2288 2658 2329 verus

150 2358 391 2415 Ezechiel
427 2361 551 2429 (vir,
578 2378 747 2433 quem
772 2365 924 2418 Deus
950 2362 1253 2430 confortat)
1292 2363 1413 2419 zelo
1442 2362 1632 2421 divino
1661 2361 1924 2433 abreptus
1959 2361 2122 2418 etiam
2170 2371 2288 2418 toto
2318 2360 2540 2418 dicendi
2573 2359 2656 2417 sui

147 2457 319 2511 genere
345 2447 620 2505 lectorum
647 2450 863 2506 animos
890 2449 1120 2507 horrore
1151 2452 1407 2506 vitiorum
1434 2451 1643 2522 implet.

206 2536 265 2586 At
289 2550 399 2590 non
426 2536 615 2591 minus
636 2537 865 2610 insignis
880 2580 893 2607 ,
922 2554 1089 2611 quam
1113 2540 1229 2595 eius
1250 2537 1617 2602 vehementia,
1645 2547 1728 2593 est
1749 2538 1866 2594 eius
1890 2537 2215 2603 obscuritaS‚
2241 2536 2309 2593 de
2335 2553 2442 2609 qua
2467 2540 2658 2593 Patres

148 2616 556 2695 interprete-sque
582 2640 775 2681 omnes
802 2635 1217 2698 conqueruntur
1243 2634 1300 2681 et
1325 2625 1430 2697 ipsi
1456 2626 1621 2696 primi
1651 2625 2032 2681 vaticiniorum
2061 2624 2344 2680 auditores
2369 2626 2482 2680 iam
2521 2640 2656 2680 con-

149 2709 301 2774 questi
324 2719 479 2779 sunt,
508 2712 673 2768 simul
704 2712 972 2769 rationem
1002 2714 1351 2785 praecipuam
1386 2712 1739 2769 obscuritatis
1765 2711 2074 2768 indicantes
2108 2733 2123 2768 z
2166 2731 2190 2763 ι
2222 2712 2507 2783 Numquid
2542 2728 2655 2767 non

150 2806 229 2861 per
260 2798 546 2865 parabolas
581 2799 828 2871 loquitur
864 2804 965 2856 iste
998 2822 1022 2852 J)
1057 2802 1303 2871 (20‚40)?
1342 2802 1536 2873 Longe
1573 2800 1779 2856 scilicet
1814 2800 1993 2855 maior
2029 2798 2156 2855 libri
2195 2814 2321 2870 pars
2361 2799 2658 2855 visionibus

148 2892 361 2955 constat,
395 2887 705 2943 actionibus
740 2888 1075 2960 symbolicis,
1108 2888 1588 2960 parabolis,-quae
1625 2886 1746 2958 ipsa
1784 2895 1984 2943 natura
2021 2902 2121 2943 sua
2157 2886 2368 2957 aliquid
2409 2885 2656 2958 perplexi

149 2965 329 3027 habent
346 2982 401 3030 et
425 2973 697 3046 impediti.
727 2974 957 3032 Accedit
984 2984 1189 3045 autem,
1222 2974 1373 3047 quod
1399 2975 1660 3031 Ezechiel
1695 2974 1934 3030 visiones
1961 2989 2090 3029 suas
2123 2980 2178 3029 et
2215 2974 2507 3045 parabolas
2543 2990 2654 3029 non

149 3055 426 3130 adumbret,
474 3063 558 3117 uti
598 3063 691 3119 alii
732 3063 911 3119 facere
952 3065 1161 3133 solent,
1201 3062 1298 3119 sed
1340 3063 1750 3119 accuratissime
1787 3072 1843 3118 et
1877 3061 2245 3119 minutissime
2283 3061 2562 3117 describat
2603 3070 2659 3116 et

150 3148 280 3213 quasi
300 3148 577 3223 depingat.
605 3149 723 3220 Qua
748 3166 935 3207 rerum
960 3150 1300 3208 minutarum
1321 3151 1656 3207 exuberante
1681 3150 1840 3222 copia
1862 3165 2020 3206 mens
2041 3166 2156 3205 non
2180 3164 2378 3221 parum
2402 3148 2658 3204 distrahi·
2703 3186 2712 3197 .

150 3238 223 3286 tur
242 3244 399 3307 atque
424 3238 521 3293 illa
540 3276 557 3303 ,
584 3253 725 3310 quae
751 3239 811 3293 in
839 3239 1142 3296 visionibus
1179 3239 1405 3295 maioris
1432 3239 1698 3295 momenti
1726 3246 1857 3294 sunt
1882 3246 1980 3294 aut
2005 3238 2066 3292 in
2093 3236 2399 3293 actionibus
2425 3236 2652 3310 symbo-

152 3317 246 3375 licis
270 3324 652 3397 parabolisque
686 3325 758 3382 ad
784 3324 967 3381 ideam
994 3326 1413 3398 exprimendam
1450 3342 1578 3382 vere
1619 3326 1924 3396 pertinent,
1959 3323 2282 3381 difficillime
2307 3324 2376 3381 ab
2411 3325 2533 3381 aliis
2569 3324 2658 3379 di-

150 3407 492 3481 stinguuntur‚
526 3428 667 3483 quae
704 3422 933 3469 ornatus
968 3415 1149 3483 potius
1184 3423 1282 3470 aut
1308 3414 1750 3485 amplificationis
1786 3412 1963 3486 gratia
2003 3412 2263 3468 videntur
2291 3427 2408 3468 esse
2444 3412 2654 3469 addita.

152 3492 287 3552 Unde
314 3498 465 3556 facile
494 3500 585 3569 fit,
616 3510 681 3557 ut
706 3503 965 3574 mysteria
1004 3501 1080 3557 ibi
1117 3511 1473 3574 quaerantur,
1504 3502 1603 3558 ubi
1629 3502 1784 3558 nulla
1817 3508 1974 3569 sunt,
2007 3508 2105 3557 aut
2140 3500 2247 3557 alia
2284 3500 2656 3573 negligantur,

153 3596 269 3650 quae
293 3587 441 3645 ideae
469 3590 780 3646 accuratius
807 3588 1154 3645 definiendae
1175 3590 1499 3645 inserviunt.

217 3755 266 3811 4.
295 3787 368 3798 —
394 3758 628 3817 Ultima
658 3756 1001 3818 Ezechielis
1025 3758 1229 3836 capita
1252 3756 1539 3836 (40.-48.)
1567 3760 1710 3818 sunt
1740 3757 2081 3835 symbolica
2105 3762 2169 3818 et
2195 3758 2442 3837 poetica
2463 3757 2658 3817 futuri

156 3850 301 3923 regni
319 3852 693 3925 messianici,
729 3854 771 3913 i.
795 3871 850 3913 e.
872 3853 1203 3927 Ecclesiae,
1225 3854 1599 3931 descriptio;
1634 3854 1752 3914 sub
1783 3852 2088 3932 symbolis
2119 3855 2287 3914 enim
2308 3853 2527 3930 templi
2552 3870 2656 3911 va-

157 3942 381 4007 stissimi
412 3950 477 4009 in
503 3949 634 4009 alto
664 3953 878 4010 monte
908 3951 1135 4021 erecti,
1171 3950 1377 4010 cultus
1410 3950 1652 4011 levitici
1687 3950 2018 4028 splendide
2057 3951 2420 4021 restaurati,
2453 3955 2657 4008 terrae

158 4036 472 4105 admirabili
503 4046 677 4105 fonte
698 4046 1112 4106 foecundatae
1134 4050 1197 4106 et
1217 4046 1383 4106 inter
1401 4046 1742 4107 duodecim
1763 4047 1966 4107 tribus
1987 4046 2386 4123 advenasque
2407 4044 2657 4122 aequali

160 4136 319 4197 modo
354 4139 753 4216 distributae,
788 4141 1089 4202 describit
1136 4142 1443 4219 propheta
1485 4144 1662 4221 regni
1695 4141 2055 4202 messianici
2087 4141 2653 4220 pulchritudinem,

163 4234 514 4297 sanctitatem
530 4285 543 4310 ,
577 4238 1133 4299 universalitatem.

218 4362 348 4421 Inter
376 4368 681 4425 Ezechielis
707 4370 995 4441 pericopas
1030 4369 1293 4426 obscuras
1322 4369 1654 4426 obscuritate
1683 4371 1928 4425 eminent
1967 4368 2159 4423 ultima
2197 4366 2318 4422 eius
2346 4368 2556 4439 capita,
2587 4370 2658 4425 ad

166 4460 279 4515 quae
296 4456 607 4525 explicanda
628 4456 905 4527 proposita
932 4465 1061 4512 sunt
1080 4456 1231 4513 varia
1260 4465 1576 4529 systemata.
1604 4457 1711 4512 Alii
1735 4457 1882 4511 enim
1907 4456 2132 4527 proprio
2152 4455 2339 4511 sensui
2363 4456 2662 4513 verborum

167 4532 297 4604 eique
319 4542 417 4597 soli
439 4544 731 4601 inhaerere
762 4544 986 4611 volunt,
1016 4544 1095 4599 ita
1122 4552 1184 4599 ut
1210 4544 1480 4614 propheta
1504 4544 1576 4600 de
1602 4544 1811 4614 templo
1840 4544 2289 4615 ierosolymitano
2323 4552 2378 4599 et
2405 4545 2554 4600 cultu
2587 4544 2663 4600 ibi

168 4624 369 4683 exercito
392 4631 677 4703 loquatur;
708 4632 855 4689 inter
882 4648 941 4687 se
969 4640 1156 4687 tamen
1184 4648 1297 4687 non
1326 4635 1489 4703 plane
1517 4632 1882 4701 conveniunt,
1914 4631 2187 4705 siquidem
2217 4634 2523 4689 secundum
2557 4634 2661 4689 ali-
