3050 5184
502 319 619 378 578
663 332 739 376 ns.
776 332 914 376 Novi
962 331 1129 376 Tasr.
1176 332 1375 376 unms
1425 331 1776 376 mnscrrms.
1815 349 1895 358 ——
1921 331 2047 375 mr.
2096 332 2163 374 11.
2199 330 2274 374 nr:
2313 331 2500 374 Errsr.
2532 329 2696 372 mum
2733 327 2966 371 smne-us.

502 473 559 520 et
586 464 805 520 duobus
836 464 995 522 annis
1024 472 1151 535 post
1178 464 1381 519 Paulus
1408 463 1466 519 in
1494 462 1726 519 vinculis
1763 461 1864 518 ruit
1891 479 1996 518 nec
2023 461 2240 532 Titum,
2271 470 2335 517 ut
2363 461 2668 531 Nicopolim
2693 458 2756 516 ad
2787 477 2838 516 se
2863 462 2968 515 veni·

502 561 605 622 ret,
634 553 866 608 invitare
892 551 1089 623 potuit.
1122 581 1195 594 -
1220 551 1404 620 Quare
1434 549 1584 607 haud
1615 551 1776 622 pauci
1811 551 2142 621 interpretes
2173 550 2288 605 iam
2316 558 2446 604 ante
2476 548 2708 620 priorem
2742 549 2966 618 captivita-

500 648 615 695 tem
656 640 893 695 Paulum
934 654 1061 695 cum
1090 639 1211 694 Tito
1242 639 1465 694 Cretam
1499 639 1714 694 venisse
1743 647 1996 704 censent,
2038 635 2134 693 sed
2182 636 2320 693 illud
2349 637 2474 701 iter,
2511 637 2590 692 uti
2623 635 2786 690 multa
2815 635 2964 700 alia,a

502 728 560 783 S.
591 728 745 784 Luca
771 727 831 782 in
854 726 1083 782 Actibus
1120 742 1238 782 esse
1276 725 1564 782 omissum.
1595 727 1694 782 Cui
1719 726 2022 781 sententiae
2051 725 2262 794 obstat,
2289 723 2443 796 quod
2469 723 2606 780 nulli
2631 723 2848 793 tempori
2879 731 2961 776 ante

498 815 743 885 priorem
784 813 1161 886 captivitatem
1194 814 1300 870 iter
1334 813 1602 870 creticum
1641 821 1768 885 apte
1805 813 2136 886 assignetur.
2169 814 2363 884 Neque
2389 812 2538 868 enim
2565 811 2846 883 Apostolus
2869 809 2961 864 illud

500 903 657 971 fecit,
684 910 985 974 antequam
1012 903 1069 958 in
1105 900 1269 958 tertIa
1296 917 1395 958 sua
1432 899 1782 972 expeditione
1807 899 2011 973 Ephesi
2040 899 2272 970 resedit,
2305 899 2434 971 quia
2477 908 2636 954 antea
2671 897 2880 970 Apollo,
2903 899 2962 968 qui

498 1005 626 1048 cum
647 989 773 1046 Tito
802 990 861 1044 in
887 990 1049 1045 Creta
1076 996 1196 1044 erat
1222 987 1448 1044 relictus
1476 993 1668 1055 (33³),
1697 986 1950 1044 nondum
1973 995 2094 1044 erat
2120 988 2269 1044 inter
2287 987 2538 1059 Apostoli
2565 986 2740 1042 socios
2767 985 2858 1052 (cfr
2874 988 2960 1040 Act.

501 1083 661 1146 18,24
684 1093 833 1148 sqq.;
868 1083 892 1133 1
936 1080 1070 1133 Cor.
1112 1080 1319 1144 16‚12);
1350 1091 1534 1147 neque
1571 1075 1806 1131 triennio
1843 1074 1970 1142 illo,
2011 1090 2121 1147 quo
2154 1075 2358 1147 Ephesi
2393 1074 2582 1131 sedem
2617 1089 2768 1130 suam
2801 1074 2960 1131 fixerat.

498 1165 633 1221 illud
675 1165 782 1220 iter
820 1163 999 1220 facere
1047 1163 1250 1234 potuit,
1287 1162 1417 1235 quia
1455 1163 1622 1220 verba
1659 1165 1714 1219 S.
1747 1165 1930 1218 Lucae
1961 1167 2115 1231 (Act.
2153 1169 2277 1232 199
2309 1178 2396 1234 sq.
2429 1170 2485 1218 et
2509 1165 2692 1229 2⁰31)
2720 1161 2962 1232 longiorem

495 1251 655 1308 Pauli
692 1251 998 1307 absentiam
1044 1250 1374 1319 excludunt3
1407 1267 1590 1322 neque
1635 1249 1850 1321 Epheso
1901 1249 2205 1321 profectus,
2239 1258 2538 1321 antequam
2581 1251 2899 1320 lerosolymis
2929 1248 2962 1300 in

494 1339 712 1396 vincula
738 1339 1021 1395 coniectus
1051 1347 1161 1406 est,
1193 1338 1301 1396 iter
1329 1336 1470 1393 illud
1502 1337 1768 1404 instituit,
1800 1337 1929 1409 quia
1975 1337 2162 1394 omnia
2203 1337 2359 1393 istius
2403 1337 2670 1406 temporis
2711 1335 2964 1392 intermedi1

493 1428 691 1484 itinera
718 1429 899 1483 Lucas
922 1427 1074 1499 (Act.
1106 1426 1455 1498 20,1-21‚15)
1484 1434 1602 1482 tam
1626 1434 1882 1482 accurate
1907 1434 2187 1495 recenset,
2213 1434 2279 1480 ut
2305 1425 2623 1482 excursioni
2649 1423 2864 1480 cretensi
2887 1438 2965 1477 nou

492 1517 836 1587 relinquatur
864 1515 1038 1570 locus,
1072 1517 1266 1585 Itaque
1302 1522 1505 1581 restat,
1533 1523 1596 1570 ut
1633 1515 1868 1570 Paulum
1901 1522 2026 1584 post
2059 1514 2304 1586 priorem
2331 1514 2735 1584 captivitatem,
2765 1527 2908 1583 quum
2927 1511 2964 1563 in
3008 1555 3009 1576 ἢ

492 1603 777 1659 Orientem
806 1610 1202 1670 reverteretur,
1232 1617 1361 1657 cum
1397 1603 1519 1658 Tito
1561 1603 1784 1660 Cretam
1809 1602 2110 1674 appulisse,
2141 1615 2208 1658 ac
2236 1601 2397 1672 proin
2429 1601 2724 1672 epistolam
2747 1599 2965 1656 inultimo

491 1691 731 1746 triennio
770 1691 911 1746 vitae
939 1689 1271 1760 apostolicae
1298 1689 1676 1760 (probabiliter
1703 1698 1911 1746 aestate
1939 1705 1990 1745 a.
2021 1694 2135 1756 65.)
2165 1690 2426 1760 scriptam
2453 1705 2577 1746 esse
2606 1687 2856 1744 dicamus.

570 1859 627 1917 3.
660 1891 739 1900 --
772 1859 869 1916 ΙΙΙ.
901 1857 1034 1928 Qua
1060 1873 1377 1918 occsstoua:
1405 1858 1672 1934 epistola
1700 1859 1783 1918 sit
1809 1859 2071 1936 scripta,
2099 1857 2344 1918 facilius
2373 1857 2694 1918 definitur.
2718 1861 2800 1918 De
2825 1857 2964 1916 rebus
3008 1897 3009 1908 ,

493 1953 895 2014 ecclesiarum
916 1954 1069 2014 olim
1095 1954 1159 2014 in
1190 1953 1443 2014 Oriente
1473 1953 1871 2015 fundatarum
1899 1953 2212 2015 sollicitus
2240 1954 2584 2032 Apostolus
2604 1955 2712 2015 diu
2728 1954 2788 2013 in
2809 1951 2964 2012 insula

489 2050 863 2112 commorari
887 2067 1014 2110 non
1039 2051 1243 2128 potuit
1264 2069 1277 2123 ;
1297 2050 1521 2128 positis
1543 2051 1738 2128 igitur
1754 2049 2179 2111 fundamentis
2199 2050 2514 2128 reliquum
2541 2053 2848 2130 negotium
2865 2051 2964 2107 Tito

488 2147 836 2218 commisit,
878 2147 990 2224 qui
1036 2163 1136 2220 ea,
1184 2163 1340 2224 quae
1390 2145 1713 2219 deessent,
1761 2148 2105 2224 corrigeret
2145 2151 2210 2208 et
2249 2163 2363 2224 per
2403 2148 2684 2225 singulas
2737 2147 2962 2206 civitates

489 2244 883 2321 presbyteros
907 2243 1335 2304 constitueret.
1366 2242 1497 2313 Quo
1529 2260 1794 2304 munere
1825 2248 1897 2303 ut
1928 2244 2154 2304 melius
2185 2243 2357 2321 fungi
2391 2251 2640 2322 posset,
2674 2243 2962 2321 discipulus

486 2340 743 2399 monitis
770 2340 1087 2400 nonnullis
1113 2339 1462 2417 indigebat,
1485 2356 1692 2416 neque
1715 2339 1822 2413 iis,
1853 2355 2010 2416 quae
2033 2339 2179 2400 viva
2197 2357 2348 2400 voce
2373 2340 2668 2413 dederat,
2693 2343 2961 2402 contentus

484 2435 821 2514 Apostolus
844 2437 1019 2496 brevi
1052 2439 1196 2513 post
1220 2453 1406 2497 suum
1437 2433 1787 2496 discessum
1822 2453 1896 2496 ea
1924 2435 2176 2514 scriptis
2205 2435 2408 2496 literis
2440 2437 2784 2515 repetenda
2810 2436 2958 2496 duxit,
3008 2455 3009 2468 2

485 2533 785 2610 quoniam
814 2533 878 2591 in
908 2532 1194 2592 ecclesiis
1234 2532 1626 2594 cretensibus
1663 2531 1998 2592 fundandis
2036 2533 2338 2607 maioreS,
2369 2551 2560 2610 quam
2594 2535 2662 2595 in
2697 2533 2856 2606 aliis,
2890 2548 2960 2590 su·

482 2629 791 2707 parandae
818 2633 993 2690 erant
1023 2628 1443 2690 difficultates

552 2746 633 2798 Ex
662 2741 870 2814 duplici
905 2751 1093 2798 autem
1133 2741 1283 2798 fonte
1320 2741 1674 2798 difficultates
1704 2742 1832 2798 illae
1858 2743 2268 2800 exoriebantur.
2299 2744 2442 2799 Nam
2467 2745 2762 2802 Cretenses
2788 2751 2962 2816 propter

481 2830 605 2886 vitia
634 2847 733 2886 sua
762 2830 821 2886 in
858 2838 975 2886 tota
1005 2830 1331 2901 antiquitate
1369 2837 1527 2886 erant
1557 2829 1777 2897 famosi,
1812 2847 1994 2903 neque
2021 2832 2138 2887 sine
2175 2831 2388 2886 ratione
2415 2835 2720 2904 Apostolus
2745 2831 2961 2902 discipulo
3008 2841 3009 2858 ²

481 2919 621 2974 eain
642 2918 968 2974 memoriam
996 2918 1305 2988 revocavit,
1329 2931 1471 2989 quae
1494 2917 1565 2974 de
1583 2917 1698 2974 suis
1726 2917 2128 2976 contribulibus
2151 2919 2286 2974 olim
2311 2919 2667 2993 Epimenides
2689 2921 2829 2978 Cret.
2851 2918 2961 2973 dixe·

478 3014 565 3060 rat
604 3009 802 3074 (1,12);
835 3005 1069 3060 ludaeos
1098 3013 1312 3073 autem,
1358 3005 1455 3076 qui
1500 3005 1820 3077 frequentes
1867 3006 2104 3062 insulam
2131 3005 2447 3063 incolebant
2478 3008 2589 3079 (Fl.
2623 3009 2836 3080 loseph..
2861 3006 2958 3062 Bell.

480 3093 592 3148 iud.
621 3095 693 3148 11.
723 3099 756 3148 7
770 3115 785 3160 ;
816 3093 985 3149 Philo
1014 3094 1208 3165 Legat.
1233 3091 1306 3148 ad
1328 3092 1439 3150 Cai.
1476 3097 1587 3162 36),
1619 3093 1855 3149 ethnicis
1880 3109 1996 3149 non
2024 3093 2192 3150 fuisse
2215 3095 2492 3164 meliores,
2524 3103 2761 3152 testatur
2785 3097 2834 3152 S.
2856 3097 2961 3150 Pau·

478 3181 775 3247 lus(1,10).
807 3179 897 3234 Ad
924 3195 1092 3251 quam
1128 3195 1349 3234 morum
1383 3181 1796 3251 corruptionem
1825 3182 2195 3238 universalem
2233 3182 2474 3238 alterum
2507 3183 2802 3240 accedebat
2829 3183 2962 3238 maius

478 3269 800 3337 perieulum.
828 3268 1045 3322 Etenim
1074 3268 1431 3340 Evangelium
1456 3269 1568 3323 iam
1610 3275 1738 3324 ante
1784 3269 1940 3324 Pauli
1971 3278 2026 3326 et
2051 3270 2160 3324 Titi
2196 3269 2498 3327 adventum
2536 3271 2595 3326 in
2622 3271 2848 3327 insulam
2877 3275 2960 3322 emt

477 3355 705 3410 allatum
730 3354 871 3410 forte
896 3371 993 3426 per
1018 3354 1144 3410 illos
1171 3356 1379 3424 Cretes,
1410 3355 1503 3427 qui
1533 3356 1592 3411 in
1619 3356 1798 3427 prima
1826 3365 2146 3427 pentecoste
2173 3358 2323 3414 Petri
2345 3373 2664 3415 sermonem
2688 3359 2961 3416 audiverant

479 3447 627 3508 (Act.
656 3447 835 3511 2,11);
868 3453 926 3497 at
954 3458 1081 3497 cum
1113 3442 1261 3499 bono
1301 3443 1510 3499 semine
1553 3442 1716 3499 simul
1754 3445 1924 3500 etiam
1963 3443 2222 3502 haereses
2253 3445 2530 3517 pullulare
2566 3448 2680 3503 iam
2716 3451 2962 3517 coeperant
3008 3501 3009 3514 ¹

476 3535 643 3598 (mo.
678 3536 763 3587 11.
808 3537 903 3599 ¹43
936 3533 1055 3598 3,9”
1076 3535 1249 3601 sqq.);
1282 3530 1473 3587 fideles
1510 3533 1658 3587 enim
1697 3533 1957 3588 iniustas
1993 3533 2255 3589 ecclesias
2283 3533 2532 3590 nondum
2560 3535 2866 3608 congregati
2891 3531 2961 3586 de·
3008 3523 3009 3548 ³

474 3618 691 3674 ficiente
719 3627 1005 3689 pastorum
1044 3617 1323 3689 vigilantia
1352 3627 1512 3675 erant
1549 3619 1690 3675 sicut
1718 3635 1848 3676 oves
1877 3619 2160 3692 dispersae
2187 3621 2603 3680 incursionibus
2625 3625 2870 3695 luporum
2891 3635 2960 3674 ex-

472 3706 701 3778 positae.
726 3706 904 3762 Multo
933 3704 1207 3761 difficilior
1235 3722 1369 3779 ergo
1400 3716 1519 3762 erat
1547 3707 1605 3763 in
1645 3709 1828 3777 Creta,
1859 3724 2028 3780 quam
2069 3711 2127 3764 in
2174 3709 2296 3765 aliis
2342 3709 2536 3778 terris,
2567 3727 2758 3768 rerum
2799 3717 2958 3766 status:
3008 3769 3009 3780 ἢ

470 3810 573 3850 nec
600 3795 893 3866 quisquam
930 3793 1243 3863 mirabitur,
1276 3793 1427 3865 quod
1454 3811 1556 3866 pro
1580 3811 1680 3852 sua
1709 3795 2010 3867 apostolica
2041 3796 2412 3853 sollicitudine
2431 3801 2758 3869 Apostolus,
2781 3799 2862 3870 qui
2887 3810 2959 3849 ua·

471 3890 685 3938 scentes
724 3881 845 3937 illas
872 3879 1127 3938 ecclesias
1153 3880 1361 3938 maiore
1389 3897 1521 3938 cura
1549 3882 1798 3956 indigere
1827 3883 2074 3954 videbat,
2105 3885 2372 3956 discipulo
2409 3901 2510 3942 suo
2539 3887 2692 3943 viam
2718 3883 2960 3942 ostendere
3008 3873 3009 3888 ἢ

470 3971 729 4035 voluerit,
762 3986 870 4041 qua
899 3969 1254 4026 difficultates
1280 3985 1542 4041 superare
1571 3980 1782 4042 posset.
3008 3955 3009 3976 Τ

548 4143 605 4198 4.
628 4139 826 4198 --1v.
848 4143 1270 4198 Aneuusuruu
1285 4155 1359 4199 Er
1392 4155 1606 4200 nivism
1625 4157 1962 4201 EPISTOLAE.
1997 4141 2276 4218 Duplicis
2295 4143 2543 4220 generis
2571 4149 2720 4204 sunt
2741 4141 2954 4203 monita.

468 4252 625 4312 quae
646 4235 711 4296 S.
733 4235 963 4296 Paulus
984 4235 1049 4294 in
1070 4233 1189 4295 hac
1212 4235 1479 4313 epistola
1502 4235 1723 4310 tradit;
1754 4238 2134 4315 praeprimis
2160 4239 2542 4317 discipulum
2567 4257 2756 4301 suum
2779 4239 2953 4299 docet.
3008 4309 3009 4324 χ

466 4331 543 4391 ad
580 4349 738 4409 quae
776 4332 843 4390 in
890 4331 1197 4410 eligendis
1228 4332 1636 4392 ecclesiarum
1670 4334 2060 4412 preshyteris
2089 4335 2414 4396 attendere
2457 4337 2686 4397 debeat
2707 4333 2954 4417 (1,5-16·.

468 4427 693 4489 deinde
726 4445 888 4506 quae
924 4429 1127 4488 officia
1156 4429 1284 4488 sint
1306 4429 1700 4506 singularum
1720 4429 2018 4491 classium
2037 4437 2101 4492 et
2132 4431 2426 4493 ordinum
2451 4432 2728 4512 (zi-15),
2761 4430 2954 4509 quibus

467 4524 854 4599 generaliora
882 4525 1186 4602 quaedam
1212 4530 1548 4605 praecepta
1571 4527 1856 4605 adiungit
1885 4527 2177 4608 (3,1-11).
3008 4607 3009 4612 ἵ

538 4637 851 4709 Inscriptio
879 4637 1097 4710 longior
1120 4644 1340 4710 (1,1-4),
1374 4655 1481 4712 qua
1504 4640 1664 4696 Pauli
1688 4640 1926 4714 dignitas
1953 4640 2308 4714 describitur,
2335 4643 2548 4703 videtur
2581 4660 2700 4700 esse
2727 4639 2952 4716 praefixa.
