3050 5184
320 315 436 374 428
465 331 538 375 DE
565 331 702 374 vE‘r.
733 331 984 375 TESTAM.
1013 331 1200 376 Limus
1227 331 1626 375 PROPHETICIS.
1660 347 1735 358 --
1758 330 1889 374 CAP.
1922 331 2001 374 Vl.
2032 331 2106 374 m:
2130 299 2461 374 muomnus
2484 325 2831 372 Pnopunrts.

318 464 496 519 tinent
531 465 742 520 ratione
779 479 891 518 non
919 463 1110 520 habita
1127 505 1143 532 ,
1173 464 1251 520 ita
1278 473 1340 520 ut
1367 465 1697 530 sententiae,
1734 479 1873 536 quae
1901 462 2131 518 diversis
2168 475 2395 532 prorsus
2420 461 2483 514 in
2508 457 2841 529 temporibus

321 560 449 606 sunt
479 552 897 622 pronuntiatae,
925 552 982 607 in
1009 551 1151 608 libro
1187 560 1380 608 nostro
1417 551 1737 608 immediate
1764 567 1882 606 sese
1915 551 2167 620 excipere
2196 546 2510 617 videantur,
2540 561 2711 619 quare
2751 561 2843 600 ex-

321 647 480 694 terno
513 654 660 696 nexu
686 638 978 696 deficiente
1003 640 1256 696 internus
1283 655 1504 712 quoque
1526 655 1641 694 non
1660 640 1807 695 clare
1834 639 2177 711 perspicitur.

402 792 459 850 5.
493 825 570 832 —
596 791 768 850 Libri
799 792 955 852 Osee
985 791 1296 851 authentia
1319 795 1384 850 et
1412 791 1624 851 divina
1653 795 1977 850 auctoritas
2014 787 2378 866 Scripturae
2410 792 2473 846 et
2500 784 2853 844 traditionis

326 887 704 946 testimoniis
733 891 905 947 extra
933 887 1460 965 disceptationem
1492 892 1644 948 sunt
1666 887 1929 965 positae.

392 1008 628 1063 Nomine
656 1008 956 1080 prophetae
984 1023 1242 1078 expresso
1269 1008 1627 1079 Prophetiam
1653 1017 1903 1064 nostram
1930 1009 2134 1080 allegat
2158 1009 2215 1063 S.
2240 1005 2471 1062 Paulus
2496 1005 2680 1074 (Rom.
2704 1007 2853 1066 935.

327 1097 434 1166 26),
465 1095 689 1150 nomine
716 1096 835 1150 eius
861 1096 1028 1151 tacito
1063 1095 1212 1151 haud
1245 1111 1416 1166 pauca
1445 1111 1512 1152 ex
1540 1097 1635 1152 illa
1671 1097 1913 1152 iuniores
1938 1099 2004 1151 V.
2035 1097 2101 1151 Τ.
2130 1095 2425 1164 scriptores
2448 1091 2851 1148 adhibuerunt.

327 1183 650 1253 praesertim
679 1183 933 1238 Ezechiel
963 1193 1020 1238 et
1047 1184 1329 1239 Ieremias,
1357 1184 1513 1252 Quae
1542 1183 1731 1240 multis
1759 1183 2024 1253 exemplis
2062 1181 2394 1238 confirmare
2432 1194 2572 1249 opus
2596 1193 2713 1232 non
2740 1184 2853 1237 cst.

327 1285 498 1341 quum
525 1271 626 1339 ipsi
663 1271 1040 1326 rationalistae
1071 1270 1146 1327 ad
1173 1287 1348 1326 unum
1377 1286 1572 1327 omnes
1611 1271 1891 1343 (singulari
1916 1271 2119 1342 integri
2143 1267 2273 1324 libri
2303 1268 2493 1323 indole
2530 1264 2859 1336 praesertim

327 1357 458 1425 nixi)
483 1358 666 1414 omnia
694 1359 946 1415 vaticinia
969 1373 1272 1430 eorumque
1306 1360 1689 1415 collectionem
1712 1361 1918 1426 Oscae,
1946 1357 2059 1414 filio
2086 1357 2272 1424 Beeri‚
2300 1354 2622 1412 attribuant.
2657 1381 2735 1394 —-
2753 1351 2860 1406 Ca-

328 1446 596 1502 nonicitas
636 1454 822 1502 autem
858 1446 984 1502 libri
1012 1446 1180 1502 etiam
1202 1447 1336 1502 solis
1355 1448 1424 1503 N.
1459 1449 1524 1502 T.
1554 1446 1879 1502 testimoniis
1922 1447 2033 1500 iam
2060 1444 2395 1500 sufficienter
2422 1441 2859 1498 demonstratur.

328 1534 603 1590 Dominus
647 1533 814 1589 verba
861 1532 1136 1604 quaedam
1173 1536 1314 1590 Osee
1351 1534 1484 1605 (6,6)
1521 1533 1828 1590 Pharisaeis
1869 1533 2155 1604 proposuit
2182 1529 2568 1604 perpendenda
2616 1527 2861 1594 (Mami.

329 1627 485 1689 9,13;
519 1626 691 1690 12,7);
719 1623 774 1676 S.
798 1621 1113 1676 Matthaeus
1135 1623 1301 1692 (2,15)
1329 1620 1496 1676 verba
1519 1620 1821 1693 prophetae
1845 1619 1914 1676 de
1942 1620 2111 1676 lsrael
2142 1636 2209 1675 ex
2236 1623 2485 1692 Aegypto
2514 1626 2712 1672 vocato
2736 1615 2863 1686 (Os.

335 1713 478 1775 11,1)
505 1710 686 1779 typice
719 1708 788 1763 de
821 1708 1043 1764 Christo
1080 1709 1400 1780 explicavit3
1432 1710 1488 1764 S.
1519 1710 1726 1766 Paulus
1760 1725 1871 1764 non
1898 1717 2115 1764 tantum
2142 1709 2199 1762 in
2223 1708 2451 1779 epistola
2479 1703 2549 1760 ad
2578 1706 2869 1759 Romanos

334 1801 476 1865 (9,25
506 1811 589 1866 sq.
626 1798 724 1850 0³.
759 1801 904 1863 1,10)
933 1796 1031 1852 sed
1060 1797 1225 1852 etiam
1253 1798 1310 1852 in
1349 1804 1400 1852 1.
1435 1796 1687 1854 Corinth.
1722 1799 1903 1866 (15‚14
1932 1796 2015 1852 cl'r
2048 1799 2147 1850 Os.
2181 1794 2357 1864 13‚14)
2389 1792 2643 1849 vaticinia
2672 1797 2865 1846 nostra

332 1899 432 1954 pro
460 1882 788 1940 auctoritate
813 1883 1085 1941 adhibuit.
1117 1886 1211 1942 SS.
1243 1887 1438 1942 Patres
1467 1900 1659 1940 omnes
1696 1893 1753 1940 et
1788 1884 2133 1940 authentiam
2160 1891 2214 1938 et
2242 1881 2630 1938 auctoritatem
2662 1877 2869 1950 integri

333 1971 457 2027 libri
481 1971 794 2044 agnovisse,
827 1979 980 2027 extra
1009 1973 1441 2028 controversiam
1471 1981 1573 2028 est.

1089 2179 1123 2261 ξ
1152 2183 1259 2244 22.
1297 2216 1384 2225 —
1413 2181 1506 2242 De
1541 2177 1899 2264 Proplzecz‘a
1932 2170 2093 2242 Ioel.

418 2381 473 2439 1.
507 2411 582 2422 —
613 2377 858 2450 Ioelem,
889 2377 1086 2458 filium
1127 2378 1417 2449 Pltaluel,
1444 2397 1519 2439 ex
1550 2397 1741 2456 regno
1780 2378 2179 2438 meridionali
2211 2376 2550 2438 oriundum
2580 2375 2778 2436 fuisse
2802 2377 2875 2433 et

337 2477 402 2534 in
433 2475 656 2535 eodem
689 2493 922 2536 munus
953 2475 1391 2554 propheticum
1423 2476 1805 2546 exercuisse,
1838 2475 2177 2535 verisimile
2210 2479 2335 2548 est;
2371 2473 2449 2532 de
2480 2473 2617 2533 eius
2648 2477 2873 2531 autem

336 2572 500 2631 vitae
528 2572 773 2632 ratione
802 2571 959 2632 nihil
991 2590 1138 2633 cum
1167 2573 1609 2650 probabilitate
1634 2573 1825 2633 asseri
1854 2576 2084 2651 potest.

409 2694 627 2749 Nomen
650 2693 773 2749 Ioel
816 2674 996 2764 (5⁸57,
1033 2692 1188 2748 cuius
1205 2692 1545 2764 probabilior
1564 2691 1857 2763 explicatio
1877 2700 1960 2748 est
1994 2674 2073 2770 5253
2107 2691 2178 2757 ii,
2213 2693 2391 2750 [alive
2414 2697 2500 2747 est
2526 2692 2701 2760 Deus)
2732 2690 2875 2746 satis

341 2806 596 2879 frequens
623 2816 743 2863 erat
759 2809 906 2863 inter
929 2805 1165 2862 Iudaeos
1198 2809 1240 2874 (l
1273 2812 1412 2863 Par.
1443 2813 1555 2875 5,4.
1590 2814 1651 2876 83
1684 2813 1737 2878 6,
1770 2813 1839 2862 36
1868 2815 2005 2872 etc.;
2038 2814 2129 2876 7,3
2154 2807 2303 2876 etc.),
2335 2820 2505 2877 quare
2532 2805 2719 2875 inepta
2746 2811 2877 2858 erat

339 2902 649 2976 aliquorum
672 2904 984 2959 coniectura
1001 2943 1016 2968 ,
1041 2903 1134 2974 qui
1156 2903 1484 2975 prophetam
1503 2912 1753 2959 nostrum
1776 2901 2035 2958 dixerunt
2056 2903 2232 2961 filium
2254 2901 2527 2960 Samuelis
2548 2899 2651 2966 (cfr
2676 2905 2699 2956 1
2728 2905 2871 2972 Req.

339 2995 470 3059 8,2).
502 2995 674 3047 Recte
696 3000 882 3047 autem
904 2991 1016 3046 iam
1033 2991 1250 3046 monuit
1272 2992 1329 3046 S.
1361 2993 1741 3060 Hieronymus
1768 2991 1845 3060 (in
1866 2992 1982 3046 Ioel
2011 2991 2141 3061 1,1),
2165 2991 2439 3062 integram
2466 2997 2717 3044 nostram
2742 3003 2875 3060 pro-

341 3078 582 3148 phetiam
604 3077 675 3134 ad
693 3079 899 3134 tribum
923 3076 1063 3134 luda
1089 3087 1146 3133 et
1171 3077 1243 3134 ad
1268 3078 1571 3134 Ierusalem
1594 3079 1872 3150 pertinere
1894 3093 1998 3133 nec
2020 3077 2195 3134 ullam
2222 3078 2447 3134 omnino
2473 3075 2713 3145 Israelis,
2742 3077 2780 3131 i.
2812 3092 2871 3131 e.

339 3167 532 3221 decem
557 3165 822 3234 tribuum,
851 3167 1030 3222 facere
1056 3167 1421 3234 mentionem3
1449 3167 1599 3222 unde
1628 3183 1739 3220 non
1766 3166 2043 3221 immerito
2072 3164 2438 3232 concluditur,
2462 3179 2591 3220 eum
2618 3165 2676 3220 in
2694 3179 2876 3236 regno

341 3253 684 3308 meridionali
721 3253 936 3309 vixisse.
976 3253 1256 3323 Quoniam
1286 3253 1602 3324 frequenter
1639 3253 1707 3308 de
1734 3253 2015 3310 sacrificiis
2052 3252 2359 3323 ritibusque
2392 3253 2562 3307 saeris
2597 3251 2871 3323 loquitur.

341 3342 592 3396 nonnulli
622 3356 748 3396 eum
772 3340 1118 3396 sacerdotem
1143 3342 1310 3396 fuisse
1335 3341 1719 3409 coniecerunt,
1752 3341 1847 3396 alii
1874 3348 2100 3413 propter
2124 3341 2382 3408 modum,
2416 3356 2527 3412 quo
2554 3339 2877 3395 sacerdotes

341 3427 659 3499 alloquitur,
699 3443 827 3483 eum
865 3445 932 3484 ex
967 3429 1114 3485 tribu
1152 3429 1288 3484 Levi
1328 3429 1491 3484 fuisse
1525 3437 1759 3500 negant,
1800 3437 1855 3483 at
1892 3438 2087 3485 neutra
2118 3429 2433 3484 coniectura
2469 3425 2631 3482 firmo
2671 3427 2877 3482 funda-

341 3524 530 3571 mento
555 3516 768 3571 nititur.
799 3516 1072 3572 Historica
1092 3517 1425 3583 testimonia,
1449 3515 1647 3588 quibus
1673 3524 1821 3570 aetas
1844 3516 1963 3571 eius
1987 3515 2301 3576 definiatur.
2324 3529 2550 3586 prorsus
2572 3513 2794 3581 desunt,
2826 3516 2877 3570 si

342 3603 524 3658 locum
556 3603 786 3674 excipis,
817 3619 981 3675 quem
1019 3604 1241 3659 libellus
1277 3605 1393 3659 eius
1433 3603 1581 3658 inter
1615 3603 1855 3658 Minores
1889 3613 2151 3673 occupat·‚
2184 3619 2251 3658 ex
2288 3602 2385 3657 illo
2422 3601 2573 3658 enim
2608 3601 2878 3674 colligere

343 3691 486 3760 licet,
521 3691 728 3748 Ioelem
756 3694 932 3747 Oscae
959 3700 1014 3747 et
1039 3695 1245 3747 Amoso
1275 3691 1389 3746 sere
1413 3691 1689 3761 σύγχρονον
1722 3691 1884 3746 fuisse
1917 3691 2017 3760 (cfr
2046 3689 2217 3762 infra
2242 3691 2318 3762 5).

421 3844 478 3900 2.
512 3875 592 3884 —-
617 3843 1052 3919 Aryumentum
1068 3847 1123 3902 et
1140 3845 1390 3919 partitio
1411 3841 1576 3901 libri.
1600 3842 1849 3901 Duabus
1882 3841 2288 3901 concionibus
2319 3843 2563 3900 constat
2591 3839 2873 3904 libellus.

345 3955 610 4014 quarum
639 3940 811 4016 prior
836 3940 900 3998 in
928 3956 1154 4018 magna
1182 3939 1567 3999 locustarum
1596 3938 1944 3998 calamitate
1975 3937 2278 4015 populum
2310 3937 2389 3996 ad
2419 3935 2878 4013 poenitentiam

345 4035 652 4111 agendam
672 4035 1048 4108 exhortatur,
1074 4036 1268 4095 altera
1289 4035 1758 4113 poenitentibus
1774 4051 1902 4094 non
1920 4039 2162 4095 tantum
2182 4049 2395 4093 rerum
2422 4031 2879 4110 temporalium

342 4130 788 4191 abundantiam
815 4131 926 4192 sed
957 4133 1144 4192 etiam
1173 4132 1490 4191 uberrima
1515 4131 1680 4190 dona
1708 4131 2058 4208 spiritualia
2083 4130 2417 4207 promittit.

419 4257 467 4307 1.
516 4253 880 4310 Exhortatio
930 4254 1017 4309 ad
1049 4254 1477 4326 poenitentiam
1522 4252 1818 4321 amendam
1850 4253 2154 4321 (1‚2-2,17).
2198 4281 2270 4291 -
2313 4251 2395 4306 Ut
2430 4249 2879 4306 exhortationem

589 4350 905 4411 praeparet,
937 4357 1244 4414 numquam
1279 4349 1492 4395 tantam
1527 4341 1867 4396 locustarum
1909 4340 2127 4412 plagam
2166 4335 2411 4393 auditam
2437 4351 2557 4392 esse
2594 4337 2881 4408 praefatus

595 4431 789 4496 (1,2-4)
817 4429 1028 4484 luctum
1060 4436 1224 4500 auget
1251 4444 1349 4499 per
1373 4427 1589 4499 singula
1620 4429 1948 4498 gravitatem
1988 4424 2257 4480 vastitatis
2294 4424 2609 4481 describens
2640 4427 2881 4492 (hs-20*

593 4523 758 4584 atque
784 4515 854 4570 ad
885 4515 1198 4587 augendum
1225 4525 1494 4570 terrorem
1532 4515 1792 4569 horrores
1830 4513 2075 4570 delineat
2113 4512 2223 4568 diei
2258 4511 2517 4577 Domini,
2544 4510 2700 4566 cuius
2724 4511 2881 4566 locu-

593 4611 806 4657 starum
831 4603 990 4674 plaga
1015 4603 1085 4658 sit
1115 4602 1480 4674 praesagium,
1509 4601 1741 4672 depictis
1770 4602 1986 4658 divinae
2008 4601 2247 4656 iustitiae
2278 4598 2583 4654 vindicibus
2613 4603 2875 4667 (zi-tt).
