3050 5184
519 387 593 432 ΒΕ
634 387 1036 432 smsromnuu
1072 389 1471 446 normanum
1513 388 1756 433 numano
1799 388 1875 432 nr
1915 385 2145 431 onoma.
2483 364 2594 424 533

340 615 461 698 §2
490 653 583 665 --
616 619 713 682 De
740 617 1169 706 epistolarum
1187 615 1640 706 paulinorum
1675 637 1952 682 numero
1977 626 2042 681 et
2063 611 2316 680 ordine.

176 817 221 872 1.
249 849 323 858 —
349 817 680 878 Continuae
716 818 1155 890 sollicitudini,
1190 837 1311 896 qua
1349 819 1410 877 S.
1445 819 1671 879 Paulus
1706 815 1994 879 ecclesiis
2023 833 2059 876 a
2087 832 2154 875 se
2189 812 2460 874 fundatis
2499 810 2597 868 in—

110 909 355 986 vigilavit
381 929 609 991 easque
639 913 705 974 in
732 914 856 974 fide
886 919 949 975 et
976 915 1233 974 caritate
1261 931 1635 992 promovere
1670 913 1939 983 studuit,
1973 911 2280 972 debentur
2309 909 2598 985 quatuor-

113 1005 285 1066 decim
314 1008 455 1070 illae
484 1010 817 1086 epistolae,
855 1027 1017 1088 quae
1050 1034 1079 1064 «
1114 1010 1407 1070 omnibus
1434 1015 1622 1070 notae
1654 1013 1716 1070 et
1741 1009 2109 1069 manifestae
2145 1031 2174 1061 »
2208 1005 2380 1082 (Eus-
2414 1005 2488 1062 H·
2523 1003 2593 1061 Ε-

114 1102 189 1160 lll.
223 1105 378 1182 325)
416 1109 609 1183 atque
650 1106 932 1186 (excepta
968 1107 1075 1167 illa
1110 1107 1191 1168 ad
1226 1107 1440 1177 Hebr.,
1484 1107 1562 1167 de
1606 1124 1731 1184 qua
1775 1105 2113 1184 aliquando
2158 1104 2222 1162 in
2265 1099 2597 1163 Occidente

110 1197 496 1279 dubitabatur)
516 1203 581 1262 in
602 1203 845 1280 integra
872 1203 1146 1264 Ecclesia
1175 1221 1288 1280 pro
1318 1204 1634 1264 canonicis
1665 1218 1914 1280 semper
1935 1204 2083 1262 sunt
2103 1203 2414 1276 receptae.
2440 1195 2598 1267 Quin

108 1300 287 1356 tamen
310 1303 560 1374 praeter
586 1299 725 1358 illas
754 1297 1091 1377 Apostolus
1119 1300 1273 1360 alias
1305 1316 1557 1377 quoque
1583 1299 1940 1377 scripserit,
1970 1313 2131 1375 quae
2160 1295 2349 1355 hodie
2381 1293 2602 1370 deper-

110 1389 247 1452 ditae
274 1400 446 1468 sunt,
480 1412 605 1455 non
634 1399 733 1457 est
760 1396 1050 1457 dubium.

159 1487 289 1554 Quot
314 1489 577 1559 epistolas
598 1491 803 1546 Paulus
830 1489 1025 1563 viginti
1048 1491 1157 1547 illis
1178 1490 1336 1548 annis
1360 1490 1771 1562 conscripserit,
1803 1489 2004 1562 quibus
2032 1502 2266 1544 munere
2293 1483 2598 1557 apostolico

110 1573 224 1628 inter
246 1576 497 1633 ethnicos
525 1577 747 1634 functus
768 1587 871 1645 est,
899 1579 1253 1652 ignoramus3
1280 1587 1493 1636 certum
1524 1588 1714 1636 autem
1753 1585 1858 1646 est,
1889 1591 2018 1632 eum
2046 1576 2233 1646 plures
2260 1588 2435 1644 quam
2460 1585 2600 1643 qua-

109 1661 378 1719 tuordecim
407 1675 762 1722 conservatas
787 1667 1089 1736 scripsisse.
1122 1666 1353 1723 Duabus
1376 1667 1525 1722 enim
1551 1666 1756 1722 nostris
1776 1663 2021 1736 epistolis
2047 1661 2120 1718 ad
2145 1660 2462 1718 Corinthios
2495 1657 2599 1714 alia

108 1749 193 1802 iam
218 1762 581 1822 praecesserat
603 1752 708 1820 <cfr
737 1760 762 1809 1
800 1756 933 1810 Cor.
963 1759 1060 1822 5,9
1078 1763 1135 1810 et
1156 1760 1189 1809 2
1224 1757 1360 1810 Cor.
1394 1760 1569 1823 10,9);
1600 1769 1666 1809 ex
1693 1751 1848 1808 Phil.
1893 1757 1978 1820 3,1
2014 1765 2234 1822 quoque
2263 1756 2416 1804 recte
2450 1746 2598 1802 colli·

108 1836 241 1906 gitur,
268 1855 393 1896 eum
422 1839 605 1896 eidem
633 1841 897 1898 ecclesiae
922 1841 1037 1898 iam
1074 1850 1239 1898 antea
1266 1842 1451 1898 literas
1478 1840 1695 1896 misisse
1723 1839 1825 1906 (cfr
1853 1840 2019 1896 etiam
2045 1840 2104 1894 S.
2134 1837 2328 1908 Polye.
2358 1835 2432 1894 ad
2453 1834 2598 1890 Phil.

108 1929 163 1990 3.,
189 1935 341 1998 atque
370 1944 505 1984 eum
530 1928 963 1985 Laodicensibus
996 1929 1277 2001 scripsisse
1318 1945 1385 1985 ex
1418 1928 1540 1986 Col.
1580 1934 1712 1998 4,16
1752 1943 1880 1983 cum
1917 1924 2239 1983 omnimoda
2275 1920 2600 1980 certitudine

106 2009 344 2070 discimus.
371 2019 513 2070 Tres
534 2016 701 2088 igitur
728 2016 925 2072 saltem
957 2015 1277 2088 deperditae
1308 2025 1465 2085 sunt;
1492 2016 1656 2089 longe
1683 2023 1870 2070 autem
1893 2015 2162 2069 maiorem
2197 2027 2314 2068 esse
2342 2008 2602 2080 deperdi-

107 2107 257 2156 tarum
275 2119 573 2159 numerum
602 2103 761 2160 facile
784 2102 1073 2172 concedet,
1098 2105 1193 2177 qui
1221 2103 1293 2160 ad
1322 2104 1584 2176 frequens
1611 2102 1749 2159 illud
1775 2111 1832 2158 et
1854 2101 2180 2158 continuum
2207 2097 2600 2155 commercium

108 2188 395 2258 attenderit,
421 2189 579 2262 quod
623 2192 827 2248 Paulus
873 2207 1001 2247 cum
1045 2193 1289 2248 ecclesiis
1328 2192 1443 2248 suis
1484 2191 1755 2254 habebat;
1780 2199 1839 2244 at
1870 2189 1976 2244 Dei
2017 2185 2364 2261 providentia
2400 2200 2490 2240 res
2525 2183 2600 2238 ita

110 2274 369 2346 disposuit,
400 2287 470 2333 ut
492 2277 915 2349 quatuordecim
940 2287 1161 2334 tantum
1188 2279 1261 2336 ad
1294 2295 1399 2335 nos
1424 2279 1796 2350 pervenirent.

162 2366 389 2434 Quarum
418 2366 769 2438 singularum
799 2365 1025 2438 quidem
1061 2367 1405 2423 authentiam
1440 2366 1590 2424 insta
1631 2365 1816 2422 allatis
1847 2364 2153 2436 primorum
2184 2364 2418 2419 Patrum
2445 2360 2602 2416 testi-

109 2452 273 2508 moniis
292 2463 347 2510 et
371 2452 633 2510 refutatis
653 2453 1097 2512 adversariorum
1116 2453 1518 2512 obiectionibus
1538 2453 1967 2521 vindicabimus;
1989 2451 2096 2508 hoc
2119 2459 2306 2506 autem
2349 2448 2468 2504 loco
2491 2447 2602 2502 iam

110 2555 385 2609 monemus,
416 2557 672 2597 summae
710 2542 1059 2598 auctoritatis
1095 2558 1215 2598 esse
1248 2543 1574 2600 unanimem
1603 2541 1964 2598 ecelesiarum
1990 2540 2238 2596 omnium
2275 2551 2606 2592 consensum

108 2630 151 2682 in
174 2629 588 2700 quatuordecim
608 2635 725 2696 (aut
752 2629 949 2688 saltem
976 2629 1267 2697 tredecim)
1299 2630 1546 2701 epistolis
1582 2629 1822 2700 paulinis
1857 2624 2240 2701 agnoscendis
2285 2625 2345 2680 Si
2378 2623 2602 2692 parvula

107 2716 301 2784 epistola
323 2717 397 2773 ad
419 2717 664 2773 Philem.
687 2719 981 2789 excipitur,
1000 2718 1152 2774 nulla
1180 2733 1248 2773 ex
1272 2715 1693 2788 quatuordecim
1721 2725 1824 2784 est,
1857 2730 1998 2787 quae
2024 2715 2080 2769 in
2105 2716 2353 2767 Patrum
2380 2716 2605 2782 aposto-

108 2801 319 2862 licor-um
352 2804 619 2876 operibus
650 2806 967 2862 testimonia
992 2821 1108 2862 nou
1138 2805 1366 2872 habeat;
1399 2801 1594 2861 omnes
1620 2804 1808 2860 medio
1831 2819 1976 2859 saec.
2003 2809 2055 2858 2.
2081 2800 2298 2874 agnitae
2323 2798 2546 2854 suerunt
2573 2813 2604 2851 a

104 2893 149 2945 S.
172 2894 387 2948 luscino
416 2897 503 2950 M.
530 2902 697 2966 atque
720 2892 917 2950 eodem
943 2901 1195 2963 tempore
1222 2908 1316 2948 eas
1339 2907 1533 2948 omnes
1554 2893 1612 2946 in
1636 2899 1884 2947 extremo
1903 2890 2131 2947 Oriente
2149 2887 2318 2944 fuisse
2333 2893 2606 2956 receptas,

102 2980 253 3036 versio
286 2981 560 3037 Pes-chito
588 2996 691 3036 nos
734 2980 917 3037 docet.
968 2980 1165 3037 Paullo
1210 2988 1337 3051 post
1377 2989 1573 3036 auctor
1619 2979 1846 3054 fnaqm.
1877 2983 2099 3040 Mur-at.
2140 2989 2334 3032 omnes
2358 2980 2608 3031 recenset

104 3076 289 3134 praeter
314 3069 474 3125 illam
503 3068 576 3124 ad
594 3068 794 3134 Hebr.,
830 3083 999 3140 quam
1026 3076 1186 3123 antea
1212 3068 1271 3124 in
1294 3068 1525 3124 eeclesia
1554 3081 1786 3123 romana
1814 3065 2122 3122 adhibitam
2149 3078 2268 3119 esse
2294 3059 2608 3118 luculentis-

102 3153 215 3210 sime
238 3165 457 3212 eonstat
487 3157 543 3212 S.
581 3155 897 3212 Clementis
930 3159 1097 3210 Rom.
1136 3155 1517 3214 allusionibus.
1555 3154 1695 3211 Inde
1728 3170 1760 3210 a
1788 3169 1936 3210 saec.
1965 3160 2018 3209 2.
2054 3151 2168 3208 fine
2208 3151 2268 3207 S.
2307 3155 2604 3216 irenaeus,

110 3243 507 3312 Tertullianus,
534 3244 592 3299 S.
629 3246 972 3316 Cyprianus
996 3243 1055 3298 iu
1082 3241 1385 3298 Occidente
1413 3240 1702 3305 tredecim,
1736 3243 2000 3299 Clemens
2029 3239 2202 3295 Alex.
2242 3246 2300 3294 et
2333 3239 2610 3309 Oriqenes

104 3329 147 3383 in
170 3332 384 3387 Oriente
408 3329 833 3402 quatuordecim
857 3338 1191 3403 agnoscunt3
1222 3330 1509 3386 Eusebius
1537 3337 1748 3397 autem,
1779 3330 1882 3383 etsi
1910 3327 1980 3384 de
2005 3343 2093 3398 ep.
2121 3325 2192 3382 ad
2220 3325 2394 3380 Hebr.
2420 3324 2482 3380 in
2507 3325 2608 3380 Oc·

101 3417 293 3474 cidente
320 3418 637 3474 dubitatum
661 3433 779 3474 esse
806 3435 921 3474 non
948 3419 1253 3492 ignoraret,
1280 3418 1503 3474 easdem
1522 3416 1946 3489 quatuordeeim
1965 3415 2080 3472 sine
2107 3415 2221 3469 ulla
2246 3412 2610 3469 haesitatione

100 3505 220 3562 inter
244 3507 303 3561 τὰ
326 3507 717 3577 ὁμολογούμενα
744 3506 1109 3562 enumeravit.
1140 3505 1227 3562 Ab
1267 3523 1333 3561 eo
1374 3512 1630 3576 tempore
1667 3519 1862 3560 omnes
1907 3504 2024 3559 sine
2069 3500 2448 3558 controversia
2484 3507 2613 3555 sunt

102 3603 345 3665 receptae,
371 3596 451 3650 ita
481 3603 543 3650 ut
570 3594 817 3666 integrae
842 3591 1153 3665 antiquitati
1178 3592 1510 3649 christianae
1540 3591 1921 3660 adversentur,
1945 3591 2038 3662 qui
2065 3599 2254 3645 nostra
2279 3596 2459 3644 aetate
2479 3603 2611 3642 non-

101 3681 258 3737 nullas
282 3683 515 3739 reiicere
539 3690 857 3752 coeperunt.
890 3681 1034 3752 Quid
1068 3697 1263 3736 eorum
1291 3689 1616 3753 argumenta
1640 3679 1875 3748 valeant,
1909 3677 2056 3734 infra
2080 3676 2411 3743 videbimus;
2443 3674 2611 3732 adno-

100 3775 258 3826 tamus
300 3769 625 3837 dumtaxat,
651 3785 684 3826 a
708 3768 961 3840 plurimis
1005 3768 1321 3824 acatholicis
1360 3766 1530 3824 hodie
1569 3767 1741 3825 Paulo
1782 3774 2005 3839 praeter
2034 3781 2123 3837 ep.
2164 3765 2235 3820 ad
2282 3762 2453 3820 Hebr.
2485 3771 2612 3818 ·tres

100 3858 379 3923 pastorales
410 3863 483 3925 (1.
514 3864 568 3914 2.
591 3858 763 3925 Tim.,
790 3857 921 3926 Tit.)
948 3856 1275 3925 abiudicari,
1304 3871 1337 3912 a
1356 3856 1639 3912 nonnullis
1663 3856 1832 3912 etiam
1855 3871 1981 3926 epp.
2003 3853 2074 3910 ad
2101 3853 2304 3924 EpheS.
2329 3860 2384 3906 et
2403 3851 2608 3906 Coloss.

104 3942 253 4012 reiiei,
283 3962 315 4001 a
344 3945 809 4018 Neotubiugianis
853 3945 1001 4001 solas
1042 3953 1281 4016 quatuor
1306 3947 1521 4014 (Rom,
1554 3951 1606 4002 1.
1634 3951 1690 4001 2.
1721 3945 1874 4014 Cor.,
1905 3943 2055 4008 Gal.)
2087 3957 2186 4010 pro
2228 3939 2482 4012 genuinis
2521 3954 2613 3993 re-

100 4035 191 4106 cipi
214 4050 381 4113 atque
410 4043 513 4100 has
540 4060 761 4117 quoque
789 4061 823 4100 a
855 4044 1245 4100 recentissimis
1278 4063 1305 4094 α
1334 4043 1540 4098 criticis
1569 4063 1594 4093 n
1629 4041 1684 4095 in
1713 4039 1942 4095 dubium
1971 4037 2168 4092 vocari.

166 4190 217 4247 2.
246 4224 327 4234 —
358 4213 389 4247 «
422 4191 907 4262 Quatuordecim
950 4190 1206 4266 quidem
1258 4191 1560 4268 epistolas
1603 4209 1639 4252 a
1679 4190 1751 4251 Β.·
1782 4190 1978 4252 Paulo
2029 4207 2164 4251 esse
2204 4190 2614 4268 conscriptas,

102 4285 367 4347 ordinem
396 4292 639 4354 autem,
675 4304 864 4364 quern
890 4286 958 4345 in
990 4286 1170 4346 libris
1205 4288 1567 4360 obtineant,
1596 4289 1672 4347 ab
1704 4304 1779 4347 eo
1820 4305 1945 4348 non
1990 4304 2127 4347 esse
2167 4287 2524 4349 institutum
2549 4309 2616 4360 »‚

98 4397 160 4438 eo
186 4385 426 4444 maiore
456 4401 599 4444 eum
629 4382 765 4444 iure
796 4383 1065 4444 asseruit
1108 4382 1512 4444 Theodoretus
1551 4383 1777 4463 (Praes.
1813 4383 1876 4443 in
1908 4401 2007 4460 ep.
2051 4384 2283 4462 Pauli),
2317 4367 2443 4462 {luo
2483 4401 2620 4444 cer-

100 4475 208 4536 tius
249 4485 373 4551 est,
416 4480 788 4557 Apostolum
838 4479 1253 4557 epistolarum
1298 4497 1556 4540 suarum
1601 4479 1981 4558 completam
2025 4479 2462 4540 collectionem
2495 4497 2620 4540 non

98 4571 301 4636 fecisse
326 4581 513 4654 atque
542 4593 667 4636 non
698 4576 973 4636 eundem
1004 4576 1295 4636 ordinem
1326 4577 1391 4635 in
1417 4577 1717 4637 omnibus
1747 4577 2030 4637 ecclesiis
2056 4576 2346 4636 inveniri.

157 4688 275 4744 Non
296 4689 578 4746 immerito
600 4687 829 4761 quidem
854 4705 925 4744 ex
950 4695 985 4746 2
1005 4693 1165 4745 Petr.
1201 4693 1330 4757 3,16
1360 4687 1658 4759 colligitur,
1691 4688 1970 4761 aliquam
1995 4690 2350 4760 epistolarum
2380 4687 2624 4759 paulina-
