3050 5184
387 267 508 326 550
587 285 662 328 DE
684 286 826 329 Novl
849 287 1018 330 TEST.
1047 289 1242 332 LIBRIS
1263 289 1623 336 nmAcncxs.
1652 309 1731 318 --
1753 291 1881 335 CAP.
1919 293 1988 335 11.
2020 291 2095 335 DE
2124 290 2316 335 EPIST.
2348 291 2621 336 muums
2646 291 2927 336 sumtus.

459 421 509 470 1.
545 419 629 470 De
657 418 1109 474 Corinthiorum
1129 421 1440 478 discordia
1469 423 1839 491 (1‚10-·4,21).
1867 423 2023 478 Statu
2052 423 2132 479 rei
2156 424 2406 494 exposito
2434 428 2628 491 (1,1o-
2647 428 2731 490 12)
2756 427 2933 477 osten·

636 504 718 560 dit
751 521 946 562 eorum
975 507 1310 564 discordiam
1338 508 1767 580 vituperandam
1796 525 1945 578 esse,
1982 511 2111 582 quia
2143 527 2339 567 omnes
2375 527 2407 567 a
2438 513 2559 566 solo
2594 509 2819 566 Christo
2844 525 2931 564 re-

636 591 808 650 demti
843 595 902 650 in
925 596 1019 651 illo
1059 598 1197 652 uniti
1235 599 1346 652 sint
1375 607 1633 668 oporteat
1670 602 1985 667 (1‚13·16);
2026 597 2155 668 quia
2187 598 2261 654 ob
2288 598 2597 669 simplicem
2636 613 2803 653 suam
2834 597 2927 652 do·

635 680 798 736 cendi
831 683 1159 739 methodum
1195 701 1228 740 a
1269 685 1572 741 Corinthiis
1604 685 1845 756 relinqui
1885 701 1999 742 non
2035 683 2321 756 debuerit,
2363 684 2641 758 siquidem
2672 701 2799 741 non
2826 685 2927 740 sine

633 768 795 824 bonis
813 770 1119 827 rationibus
1142 787 1264 828 eam
1285 772 1569 844 adoptavit
1596 777 1643 840 (1
1656 779 1775 842 ,17-
1786 777 1891 841 2,5)
1917 783 2012 828 aut
2032 773 2103 830 ab
2124 773 2407 829 altioribus
2426 773 2700 830 doctrinis
2718 773 2923 828 traden-

635 855 720 912 dis
748 858 1011 913 abstinuit
1039 861 1342 929 (2‚6-3,4);
1395 860 1524 932 quia
1554 877 1747 916 omnes
1775 860 2059 933 Evangelii
2096 861 2355 918 doctores
2384 863 2528 917 inter
2564 877 2628 917 se
2664 862 2931 918 conamen

637 944 749 999 sint
777 961 841 1000 ac
861 947 1020 1017 proin
1049 946 1304 1018 discipuli
1329 948 1634 1004 concordes
1653 965 1771 1004 esse
1800 946 2039 1014 debeant
2060 953 2335 1018 (3‚5-17).
2366 981 2437 990 —
2454 950 2575 1018 Qua
2598 965 2667 1004 ex
2688 948 2918 1005 doctrinz

639 1031 908 1103 practicas
944 1033 1152 1107 colligit
1182 1035 1565 1092 conclusiones
1603 1038 1777 1092 relate
1802 1036 1876 1092 ad
1900 1035 2095 1092 fideles
2122 1041 2406 1104 (3‚18-4,6)
2426 1045 2483 1092 et
2510 1037 2779 1093 doctores
2802 1038 2939 1108 ipsos

640 1124 905 1190 (4,7-13)‚
946 1131 1114 1193 atque
1137 1124 1432 1179 tenerrima
1473 1124 1857 1180 exhortatione
1881 1124 1988 1180 hoc
2016 1124 2346 1196 vituperium
2370 1124 2636 1180 terminat
2662 1130 2935 1191 (⁴‚14-212·

477 1212 530 1260 2.
562 1209 650 1262 De
677 1224 795 1262 non
817 1210 1025 1265 vitatis
1049 1213 1462 1282 peccatoribus
1491 1219 1600 1282 (5‚1
1617 1217 1765 1280 -13).
1796 1212 2168 1268 Vehementer
2202 1228 2296 1268 eos
2322 1211 2648 1284 increpanS,
2679 1213 2837 1284 quod
2862 1211 2939 1267 in-

656 1305 976 1354 cestuosum
1029 1315 1096 1354 ex
1157 1300 1388 1356 ecclesia
1433 1315 1549 1356 non
1598 1299 1909 1372 expulerint
1962 1306 2069 1366 (5,1
2086 1305 2201 1368 -5)‚
2255 1308 2571 1371 peccatores
2618 1299 2943 1356 christianos

655 1384 955 1442 eliciendos
979 1402 1098 1444 esse
1127 1387 1290 1443 docet
1317 1373 1465 1454 ('5‚6-
1481 1387 1588 1458 13).

465 1476 514 1526 3.
571 1474 660 1526 De
705 1489 823 1542 non
870 1473 1126 1545 aqendz‘s
1171 1475 1384 1532 litibus
1426 1491 1633 1530 coram
1680 1475 1985 1531 iudicibus
2020 1475 2271 1532 ethnicis
2308 1475 2553 1546 (Ga-11)
2594 1476 2673 1532 ita
2718 1478 2863 1549 agit.
2890 1485 2943 1530 ut

644 1559 930 1634 ostendat,
983 1577 1152 1633 quam
1190 1564 1429 1618 maxime
1472 1563 1741 1619 dedecere
1776 1562 2119 1619 Christianos
2144 1579 2258 1619 non
2290 1572 2505 1619 tantum
2538 1565 2946 1620 coramiudiei-

643 1646 746 1703 bus
777 1648 1012 1704 ethnicis
1042 1665 1236 1706 causas
1261 1665 1426 1722 agere
1456 1656 1665 1718 (ea-6)
1694 1649 1790 1706 sed
1820 1651 1989 1706 etiam
2016 1651 2157 1706 inter
2178 1667 2237 1707 se
2266 1651 2478 1723 litigare
2508 1652 2659 1718 (6,7-
2676 1658 2789 1718 11).

465 1739 520 1788 4.
553 1739 640 1790 De
670 1733 1084 1807 fornicatione
1111 1745 1170 1794 et
1197 1739 1591 1811 impudicitia
1624 1738 1929 1810 (6‚12-20).
1960 1740 2133 1794 Vanis
2154 1739 2551 1794 nonnullorum
2579 1739 2945 1795 excusationi·

647 1822 752 1878 bus
788 1824 1008 1880 reiectis
1045 1831 1230 1895 (6‚12-
1247 1831 1332 1894 14)
1365 1825 1780 1882 fornicationem
1809 1826 2167 1884 vehementer
2189 1826 2467 1898 vituperat
2490 1835 2785 1899 tamquam
2814 1827 2944 1882 abu-

645 1926 769 1967 sum
797 1912 1187 1970 membrorum
1216 1913 1422 1970 Christi
1444 1923 1501 1970 et
1524 1915 1882 1970 violationem
1910 1915 2105 1986 templi
2126 1915 2358 1985 Spiritus
2380 1917 2439 1971 S.
2465 1915 2777 1988 (6,15-20).

470 2001 535 2053 ln
563 2013 803 2056 Atrans
830 2015 1031 2058 marr:
1076 2003 1400 2073 (7,1-15,⁵8)
1433 2003 1615 2058 varias
1648 2003 1997 2074 quaestiones
2034 2019 2067 2058 a
2092 2001 2391 2059 Corinthiis
2418 2003 2737 2073 propositas
2770 2003 2945 2058 solvit.

472 2093 524 2142 1.
553 2089 634 2142 De
657 2089 1046 2146 matrimonio
1081 2095 1139 2145 et
1168 2090 1460 2147 coelibatu
1489 2095 1597 2159 (7‚1
1616 2091 1767 2162 -4ο).
1800 2090 2137 2163 Coniugibus
2166 2104 2329 2146 usum
2363 2090 2713 2146 matrimonii
2742 2091 2947 2147 licitum

644 2191 764 2230 esse
793 2174 956 2232 docet
1007 2177 1250 2248 (7‚1-9)‚
1282 2176 1567 2234 vinculum
1593 2187 1812 2244 autem,
1844 2193 1955 2250 quo
1981 2179 2129 2234 inter
2154 2193 2213 2233 se
2238 2177 2523 2246 uniuntur,
2548 2193 2671 2234 esse
2700 2178 2947 2234 absolute

647 2261 1047 2320 indissolubile
1074 2265 1224 2321 inter
1253 2263 1474 2334 fideleS,
1500 2266 1730 2322 relative
1756 2265 2136 2322 indissolubile
2162 2263 2389 2321 fidelem
2412 2265 2559 2320 inter
2585 2273 2644 2322 et
2671 2264 2945 2322 infidelem

643 2351 948 2422 (7‚10·24).
987 2383 1060 2395 -
1099 2355 1491 2427 Virginitatem
1522 2369 1638 2410 non
1668 2354 1962 2425 praecipit,
2002 2352 2101 2410 sed
2130 2353 2279 2410 velut
2313 2360 2523 2410 statum
2559 2353 2945 2424 perfectiorem

648 2439 1007 2496 commendat
1039 2442 1325 2513 (7,25-38)
1359 2450 1522 2512 atque
1550 2441 1805 2498 similiter
1836 2441 2161 2498 viduitatem
2185 2439 2428 2512 praefert
2458 2439 2723 2496 secundis
2750 2443 2945 2513 nuptiis

649 2530 956 2600 (nas-40).

470 2621 527 2670 2»
556 2618 636 2672 De
661 2615 1132 2688 idolothytorum
1171 2617 1635 2674 manducatione
1680 2622 1987 2688 (8‚1·11‚1).
2040 2616 2486 2689 Idolothytorum
2522 2631 2688 2672 usum
2724 2617 2947 2674 theore-

645 2703 756 2760 tice
796 2705 1016 2761 licitum
1043 2721 1164 2761 esse
1191 2705 1390 2775 docet,
1421 2707 1466 2762 si
1495 2707 1619 2778 quis
1655 2707 1793 2762 sciat
1828 2705 1980 2761 idola
2021 2704 2159 2760 nibil
2188 2720 2335 2773 esse,
2371 2703 2614 2776 practice
2656 2713 2849 2761 tamen
2890 2705 2949 2760 ab

648 2791 716 2846 iis
758 2807 878 2848 esse
921 2793 1342 2863 abstinendum,
1385 2794 1479 2851 ubi
1524 2793 1793 2866 proximis
1837 2792 2165 2849 scandalum
2208 2790 2327 2847 dari
2376 2791 2549 2863 possit
2592 2793 2849 2864 (ΒΛ-13).
2886 2821 2947 2833 -—

650 2882 762 2936 Suo
799 2880 1002 2937 deinde
1029 2883 1282 2951 exemplo
1326 2884 1608 2954 proposito
1637 2881 1906 2947 ostendit,
1936 2879 2221 2952 quomodo
2248 2879 2318 2935 ad
2348 2879 2525 2934 maius
2564 2879 2785 2936 bonum
2810 2897 2948 2936 asse-

649 2967 932 3040 quendum
961 2986 992 3024 a
1021 2970 1184 3026 licitis
1210 2969 1491 3027 interdum
1520 2971 1593 3026 sit
1620 2967 2031 3027 abstinendum.
2066 2971 2191 3041 lpse
2222 2969 2367 3024 enim
2398 2967 2694 3040 privilegio
2717 2975 2947 3040 Aposto-

650 3055 834 3132 lorum
875 3057 1052 3114 relate
1088 3057 1160 3114 ad
1199 3058 1661 3114 sustentationem
1693 3073 1827 3114 usus
1864 3072 1977 3112 non
2008 3067 2118 3124 est,
2150 3065 2215 3112 ut
2250 3056 2521 3112 maiorem
2560 3055 2949 3127 perfectionem

655 3155 1042 3219 assequeretur
1071 3150 1327 3214 (9‚1-18)‚
1357 3147 1529 3201 immo
1554 3147 1804 3201 omnium
1830 3160 2023 3200 servus
2050 3145 2172 3201 lieri
2197 3144 2389 3212 voluit,
2422 3151 2484 3198 ut
2512 3159 2713 3202 omnes
2740 3145 2953 3201 salvans

655 3248 815 3288 suam
853 3234 1090 3289 salutem
1134 3235 1381 3289 securius
1423 3241 1749 3303 operaretur
1796 3233 2099 3305 (9,19-23);
2141 3233 2328 3303 itaque
2365 3231 2699 3289 Christianis
2738 3249 2951 3305 quoque

654 3335 857 3392 magno
903 3335 1030 3376 cum
1085 3320 1204 3376 zelo
1252 3337 1372 3375 esse
1417 3321 1786 3376 laborandum
1830 3329 2047 3389 monet,
2099 3327 2161 3374 ut
2186 3319 2355 3375 finem
2396 3335 2561 3374 suum
2590 3329 2955 3391 assequantur

657 3407 981 3478 (9,24-27.),
1023 3408 1549 3480 conclusionemque
1606 3409 1901 3464 confirmat
1944 3407 2130 3479 typica
2179 3407 2640 3478 interpretatione
2694 3407 2861 3463 exodi
2896 3423 2951 3462 ex

657 3498 908 3569 Aegypto
931 3497 1220 3567 (10,1-13).
1247 3527 1318 3536 —-
1341 3494 1425 3552 Ad
1455 3496 1757 3567 practicam
1782 3503 1966 3552 autem
1988 3495 2325 3566 quaestionis
2344 3495 2683 3551 solutionem
2712 3509 2955 3551 reversus

659 3583 849 3652 docet,
895 3583 1221 3642 Christianis
1268 3585 1492 3640 omnino
1540 3581 1931 3640 abstinendum
1987 3597 2107 3638 esse
2164 3581 2233 3638 ab
2281 3581 2555 3638 indirecta
2610 3582 2951 3638 idololatria.

657 3686 801 3742 quae
829 3671 1246 3743 participatione
1274 3675 1332 3728 in
1369 3671 1556 3728 coenis
1596 3671 1991 3726 sacrificalibus
2034 3670 2405 3726 committitur
2433 3671 2777 3740 (maai-21),
2808 3677 2951 3726 extra

658 3774 858 3814 coenas
899 3759 1234 3816 sacrificales
1283 3769 1469 3815 autem
1511 3760 1570 3814 in
1618 3775 1723 3814 usu
1767 3757 2209 3831 idolothytorum
2256 3756 2657 3814 attendendum
2717 3773 2839 3813 esse
2886 3755 2951 3810 ad

660 3847 1106 3903 circumstantias
1137 3849 1520 3918 (10‚22-11‚1).

486 3941 539 3992 3.
575 3938 648 3992 De
671 3935 881 3991 decoro
918 3938 986 3992 in
1023 3935 1278 3991 coetibus
1307 3935 1607 4002 reliqiosis
1652 3934 1944 3990 servando
1988 3935 2279 4002 (11‚2-34).
2324 3932 2621 4001 Prohibet,
2665 3932 2953 4003 quominus

662 4025 744 4080 vir
789 4025 970 4080 velato
1016 4023 1226 4093 capite,
1276 4023 1475 4078 mulier
1515 4039 1630 4079 non
1676 4021 1855 4078 velato
1902 4023 2083 4093 eapite
2122 4021 2181 4076 in
2221 4020 2452 4077 ecclesia
2492 4028 2615 4076 oret
2656 4021 2945 4090 (11‚2·161·:

663 4120 828 4184 atque
852 4111 1056 4167 abusus
1079 4111 1273 4182 carpit,
1303 4112 1396 4182 qui
1425 4111 1483 4165 in
1513 4111 1701 4183 agapis
1730 4107 2077 4166 celebrandis
2104 4108 2445 4178 irrepserant
2466 4108 2801 4179 (mn-22),
2830 4107 2947 4178 quia

663 4200 801 4255 tales
847 4215 1054 4272 agapae
1102 4216 1219 4255 non
1265 4198 1372 4254 sint
1410 4198 1597 4254 debita
1633 4198 1977 4269 praeparatio
2016 4194 2087 4252 ad
2120 4195 2523 4252 Eucharistiam
2566 4193 2951 4252 celebrandam

666 4293 980 4355 (uas-34).
1668 4291 1673 4298 ·

486 4382 542 4433 4.
603 4379 678 4433 De
727 4376 1118 4432 charismatis
1169 4391 1488 4447 eorumque
1542 4390 1653 4430 usu
1708 4372 2099 4444 (12‚1-14,40).
2147 4371 2439 4444 Proposito
2492 4369 2792 4440 principio,
2846 4385 2953 4440 quo

667 4464 852 4520 omnia
901 4463 1048 4519 dona
1087 4462 1439 4520 diiudicanda
1477 4461 1586 4517 sint
1626 4465 1882 4532 (itm-3),
1928 4461 2075 4517 varia
2115 4460 2209 4516 illa
2248 4473 2369 4516 esse
2396 4457 2589 4526 docet,
2620 4455 2719 4512 sed
2764 4471 2951 4511 eorum

667 4551 930 4606 varietate
958 4549 1230 4606 unitatem
1271 4550 1548 4606 Ecclesiae
1586 4565 1697 4604 non
1740 4549 1951 4604 destrui
1984 4550 2279 4620 (12.4-11)‚
2308 4545 2368 4601 id
2411 4543 2557 4618 quod
2604 4544 2841 4616 explicat
2882 4543 2951 4598 si-

669 4637 981 4693 militudine
1008 4636 1256 4708 corporis
1273 4637 1762 4708 membrorumque
1788 4638 1903 4692 eius
1926 4637 2201 4706 (4‚12-30).
2229 4635 2495 4705 Quamvis
2512 4649 2625 4688 non
2648 4631 2953 4704 prohibeat,
