3050 5184
806 379 881 424 ne
912 379 1341 424 accensusncr
1383 379 1596 424 mvm
1637 377 1908 424 careum.
2513 364 2628 423 357

127 509 395 564 sententias
410 509 680 566 Siracides
695 511 1005 584 collegisset
1027 520 1193 582 atque
1220 511 1364 566 liber
1385 519 1577 566 noster
1603 511 1791 582 nepoti
1819 517 1964 566 esset
1990 509 2400 578 attribuendus,
2431 509 2632 582 qulppe

129 596 211 664 qui
234 597 519 652 sententias
546 597 617 652 ab
648 613 753 653 avo
782 598 1043 654 collectas
1072 606 1263 669 aptum
1292 600 1730 670 continuumque
1756 597 1816 652 in
1833 597 2086 654 ordinem
2117 597 2433 670 redegisset.
2466 598 2633 653 Cuius

128 682 385 752 opinionis,
409 699 573 755 quam
602 684 776 756 aliqui
795 684 1047 742 moderni
1078 701 1301 757 quoque
1328 693 1537 754 tenent,
1562 684 1984 742 fundamentum
2003 686 2355 742 constituitur
2384 691 2634 741 textuum

128 770 490 826 nonnullorum
521 772 849 844 repetitione
877 781 1044 844 atque
1079 773 1327 829 eiusdem
1355 773 1672 845 argumenti
1707 773 1764 828 in
1801 772 1966 828 variis
1994 773 2130 828 locis
2158 773 2630 845 recapitulatione.

129 863 187 910 At
208 856 331 914 haee
355 858 475 915 libri
502 859 717 916 indoles
745 869 873 930 apte
900 861 1226 932 explicatur,
1258 860 1303 916 si
1330 859 1634 916 Siracidam
1663 861 1940 917 seniorem
1967 861 2147 931 ipsum
2170 876 2286 916 non
2309 877 2420 916 uno
2441 869 2634 917 tenore

130 943 402 1017 eodemque
428 955 699 1018 tempore,
722 946 817 1002 sed
846 962 946 1018 per
971 949 1195 1020 longam
1219 947 1389 1004 vitam
1416 963 1575 1004 suam
1604 963 1732 1004 mox
1763 947 1833 1003 de
1861 963 1992 1016 uno,
2027 964 2154 1003 mox
2179 947 2249 1004 de
2277 948 2440 1004 variis
2467 964 2634 1019 argu-

128 1033 300 1087 mentis
333 1050 567 1106 gnomas
602 1035 978 1106 composuisse
1006 1043 1062 1090 et
1093 1051 1285 1092 versus
1321 1036 1463 1090 vitae
1498 1035 1668 1092 linem
1699 1051 1810 1090 uno
1842 1035 2122 1091 volumine
2152 1034 2636 1105 comprehendisse

126 1127 419 1178 stammas.

191 1289 243 1346 3.
270 1320 347 1334 —
368 1291 541 1351 Inter
566 1291 771 1352 varias
792 1337 807 1364 ,
841 1309 1007 1370 quae
1036 1293 1116 1352 de
1146 1296 1433 1369 tempore
1474 1292 1747 1352 auctoris
1777 1293 2138 1370 propositae
2169 1295 2347 1364 sunt,
2382 1295 2636 1352 senten-

130 1383 229 1442 lias
254 1386 618 1448 melioribus
642 1389 867 1449 nititur
901 1388 1288 1466 argumentis
1322 1388 1459 1458 illa,
1494 1405 1653 1465 quae
1681 1405 1828 1449 eum
1857 1404 2076 1448 versus
2117 1388 2372 1448 initium
2404 1387 2637 1450 saeculi

129 1483 177 1536 2.
202 1482 415 1543 vixisse
465 1486 669 1557 tenet,
696 1485 787 1544 ita
829 1488 899 1545 ut
944 1485 1105 1544 liber
1151 1484 1479 1545 hebraicus
1529 1484 1696 1544 circa
1738 1501 1796 1544 a.
1839 1485 1976 1544 190.
2021 1485 2104 1544 sit
2150 1484 2541 1560 conscriptus
2577 1489 2640 1543 et

130 1576 269 1637 cirea
286 1595 341 1638 a.
370 1581 511 1640 130.
542 1597 765 1658 graece
796 1581 1157 1640 translatus,

184 1691 257 1744 De
282 1699 565 1763 tempore,
586 1709 697 1765 quo
721 1694 855 1748 vixit
882 1702 1094 1761 auctor,
1124 1693 1263 1749 haec
1286 1694 1345 1749 in
1377 1693 1519 1750 libro
1545 1695 1664 1764 ipso
1687 1694 1820 1748 etin
1847 1693 2086 1764 Prologo
2115 1691 2384 1748 habemus
2414 1693 2634 1748 indicia.

128 1777 192 1846 a.)
210 1778 364 1834 Velut
388 1781 649 1836 ultimum
672 1780 855 1836 virum
880 1780 1153 1837 illustrem
1180 1789 1373 1838 auctor
1401 1781 1647 1838 celebrat
1673 1795 1954 1836 summum
1969 1783 2316 1836 sacerdotem
2336 1781 2638 1846 Simonem,

128 1865 275 1921 Ouiae
298 1866 477 1922 lilium
501 1873 803 1939 (50,1-21);
830 1885 1003 1942 quum
1031 1878 1149 1925 tam
1174 1867 1369 1938 vividis
1402 1869 1685 1925 coloribus
1717 1883 1847 1924 eum
1883 1867 2185 1936 describat,
2220 1869 2532 1924 communis
2558 1878 2642 1924 est

128 1950 465 2024 interpretum
490 1957 761 2012 sententia
780 1999 795 2023 ,
822 1971 951 2012 eum
978 1957 1269 2028 aequalem
1292 1957 1531 2012 Simonis
1555 1955 1743 2012 fuisse.
1773 1957 1849 2026 b.)
1875 1956 2134 2011 Auctoris
2159 1971 2334 2026 nepos
2361 1958 2555 2012 asserit
2581 1973 2642 2012 se

128 2039 171 2092 in
203 2045 509 2116 Aegyptum
545 2046 759 2100 venisse
790 2044 841 2097 ἐν
871 2051 943 2116 τῷ
972 2044 1141 2116 ὀγδόῳ
1168 2045 1250 2098 καὶ
1282 2051 1557 2116 τριακοστῷ
1585 2043 1686 2097 ἔτιι
1713 2044 1792 2098 ἰπὶ
1817 2042 2088 2115 Εὖεργέτου
2119 2043 2356 2113 βασιλέως
2381 2046 2584 2116 (Vulq.
2621 2065 2640 2098 :

133 2149 151 2174 a
176 2126 223 2182 in
244 2135 323 2185 38.
357 2147 507 2188 anno
530 2132 874 2204 temporibus
902 2133 1187 2204 Evergetis
1222 2133 1365 2205 regis
1391 2133 1471 2204 »);
1498 2133 1566 2188 ab
1591 2148 1740 2189 anno
1763 2141 1950 2188 autem
1967 2175 1980 2198 ,
2013 2147 2124 2203 quo
2151 2131 2292 2188 liber
2315 2131 2384 2187 ab
2418 2146 2520 2188 avo
2559 2140 2642 2186 est

128 2219 457 2288 composituS,
488 2234 663 2292 usque
690 2219 762 2276 ad
781 2237 1018 2288 annum,
1048 2237 1157 2293 quo
1181 2237 1213 2276 a
1238 2230 1439 2292 nepote
1474 2230 1556 2277 est
1579 2219 1908 2288 translatus,
1940 2220 2223 2292 sexaginta
2257 2219 2478 2275 circiter
2510 2221 2640 2274 anni

128 2301 371 2362 effluxisse
402 2305 684 2364 videntur.
709 2312 782 2376 c.)
810 2309 1072 2364 Auctoris
1099 2317 1349 2380 tempore
1391 2309 1650 2381 gravibus
1677 2306 2084 2364 calamitatibus
2112 2305 2350 2362 afflictos
2377 2321 2496 2364 esse
2541 2308 2635 2362 Iu·

126 2388 293 2462 dacos,
323 2393 491 2451 docet
524 2395 643 2452 eius
670 2397 917 2468 precatio
951 2397 1369 2468 (35,22-36,19).

184 2483 245 2534 At
276 2481 481 2538 indicia
521 2481 691 2552 haec,
722 2485 975 2555 quamvis
1011 2485 1160 2540 clara
1200 2499 1319 2540 esse
1352 2483 1666 2554 videantur,
1697 2500 1813 2540 non
1845 2484 2042 2540 eodem
2076 2483 2244 2540 modo
2274 2483 2344 2539 ab
2383 2483 2640 2539 omnibus

126 2568 467 2638 explicantur,
512 2569 623 2626 duo
661 2572 811 2627 enim
846 2583 975 2628 sunt
1012 2572 1213 2628 summi
1250 2572 1569 2628 sacerdotes
1601 2572 1874 2644 insigneS,
1917 2571 2114 2644 quibus
2145 2587 2350 2627 nomen
2393 2591 2419 2622 α
2447 2571 2636 2628 Simon

126 2651 247 2710 filius
279 2659 451 2715 Ouiae
493 2679 518 2708 ι·
560 2661 851 2730 competit,
884 2661 1035 2732 prior
1074 2666 1383 2728 alth-291„
1424 2660 1568 2716 alter
1607 2666 1909 2726 ala-1923
1939 2659 2050 2714 duo
2089 2674 2309 2730 quoque
2337 2658 2638 2714 Ptolemaei

123 2755 405 2812 cognomen
438 2747 735 2818 Euergetis
774 2747 1113 2816 habuerunt,
1146 2749 1297 2820 prior
1328 2748 1680 2804 Ptolemaeus
1719 2748 1823 2802 111.
1865 2749 2170 2818 Euergetes
2211 2748 2256 2802 Ι.
2294 2751 2636 2813 (ML-222),

126 2830 241 2884 alter
271 2833 624 2889 Ptolemaeus
650 2837 775 2891 VII.
817 2835 963 2906 (lx.)
996 2835 1297 2908 Euergetes
1335 2836 1408 2892 11.
1444 2842 1589 2903 (1⁷0.
1623 2835 1709 2891 vel
1742 2838 2059 2900 145.-11⁷.).

179 2919 287 2975 iam
314 2937 443 2978 vero
474 2921 715 2978 alterum
756 2923 1041 2979 Simonem
1082 2923 1429 2996 alterumque
1470 2925 1784 2995 Euergeten
1819 2937 1940 2977 esse
1977 2921 2363 2994 intelligendos
2401 2920 2634 2977 arbitra·-

126 3019 245 3060 mur.
273 3008 413 3064 Nam
439 3013 529 3075 a.)
558 3010 711 3080 prior
740 3013 1042 3084 Euergetes
1070 3027 1185 3066 non
1219 3013 1469 3084 regnavit
1502 3012 1607 3066 nisi
1644 3010 1838 3082 viginti
1868 3011 2110 3082 quinque
2147 3010 2334 3078 annis,
2368 3011 2639 3081 interpres

125 3099 283 3150 autem
318 3102 403 3152 38.
449 3113 602 3153 anno
643 3098 929 3170 Euergetis
974 3099 1033 3154 in
1078 3105 1393 3172 Aegyptum
1440 3116 1497 3154 se
1546 3098 1757 3154 venisse
1801 3097 1955 3154 dicit.
1986 3099 2212 3153 Frustra
2241 3106 2428 3152 autem
2459 3112 2636 3170 oppo-

124 3190 263 3250 nunt,
290 3183 657 3256 interpretem
690 3185 849 3256 loqui
884 3185 955 3240 de
994 3193 1080 3242 38.
1122 3203 1269 3242 anno
1302 3187 1500 3242 aetatis
1539 3202 1673 3243 suae
1707 3185 1908 3257 ipsius3
1939 3201 2072 3240 nam
2101 3186 2251 3241 iuxta
2281 3201 2638 3240 communem

126 3281 259 3324 usum
282 3271 553 3343 loquendi
588 3272 1095 3329 Alexandrinorum
1129 3273 1305 3330 verba
1334 3274 1383 3326 ἐν
1412 3280 1483 3346 τῷ
1509 3273 1677 3345 ὄγδοῷ
1708 3274 1791 3326 καὶ
1827 3279 2100 3345 τριακοστῷ
2127 3272 2226 3326 ἔτει
2262 3271 2339 3328 ἐπὶ
2365 3272 2638 3344 Εὐεργέτου

128 3355 331 3421 βασιλέως
362 3366 452 3416 38.
486 3375 699 3416 annum
733 3361 891 3432 regni
918 3363 1207 3433 Euergetis
1243 3361 1554 3434 significant
1584 3365 1632 3428 (1
1664 3361 1850 3418 Mach.
1892 3367 2087 3430 13,⁴2;
2116 3366 2301 3429 1⁴‚273
2329 3365 2476 3434 Ayy.
2519 3369 2634 3428 1,¹;

132 3445 293 3501 Zach.
336 3454 422 3514 1‚7
468 3453 627 3514 etc.).
672 3450 902 3504 Frustra
948 3465 1169 3520 quoque
1221 3458 1451 3505 monent
1489 3451 1798 3521 Euergeten
1843 3451 1915 3504 Π.
1956 3465 2070 3505 non
2115 3464 2375 3520 regnasse
2411 3449 2636 3521 triginta

127 3538 228 3584 octo
260 3535 431 3590 annis.
468 3537 615 3592 Nam
642 3535 993 3592 Ptolemaeus
1022 3537 1124 3593 v11
1152 3538 1301 3608 (IX.)
1326 3537 1435 3592 iam
1463 3553 1515 3593 a.
1557 3543 1704 3603 1⁷0„
1738 3552 1908 3608 quum
1937 3536 2109 3592 frater
2137 3536 2257 3591 eius
2291 3536 2640 3591 Philometor

128 3614 171 3668 in
208 3619 411 3690 Syriam
446 3623 703 3693 captivus
742 3631 887 3680 esset
923 3622 1225 3692 abductuS,
1261 3625 1331 3681 ab
1374 3623 1768 3681 Alexandrinis
1803 3622 1877 3678 ad
1917 3623 2181 3679 thronum
2217 3631 2438 3679 evectus
2473 3632 2557 3678 est
2585 3633 2639 3678 et

127 3721 231 3760 vum
264 3706 429 3766 fratre
464 3708 673 3766 reduce
711 3710 1039 3782 gubernavit
1076 3728 1249 3784 usque
1288 3712 1360 3769 ad
1396 3729 1448 3768 a.
1502 3718 1656 3777 160.;
1695 3710 1894 3767 deinde
1933 3727 2064 3766 vero
2097 3727 2128 3764 a
2168 3709 2340 3766 fratre
2379 3711 2638 3782 expulsus

130 3793 337 3859 Cyrenas
360 3798 570 3868 tenuit,
614 3814 791 3869 usque
823 3797 959 3854 dum
988 3815 1041 3856 a.
1076 3806 1197 3855 145.
1232 3799 1620 3856 Philometoris
1648 3798 1762 3854 filio
1791 3798 2110 3854 Ptolemaeo
2143 3800 2299 3855 VIII.
2337 3799 2516 3853 occiso
2552 3813 2636 3851 so-

134 3876 199 3933 lus
223 3885 445 3956 Aegypti
474 3893 535 3942 et
559 3885 903 3959 Cyrenarum
926 3903 1024 3943 rex
1059 3885 1238 3944 sactus
1262 3896 1363 3943 est.
1400 3886 1532 3943 Ideo
1561 3886 1676 3958 ipse
1705 3894 1844 3942 teste
1871 3886 2107 3942 Eusebio
2153 3885 2379 3952 (Chron.
2428 3886 2500 3941 11.
2546 3889 2634 3949 22>

133 3981 279 4024 annos
318 3974 473 4044 regni
520 3973 607 4028 sui
647 3973 719 4028 ab
765 3990 818 4030 a.
868 3980 985 4031 170.
1022 3976 1362 4044 numeravit,
1406 3973 1755 4046 eundemque
1787 3989 2003 4030 morem
2039 3973 2278 4028 tenuisse
2311 3973 2631 4042 scriptores,

132 4053 205 4120 qui
232 4059 338 4114 eius
372 4060 533 4133 regni
571 4070 826 4133 tempore
870 4077 1009 4134 opus
1049 4063 1279 4134 aliquod
1308 4063 1366 4118 in
1397 4055 1650 4136 Aegypto
1695 4061 1860 4118 edere
1903 4061 2224 4128 voluerunt,
2269 4059 2492 4115 evidens
2531 4069 2631 4115 est.

136 4138 195 4205 b.)
233 4145 489 4204 Eusebius
537 4150 721 4215 (Dem.
770 4151 979 4222 Evang.
1022 4152 1199 4221 VIII.)
1249 4160 1305 4206 et
1348 4153 1405 4207 S.
1442 4151 1818 4222 Hieronymus
1860 4150 1937 4216 (in
1977 4153 2120 4204 Dan.
2171 4153 2321 4215 9‚14)
2358 4155 2636 4202 testantur

132 4227 319 4286 Simoni
341 4239 530 4292 Ouiae
554 4233 719 4306 filio,
755 4258 779 4287 α
814 4254 923 4308 quo
952 4249 1177 4312 regente
1214 4239 1482 4311 populum
1520 4240 1674 4294 Iesus
1715 4237 1862 4293 filius
1897 4236 2087 4293 Sirach
2134 4235 2353 4306 scripsit
2395 4234 2628 4304 librum,

132 4315 209 4382 (Ιώ
232 4333 414 4389 gram
438 4323 708 4394 πανᾶρετος
733 4323 937 4381 dieitur
970 4343 1023 4390 ιο,
1056 4347 1081 4376 α
1106 4327 1433 4382 successisse
1455 4326 1513 4381 in
1539 4325 1866 4396 pontificatu
1893 4323 2066 4380 alium
2094 4324 2315 4391 oniam,
2349 4337 2460 4393 quo
2488 4330 2632 4377 tem·

134 4415 243 4468 1²0¹·ss
270 4410 571 4468 Antiochus
606 4412 959 4484 (Epiphanes)
998 4412 1234 4470 Iudaeos
1269 4412 1372 4469 diis
1411 4414 1660 4486 gentium
1697 4413 1986 4467 immolare
2023 4410 2256 4482 cogebat
2294 4429 2342 4466 n.
2383 4411 2633 4482 Uterque

134 4485 271 4556 igitur
294 4497 569 4554 Simonem
598 4499 675 4555 ΙΙ.
706 4499 1022 4572 intelligunt
1053 4501 1218 4572 idque
1248 4501 1580 4569 rectissime,
1619 4499 1884 4573 quoniam
1909 4497 2148 4554 Simonis
2175 4500 2221 4554 I.
2252 4505 2503 4568 tempore
2529 4513 2634 4554 nec

136 4587 159 4624 a
180 4577 513 4655 Ptolemaeis,
541 4586 741 4658 quibus
776 4595 909 4644 tunc
945 4587 1175 4646 subiecti
1212 4597 1395 4655 erant,
1426 4604 1531 4644 nec
1567 4586 1638 4643 ab
1679 4587 1802 4643 aliis
1830 4585 2048 4658 populis
2076 4586 2163 4641 vel
2192 4586 2413 4657 regibus
2443 4584 2632 4642 Iudaei

136 4659 277 4722 ullam
302 4675 737 4741 persecutionem
764 4675 1005 4745 perpessi
1031 4683 1177 4732 sunt.
1220 4678 1286 4732 In
1308 4679 1564 4750 Aegypto
1589 4683 1775 4730 autem
1802 4673 2152 4730 Ptolemaeus
2182 4675 2278 4730 IV.
2307 4673 2630 4744 Philopator
