3050 5184
852 360 929 404 m:
971 360 1199 406 caru-101
1243 362 1610 407 manuisum
1649 362 1724 407 ΕΤ
1765 362 2081 407 111ν15ιοΝΕ.
2613 352 2728 411 343

188 501 523 558 possumus,
552 490 725 545 immo
755 490 893 548 haec
924 493 1214 563 explicatio
1240 492 1311 549 ad
1336 510 1564 549 sensum
1599 502 2034 567 consequentem
2065 494 2296 562 rectius,
2329 510 2496 567 quam
2525 494 2592 550 ad
2627 511 2721 549 ac-

184 575 705 635 commodationem
732 578 989 635 trabitur.

274 744 351 802 In
382 742 499 803 hac
522 745 859 823 allegorica
886 752 1099 809 autem
1125 750 1357 810 Cantici
1381 686 1794 827 explicatione
1818 750 2155 827 diligenter
2173 750 2530 810 attendatur
2549 766 2728 826 opor-

188 844 289 898 tet
322 840 405 899 ad
442 842 717 919 regulaS,
760 832 1168 923 quas'poetae
1204 846 1271 905 in
1304 846 1622 923 allegoriis
1654 846 1782 906 suis
1819 846 2178 906 excolendis
2209 850 2271 906 et
2299 844 2728 924 perpoliendis

190 937 387 1013 sequi
434 938 657 1000 solent.
694 940 1053 1001 Cavendum
1092 942 1285 1019 igitur
1336 945 1459 1011 est,
1506 960 1586 1002 ne
1627 944 1840 1003 omnia
1881 943 2091 1021 sponsi
2134 946 2198 1002 et
2236 959 2502 1020 sponsae
2539 942 2727 1001 verba

190 1032 380 1092 velut
414 1033 649 1097 directe
686 1040 751 1097 et
773 1036 1139 1097 immediate
1168 1056 1204 1097 a
1228 1038 1471 1099 Christo
1510 1044 1573 1098 et
1598 1039 1868 1099 Ecclesia
1898 1040 1993 1099 vel
2033 1040 2101 1099 B.
2124 1038 2380 1117 Virgine
2412 1043 2529 1098 etc.
2563 1038 2729 1099 dicta

190 1128 663 1205 existimentur,
699 1150 859 1194 neve
890 1152 1109 1194 omnes
1142 1136 1399 1195 omnino
1439 1135 1746 1213 imagines
1783 1136 2358 1213 similitudinesque
2391 1139 2731 1212 urgeantur

189 1227 627 1304 omnibusque
662 1228 998 1307 phrasibus
1025 1232 1469 1309 vocabulisque
1504 1233 1808 1309 mysteria
1847 1231 2151 1292 abscondi
2191 1236 2528 1309 putentur.¹

276 1376 301 1407 ι
338 1356 627 1425 Notanda,
655 1359 836 1432 inquit
862 1361 960 1417 del
986 1362 1119 1429 Rio,
1156 1371 1238 1417 est
1262 1364 1451 1434 regula
1482 1361 1797 1428 verissima,
1831 1378 1944 1418 non
1979 1376 2358 1433 quaecumque
2381 1362 2441 1417 in
2469 1360 2730 1433 parabola

190 1455 734 1510 commemorantur,
767 1464 833 1504 ea
860 1448 933 1505 ad
960 1447 1284 1505 historicum
1313 1450 1396 1505 vel
1426 1449 1782 1521 allegoricum
1810 1466 2031 1505 sensum
2057 1449 2348 1531 pertinere,
2377 1447 2474 1509 sed
2503 1456 2731 1505 ornatus

192 1530 496 1588 dumtaxat
523 1534 717 1607 gratia,
744 1552 861 1591 non
896 1545 959 1592 ut
980 1536 1229 1593 membra
1250 1536 1349 1592 sed
1377 1546 1441 1592 ut
1466 1538 1818 1601 emblemata,
1848 1552 1964 1592 non
1985 1536 2114 1608 quia
2143 1536 2450 1593 necessaria
2485 1536 2580 1591 sed
2606 1535 2729 1607 quia

192 1619 280 1674 sie
308 1618 431 1674 lieri
458 1622 647 1691 solita,
673 1624 837 1679 inseri
866 1624 1109 1681 solere...
1139 1626 1254 1681 Nec
1286 1640 1502 1695 semper
1534 1640 1804 1695 personae
1828 1624 2074 1695 personis
2113 1640 2216 1679 nec
2256 1632 2442 1695 partes
2480 1621 2725 1693 partibus

198 1722 305 1777 per
331 1710 515 1764 omnia
544 1712 865 1782 scrupulose
896 1720 1025 1767 sunt
1052 1710 1434 1779 conferendae,
1466 1710 1564 1767 sed
1591 1720 1770 1767 totum
1797 1714 2080 1785 negotium
2110 1710 2213 1765 toti
2251 1710 2472 1782 negotio
2501 1725 2726 1781 compa-

194 1794 448 1851 randum
472 1806 527 1852 et
554 1806 733 1854 totum
766 1798 1069 1855 sententiae
1101 1815 1299 1871 corpus
1326 1799 1671 1867 intuendum,
1702 1808 1758 1857 et
1796 1799 2076 1871 integrum
2117 1814 2184 1854 ex
2228 1798 2443 1870 integra
2470 1782 2732 1869 parabola

198 1882 561 1940 tractandum
609 1905 651 1943 ι.
700 1886 866 1943 Nullo
908 1888 1075 1959 igitur
1110 1886 1277 1942 modo
1328 1886 1632 1958 putandum
1683 1897 1785 1953 est,
1836 1888 2210 1943 Salomonem·
2239 1894 2295 1941 et
2348 1884 2728 1941 Sulamitidem

195 1987 323 2026 non
368 1988 487 2027 esse
527 1972 635 2028 nisi
670 1974 778 2029 alia
824 1974 1048 2029 nomina
1096 1974 1342 2030 adhibita
1386 1990 1486 2045 pro
1534 1974 1702 2030 Iahve
1740 1983 1797 2030 et
1832 1990 2138 2047 synagoga,
2188 1972 2408 2030 Christo
2452 1982 2508 2028 et
2551 1972 2732 2029 Eccle-

198 2059 318 2127 sia3
352 2058 449 2115 sed
490 2058 717 2117 humani
744 2061 824 2116 illi
864 2062 1122 2126 all’ectuS,
1148 2078 1287 2134 quos
1326 2077 1560 2133 sponsus
1600 2070 1656 2118 et
1701 2078 1900 2133 sponsa
1930 2062 2272 2133 exprimunt,
2300 2057 2621 2131 imperfecte
2650 2061 2732 2116 al·-

200 2148 383 2202 tiores
410 2156 464 2203 et
494 2146 845 2204 sublimiores
867 2149 1066 2205 Christi
1088 2158 1145 2205 et
1170 2149 1443 2206 Ecclesiae
1465 2150 1696 2205 affectus
1731 2158 2172 2219 repraesentant,
2201 2157 2365 2220 atque
2395 2146 2452 2202 in
2472 2156 2734 2203 externae

202 2234 359 2288 illius
380 2234 805 2305 pulchritudinis
822 2235 1280 2307 descriptionibus
1308 2236 1379 2292 ad
1403 2238 1616 2309 singula
1647 2244 1700 2292 et
1729 2237 1937 2292 minuta
1963 2252 2184 2309 quoque
2213 2235 2502 2291 descendit
2527 2231 2724 2299 oratio,

204 2330 269 2377 ut
290 2322 492 2378 clarior
526 2322 795 2380 reddatur
836 2325 953 2380 eius
988 2324 1200 2397 imago,
1242 2333 1407 2396 atque
1447 2326 1662 2379 interna
1703 2332 1759 2379 ct
1794 2322 2092 2394 spiritualis
2133 2322 2522 2395 pulchritudo,
2567 2338 2734 2393 quam

204 2411 523 2483 significare
552 2413 667 2468 vult
695 2422 909 2481 auctor,
941 2411 1235 2483 perfectius
1258 2413 1615 2484 exprimatur.
1643 2413 1828 2481 Quare
1848 2412 2105 2476 otiosum,
2134 2412 2267 2482 quin
2290 2410 2456 2466 etiam
2481 2410 2736 2481 periculis

205 2502 437 2571 plenum
467 2508 575 2567 est,
610 2500 669 2555 in
696 2501 926 2572 singulis
946 2500 1233 2555 sententiis
1256 2498 1823 2571 descriptionibusque
1851 2499 2110 2571 mysteria
2140 2514 2426 2585 quaerere.

286 2675 351 2731 4.
390 2704 449 2712 —
472 2670 872 2745 Quamquam
888 2667 1050 2729 inter
1060 2668 1404 2729 catholicos
1416 2668 1792 2745 interpretes
1808 2666 1886 2726 de
1899 2667 2192 2727 universo
2205 2671 2574 2742 argumento
2589 2682 2736 2725 eon-

200 2769 419 2841 venit‚
446 2766 719 2826 multum
743 2770 953 2825 tamen
982 2764 1049 2825 in
1075 2781 1150 2825 eo
1178 2763 1525 2825 accuratius
1552 2761 1913 2822 definiendo
1938 2766 2001 2822 et
2029 2763 2096 2822 in
2121 2762 2264 2821 libri
2294 2762 2502 2822 forma
2523 2761 2733 2820 deter-

200 2864 515 2926 minanda
537 2862 703 2923 inter
729 2879 795 2921 se
826 2861 1236 2934 dissentiunt;
1264 2860 1413 2921 hinc
1442 2859 1632 2919 etiam
1661 2875 1921 2936 magnus
1963 2859 2128 2918 inter
2153 2875 2260 2917 eos
2305 2857 2626 2917 dissensus
2671 2857 2736 2915 in

204 2964 455 3022 Cantici
491 2958 787 3019 divisione
823 2956 1185 3027 indicanda,
1220 2956 1455 3035 quippe
1498 2971 1659 3032 quae
1689 2972 1726 3014 a
1762 2956 1999 3015 formae
2031 2959 2092 3013 et
2118 2953 2470 3031 argumenti
2500 2952 2736 3012 descri-

206 3059 430 3138 ptione
456 3055 828 3133 dependeat.

278 3188 560 3257 Quoniam
587 3184 863 3241 continuis
889 3182 1073 3255 sponsi
1102 3198 1445 3254 sponsaeque
1473 3182 1764 3254 colloquiis
1789 3190 2177 3254 argumentum
2204 3178 2526 3251 explicatur,
2561 3200 2586 3230 α
2617 3178 2740 3235 dra·

204 3277 378 3333 matis
404 3276 461 3329 in
488 3272 716 3329 modum
746 3293 772 3323 1>
805 3272 1011 3328 librum
1038 3288 1157 3327 esse
1185 3272 1453 3341 scriptum
1481 3280 1632 3325 recte
1663 3268 1802 3325 dixit
1838 3270 2116 3340 Oriqenes
2146 3270 2231 3334 (ln
2259 3268 2416 3323 Cant.
2449 3266 2602 3323 hom.
2632 3271 2737 3331 1.);

206 3365 403 3420 minus
425 3370 576 3418 recte
605 3369 792 3417 autem
817 3358 1073 3415 moderni
1099 3358 1259 3413 multi
1291 3358 1498 3412 iustum
1530 3357 1724 3412 drama
1755 3357 1891 3412 illud
1925 3372 2044 3412 esse
2075 3364 2430 3426 putaverunt,
2463 3353 2734 3425 siquidem
2795 3418 2802 3425 ,

206 3452 355 3508 nihil
373 3451 433 3507 in
452 3466 519 3506 eo
542 3448 833 3520 reperitur,
863 3446 1011 3519 quod
1035 3445 1253 3502 fabulae
1270 3444 1604 3502 dramaticae
1630 3443 1808 3499 simile
1833 3442 1922 3498 sit.
1945 3444 2129 3513 Quare
2148 3441 2317 3498 etiam
2338 3457 2528 3497 omnes
2549 3457 2742 3497 eorum

206 3546 477 3603 coneum,
507 3538 602 3609 qui
629 3535 766 3593 illud
802 3536 861 3591 in
888 3544 1044 3590 actus
1076 3549 1374 3605 scenasque
1412 3530 1844 3595 distribuerunt,
1877 3546 2048 3585 vanos
2085 3546 2230 3597 esse,
2263 3546 2512 3585 summus
2550 3544 2742 3585 eorum

208 3618 497 3683 dissensus
524 3623 793 3692 ostendit3
820 3639 950 3679 nam
975 3638 1076 3693 pro
1108 3637 1209 3677 suo
1248 3621 1479 3694 quisque
1514 3620 1740 3693 ingenio
1772 3617 2014 3674 fabulam
2053 3618 2294 3690 aliquam
2319 3616 2422 3673 sibi
2447 3616 2662 3689 tingunt
2689 3626 2744 3671 et

210 3731 316 3787 pro
344 3730 445 3769 suo
472 3712 699 3770 arbitrio
736 3725 1097 3783 personarum
1139 3708 1447 3782 agentium,
1479 3716 1704 3763 actuum
1722 3750 1736 3776 ‚
1767 3721 2057 3763 scenarum
2099 3720 2393 3760 numerum
2433 3704 2738 3759 stabiliunt.

212 3806 455 3859 Externa
492 3800 661 3873 igitur
688 3799 865 3855 forma
894 3797 1312 3853 fundamentum
1341 3794 1624 3851 divisionis
1649 3810 1762 3850 non
1786 3793 2058 3865 praeberi,
2086 3794 2332 3864 plerique
2365 3792 2740 3857 consentiunt;

213 3892 313 3965 qui
338 3900 525 3947 autem
552 3885 831 3944 divisionis
857 3887 1127 3943 rationem
1159 3901 1226 3939 ex
1254 3892 1586 3955 argumento
1615 3883 2029 3948 desumserunt,
2062 3881 2226 3936 etiam
2253 3880 2311 3935 in
2349 3877 2745 3933 diversissimas

213 3982 423 4036 abeunt
452 3976 771 4044 sententiaS,
804 3975 933 4047 quia
975 3971 1339 4029 diversimode
1383 3970 1520 4026 illud
1560 3970 1949 4025 definiverunt.
1994 3971 2094 4024 Ex.
2139 3984 2220 4040 gr.
2251 3969 2309 4021 S.
2345 3966 2598 4021 Thomas
2631 3974 2745 4021 tres

214 4066 509 4140 distinguit
545 4073 745 4136 partes,
782 4063 909 4135 quia
946 4060 1016 4116 de
1043 4060 1318 4117 Ecclesiae
1354 4058 1672 4129 incipientis
1703 4058 1988 4128 (1‚1-3‚6)‚
2020 4053 2418 4127 progredientis
2457 4058 2740 4122 (3,7-6,9),

216 4157 287 4213 ad
324 4154 721 4229 perfectionem
747 4166 906 4205 suam
944 4147 1305 4221 pervenientis
1336 4148 1661 4216 (6,10-8,13)
1694 4145 1896 4201 unione
1924 4158 2051 4199 cum
2081 4142 2300 4198 Christo
2333 4156 2497 4213 agere
2525 4148 2739 4205 censet;

218 4248 353 4303 Nic.
401 4248 669 4309 Lyranus
706 4237 843 4294 duas
874 4245 1091 4293 tantum
1130 4242 1311 4305 partes
1348 4233 1540 4289 statuit
1570 4254 1582 4287 :
1625 4233 1694 4287 dc
1732 4247 1922 4287 amore
1958 4230 2061 4286 Dei
2099 4244 2229 4301 erga
2269 4228 2534 4300 populum
2575 4228 2743 4283 lsrael

218 4334 513 4402 (nl-mm)
544 4336 597 4385 et
627 4326 697 4382 de
728 4341 916 4382 amore
944 4323 1048 4379 Dei
1075 4338 1206 4395 erga
1229 4321 1532 4377 Ecclesiam
1559 4324 1881 4387 (7,1-8,13);
1919 4316 2225 4373 Cornelius
2247 4332 2289 4370 a
2317 4320 2466 4387 Lap.
2502 4315 2742 4387 quinque

218 4430 404 4495 partes
428 4416 676 4491 agnoscit
704 4430 803 4486 pro
832 4412 1095 4485 quinque,
1128 4408 1612 4487 quosldistinguit,
1641 4406 1873 4463 statibus
1895 4405 2203 4472 Ecclesiae;
2229 4403 2322 4459 alii
2348 4401 2458 4459 alio
2483 4402 2670 4459 modo.
