3050 5184
906 926 1744 1024 DISSERTATIO
1817 928 1976 1021 VI.

588 1254 677 1319 DE
716 1253 1015 1319 vss'rmus
1055 1254 1499 1321 TEsTmlt'n
1540 1254 1779 1321 LIBRIS
1819 1252 2282 1319 PRorlmrchs

1246 1863 1542 1933 CAPUT
1587 1864 1641 1933 Ῑ.

562 2070 657 2121 DE
694 2069 937 2121 LIBRIS
966 2069 1449 2121 PROPHETICIS
1488 2070 1860 2123 UNIVERSE
1903 2069 2316 2123 SPEGTATIS.

600 2268 641 2358 ξ,
672 2276 731 2338 1.
760 2309 847 2319 -
879 2272 974 2336 De
990 2270 1483 2359 prophetarum
1512 2269 1895 2336 nominibus
1922 2282 1987 2336 et
2013 2271 2276 2359 officz‘z's.

252 2491 306 2549 1.
336 2524 419 2533 —
452 2489 759 2567 Propheta
787 2488 1131 2567 (προφήτης),
1158 2490 1210 2549 si
1242 2489 1656 2568 etymologica
1683 2494 2003 2568 spectatur
2030 2507 2260 2550 nomen
2277 2534 2290 2561 ‚
2322 2494 2417 2550 est
2438 2490 2542 2551 ille
2559 2537 2572 2563 ‚
2599 2491 2705 2568 qui

182 2587 429 2647 alicuius
458 2590 584 2647 vice
613 2588 851 2663 loquens
882 2587 1017 2649 eius
1047 2590 1143 2646 est
1171 2586 1514 2664 interpreS,
1543 2590 1732 2663 atque
1764 2586 1985 2646 eadem
2011 2586 2263 2647 videtur
2291 2604 2427 2647 esse
2467 2587 2704 2664 signifi-

184 2684 338 2742 catio
379 2682 800 2761 etymologica
836 2683 1111 2742 nominis
1152 2698 1317 2777 ψῃ.
1362 2684 1702 2761 Aptissime
1744 2683 1935 2760 igitur
1971 2684 2333 2743 nominibus
2369 2683 2495 2743 illis
2540 2681 2706 2743 desi-

183 2801 447 2873 gnantur
474 2798 595 2857 viri
624 2797 751 2883 illi,
782 2798 889 2874 qui
916 2814 953 2857 a
980 2800 1109 2858 Deo
1144 2798 1436 2857 illustrati
1470 2797 1549 2857 ad
1580 2797 1888 2875 populum
1919 2796 2278 2874 loquuntur,
2315 2814 2707 2875 quorumque

184 2896 469 2972 proprius
500 2894 821 2955 character
853 2898 978 2966 est,
1015 2897 1085 2954 ut
1110 2895 1233 2954 sint
1274 2912 1335 2954 os
1376 2896 1501 2954 Dei.
1539 2894 1783 2953 Etenim
1818 2916 1847 2947 «
1886 2911 1958 2954 ea
1988 2894 2330 2971 loquuntur
2367 2893 2706 2972 prophetae

186 2990 317 3062 Dei,
360 3009 523 3070 quae
553 2990 819 3051 audiunt
861 2992 937 3050 ab
970 3007 1075 3063 ee,
1110 2989 1379 3069 nihilque
1415 2996 1503 3051 est
1524 2990 1818 3068 propheta
1845 2989 1966 3051 Dei
1989 2993 2110 3051 nisi-
2137 2994 2480 3050 enuutiator
2508 2988 2709 3050 verbo-

184 3103 308 3147 rum
334 3086 452 3149 Dei
475 3086 833 3160 hominibus,
868 3088 976 3164 qui
1001 3090 1199 3148 Deum
1227 3091 1338 3148 aut
1360 3104 1485 3148 non
1508 3090 1776 3165 possunt
1797 3090 2052 3147 autnon
2078 3090 2398 3163 merentur
2423 3086 2640 3147 audire
2673 3110 2703 3141 »

189 3182 268 3256 (S.
297 3184 557 3264 August.
589 3184 837 3255 Quaest.
875 3186 967 3243 17.
1005 3184 1069 3243 in
1099 3183 1293 3243 Exod.
1329 3183 1477 3263 7‚1).

250 3297 591 3354 Vocabulum
614 3297 863 3368 προφήτου
884 3313 913 3353 a
937 3298 1177 3367 προφάναι
1202 3297 1463 3366 derivari,
1494 3297 1809 3354 eommunis
1837 3305 1919 3353 est
1957 3306 2012 3351 et
2044 3305 2196 3352 certa
2228 3296 2530 3367 sententia,
2562 3307 2618 3353 at
2651 3299 2707 3353 in

190 3398 248 3437 eo
273 3395 460 3441 errant
484 3384 636 3441 haud
664 3385 843 3456 pauci,
876 3384 1027 3457 quod
1050 3386 1359 3457 genuinum
1386 3401 1609 3441 sensum
1634 3384 1786 3440 verbi
1815 3385 2056 3455 προφάναι
2091 3383 2280 3440 dicant
2312 3401 2432 3441 esse
2463 3387 2706 3456 praedi-

190 3486 327 3536 cere,
358 3474 473 3529 sola
504 3472 817 3529 futurorum
844 3472 1221 3544 praedictione
1248 3482 1429 3528 totum
1454 3488 1657 3528 munus
1683 3471 2068 3544 propheticum
2100 3472 2310 3528 absolvi
2339 3474 2702 3531 insinuantes.

192 3562 438 3617 Attamen
466 3562 676 3631 primus
707 3561 858 3617 verbi
882 3576 1075 3617 sensus
1104 3568 1187 3616 est
1219 3579 1244 3612 ι
1274 3577 1374 3633 pro
1404 3561 1589 3633 aliquo
1619 3561 1773 3632 loqui
1803 3581 1828 3611 n
1865 3578 1892 3614 α
1927 3562 2050 3617 vice
2078 3562 2338 3617 alicuius
2368 3562 2531 3636 loqui
2559 3582 2619 3631 »ς
2649 3563 2707 3618 in

194 3648 537 3715 profanorum
566 3648 711 3704 enim
740 3649 1077 3719 scriptorum
1101 3665 1203 3705 usu
1235 3648 1501 3721 propheta
1543 3657 1626 3703 est
1659 3646 1806 3704 idem
1837 3664 1898 3704 ac
1932 3650 2226 3722 interpres
2247 3649 2286 3718 ¹,
2318 3666 2499 3721 neque
2527 3651 2707 3705 Patri-

193 3732 284 3789 bus
310 3738 541 3808 genuina
568 3736 705 3792 haec
730 3738 971 3793 nominis
999 3738 1079 3793 vis
1108 3746 1225 3793 erat
1254 3737 1548 3809 incognita,
1574 3752 1744 3808 quum
1775 3736 1922 3793 haud
1946 3739 2116 3794 semel
2136 3746 2346 3792 asserat
2366 3738 2422 3793 S.
2454 3736 2704 3810 Chryso-

194 3828 394 3881 stomus
424 3825 503 3891 (in
530 3832 553 3881 1
586 3826 712 3880 Cor.
748 3824 898 3881 hom.
938 3830 1091 3893 36,4;
1125 3826 1178 3881 in
1208 3828 1332 3882 Act.
1363 3825 1515 3880 hom.
1555 3831 1678 3893 19,3
1703 3826 1830 3893 etc.)
1872 3846 1896 3875 υ
1932 3825 2260 3896 prophetam
2291 3840 2408 3880 esse
2437 3824 2706 3897 interpre-

194 3914 293 3963 tem
318 3912 423 3968 Dei
452 3934 504 3977 υ,
543 3933 567 3962 α
596 3912 992 3984 prophetarum
1021 3929 1119 3969 ora
1150 3930 1267 3968 esse
1295 3914 1466 3985 ipsius
1488 3914 1595 3968 Dei
1623 3929 1685 3967 os
1718 3933 1765 3980 n,
1795 3910 2056 3985 idemque
2083 3914 2239 3967 nobis
2267 3912 2380 3967 iam
2409 3913 2709 3969 insinuavit

198 3998 570 4066 Apostolorum
598 4000 855 4072 princeps
880 4006 933 4069 (2
967 4006 1125 4057 Petr.
1162 4005 1327 4070 1‚21).
1364 4032 1434 4041 -—-
1462 4000 1800 4057 Hebraicum
1828 4016 2031 4056 nomen
2069 4000 2227 4056 Nabi
2255 4015 2474 4071 quoque
2507 4014 2706 4057 secun-

198 4082 314 4139 dum
342 4088 765 4157 probabiliorem
795 4089 1187 4161 etymologiam
1216 4088 1467 4161 designat
1489 4088 1669 4157 illum,
1703 4089 1797 4160 qui
1826 4088 1894 4144 ab
1925 4088 2030 4143 alio
2073 4087 2344 4158 impulsus
2383 4100 2510 4143 cum
2547 4087 2707 4143 uber-

198 4176 297 4225 tate
316 4173 589 4247 loquitur;
619 4174 885 4248 quidquid
914 4185 1103 4233 autem
1128 4176 1197 4233 de
1226 4177 1343 4232 eius
1367 4176 1700 4249 etymologia
1728 4185 1830 4244 est,
1859 4185 2072 4231 certum
2093 4184 2191 4242 est,
2223 4176 2445 4230 nomine
2473 4174 2578 4231 isto
2602 4176 2706 4231 Dei

256 4356 315 4419 (¹)
340 4360 483 4411 Teste
509 4364 657 4411 Festo
687 4380 712 4404 α
741 4360 1017 4424 prophetae
1054 4360 1381 4412 nominantur
1416 4361 1652 4412 fanorum
1688 4360 1946 4411 antistites
1973 4364 2024 4409 et
2051 4362 2402 4411 oraculorum
2433 4361 2706 4423 interpre-

205 4432 269 4480 ἴω
302 4454 355 4499 »;
388 4439 596 4503 Delphis
637 4440 905 4503 propheta
944 4440 1305 4491 nominabatur
1342 4440 1608 4499 sacerdos,
1639 4441 1728 4503 qui
1760 4438 1968 4500 Pythiae
2007 4438 2210 4488 oracula
2249 4439 2704 4503 interpretabatur;

209 4516 361 4571 boetae
382 4522 631 4569 vocantur
656 4522 864 4570 Μουσῶν
892 4526 1149 4583 προφῆται,
1180 4518 1602 4569 aristotelicorum
1633 4532 1840 4583 operum
1874 4518 2127 4581 interpres
2155 4520 2399 4585 προφήτης
2431 4520 2706 4581 Ἀριστοτέ-

209 4590 300 4649 ὶῡυς
326 4596 429 4654 (Gir
457 4598 583 4649 Rob.
613 4598 869 4661 Stephani
896 4599 1139 4648 Thesaur.
1169 4612 1373 4660 graecae
1404 4600 1604 4661 linguae
1633 4610 1676 4646 s,
1709 4597 1782 4659 v.)

1387 4690 1475 4732 863
