3050 5184
763 369 839 414 ns
881 369 1118 418 TEXTUS
1159 369 1594 416 nAssonsrnrci
1639 367 2067 414 auc-romum.
2604 351 2683 410 69

165 505 214 550 et
239 511 268 551 a
295 497 348 553 S.
377 499 554 554 Paulo
581 500 708 556 ideo
737 500 1022 558 dumtaxat
1051 510 1180 558 sunt
1206 501 1440 568 omissa,
1471 500 1601 573 quia
1628 515 1727 572 per
1755 515 1813 556 se
1840 507 2001 556 erant
2023 498 2501 573 subintelligenda.
2532 500 2687 554 Haec

165 582 264 638 due
301 593 520 642 tantum
562 587 618 644 S.
664 589 1034 662 Hieronymus
1077 588 1135 644 in
1182 589 1440 645 hebraico
1486 596 1640 644 textu
1690 587 1979 658 vituperat.
2016 591 2063 644 S.
2082 591 2331 644 Iustinus
2373 593 2450 644 M.
2476 594 2684 641 autem

167 673 528 743 conqueritur,
555 675 705 746 quod
731 677 792 731 in
816 679 908 733 Ps.
929 683 1094 744 95,10
1115 677 1168 748 (α
1189 677 1366 732 Dicite
1392 675 1666 748 gentibus,
1696 676 1823 747 quia
1850 676 2123 731 Dominus
2150 677 2417 748 regnavit)
2440 695 2465 726 n
2496 672 2687 730 Iudaei

169 757 268 813 duo
310 760 474 816 verba
506 780 530 813 ι
570 779 612 818 α
634 762 796 836 liquo
833 785 858 814 υ
891 764 1239 828 sustulerint;
1269 773 1326 819 at
1366 763 1504 820 haec
1543 763 1737 832 verba,
1768 762 1849 818 uti
1888 763 1959 818 ab
2005 763 2262 820 hebraico
2290 771 2470 828 textu,
2513 761 2586 817 ita
2616 759 2685 816 ab

169 845 404 902 omnibus
449 850 794 908 versionibus
833 852 1182 924 ignorantur.
1229 852 1369 907 Item
1415 859 1541 922 post
1587 859 1609 906 1
1656 850 1829 908 Esdr-
1879 855 2001 918 6,21
2054 866 2229 907 unum
2274 865 2494 905 versum
2537 857 2594 904 et
2629 848 2687 903 in

173 934 419 991 lercmiae
465 937 731 994 vaticiniis
772 937 916 994 duos
964 954 1154 995 versus
1198 955 1230 994 a
1279 938 1496 994 Iudaeis
1556 953 1677 994 esse
1716 945 1963 994 remotos
2012 939 2232 1005 asserit3
2288 935 2386 993 sed
2432 951 2574 993 unus
2618 950 2683 990 ex

171 1021 416 1078 Ieremiae
462 1025 712 1082 versibus
754 1027 814 1082 in
859 1035 1014 1083 textu
1059 1026 1318 1082 hebraico
1365 1029 1569 1094 (11‚19)
1615 1026 1843 1098 legitur,
1892 1027 2033 1081 alter
2077 1033 2260 1081 autem
2310 1034 2475 1098 atque
2520 1024 2684 1079 etiam

170 1105 400 1166 esdr-inus
443 1112 648 1168 iterum
695 1115 862 1169 etiam
907 1115 964 1169 in
1010 1113 1354 1170 versionibus
1392 1112 1595 1170 desunt
1642 1121 1697 1169 et
1723 1129 1753 1168 a
1778 1112 2004 1185 reliquis
2044 1113 2297 1170 Patribus
2338 1113 2680 1185 ignorantur.

167 1195 365 1264 Operae
411 1199 651 1269 pretium
695 1216 810 1256 non
856 1211 966 1270 cst,
997 1211 1058 1256 ut
1094 1217 1288 1258 omnes
1322 1210 1506 1257 textus
1534 1216 1567 1257 a
1594 1201 1900 1256 iunioribus
1940 1201 2213 1273 theologis
2252 1201 2451 1256 allatos
2486 1199 2683 1256 exami-

165 1297 374 1352 nemus3
406 1287 698 1344 Salmeron
725 1287 1017 1345 duodecim
1045 1289 1231 1358 affert,
1260 1287 1581 1344 Bonsrerius
1616 1304 1711 1344 sex
1746 1297 1994 1358 tantum,
2022 1297 2240 1360 praeter
2276 1303 2415 1359 quos
2449 1302 2564 1342 non
2598 1287 2684 1342 in-

165 1371 320 1427 veniri
347 1374 455 1430 alia
483 1376 848 1447 corruptionis
879 1377 1191 1434 testimonia
1220 1385 1435 1443 censet,
1463 1377 1644 1432 Canus
1680 1391 1853 1432 unum
1880 1378 2089 1444 solum,
2116 1375 2447 1448 Goldhagen
2486 1375 2683 1430 iterum

159 1472 350 1515 novem
378 1469 508 1530 etc.;
540 1472 598 1518 at
639 1479 832 1520 omnes
873 1479 1067 1520 eorum
1111 1463 1444 1520 obiectiones
1484 1463 1733 1520 erroneis
1770 1471 1955 1518 textus
1996 1461 2237 1519 hebraici
2274 1461 2685 1534 interpretatio-
2730 1449 2739 1458 '

157 1545 314 1603 nibus
335 1548 668 1606 innituntur.

225 1735 284 1792 4.
315 1767 400 1776 -—
431 1735 653 1795 Textui
682 1735 876 1812 igitur
904 1735 1358 1796 massorethico
1399 1752 1510 1796 sua
1546 1699 1760 1796 manet
1786 1735 2153 1806 auctoritaS,
2177 1752 2323 1795 nam
2362 1755 2391 1788 «
2416 1749 2681 1804 erroreS,

155 1826 356 1904 inquit
384 1829 784 1890 Bellarmimts
812 1829 916 1910 (de
945 1832 1152 1892 Verbo
1181 1833 1292 1893 Dei
1324 1833 1398 1894 11.
1430 1829 1492 1911 2)
1523 1849 1651 1892 non
1680 1836 1825 1892 sunt
1850 1831 2008 1892 tanti
2037 1831 2378 1902 momenti,
2402 1833 2471 1890 ut
2494 1830 2680 1901 iniis,

153 1940 307 1998 quae
337 1924 418 1984 ad
449 1925 642 1987 fldem
680 1931 748 1987 et
783 1943 994 1988 mores
1040 1927 1390 2005 pertinent,
1421 1927 1779 2006 Scripturae
1823 1944 2035 1988 sacrae
2068 1927 2394 2006 integritas
2441 1925 2686 1987 deside-

153 2025 324 2079 retur
357 2044 412 2079 ».

217 2144 344 2213 lpse
381 2143 700 2211 Salmeron,
729 2145 980 2216 quamvis
1019 2146 1224 2204 multis.
1243 2146 1583 2219 argumentis
1622 2146 2037 2218 corruptionem
2071 2155 2257 2202 textus
2300 2143 2685 2201 massorethici

149 2226 528 2287 demonstrare
568 2241 821 2297 conetur,
851 2231 922 2288 de
951 2233 1071 2288 eius
1115 2249 1219 2289 usu
1265 2233 1372 2289 hoc
1419 2241 1773 2304 praeceptum
1818 2241 2061 2290 statuere
2104 2249 2220 2289 non
2264 2231 2482 2288 dubitat
2518 2250 2534 2287 ε
2571 2253 2595 2283 α
2628 2233 2684 2288 Si

152 2315 370 2386 quando
413 2319 714 2390 contingit,
759 2328 820 2375 ut
860 2319 1011 2376 aliud
1051 2321 1300 2393 legamus
1337 2321 1396 2376 in
1434 2321 1700 2392 Vulgata,
1744 2319 1899 2376 aliud
1934 2320 1991 2376 in
2027 2320 2236 2393 graecis
2278 2329 2373 2376 aut
2414 2319 2685 2376 hebraicis

150 2403 447 2474 codicibus,
473 2407 524 2462 si
547 2423 664 2462 non
690 2405 790 2462 sibi
818 2407 1206 2464 contradicunt
1233 2407 1330 2463 sed
1357 2416 1577 2464 tantum
1598 2416 1729 2463 sunt
1754 2407 1993 2478 diversa,
2026 2417 2259 2479 utraque
2283 2408 2447 2464 lectio
2480 2416 2563 2463 est
2591 2423 2682 2462 re·-

151 2492 394 2562 eipienda
435 2501 494 2549 et
536 2493 812 2550 catholico
847 2510 1012 2550 sensu
1051 2494 1396 2567 explicanda.
1433 2495 1492 2551 Si
1527 2511 1660 2551 vero
1698 2494 2085 2552 contradicunt
2122 2495 2225 2552 sihi
2251 2496 2516 2562 invicem,
2544 2495 2683 2550 sieut

149 2578 442 2636 affirmatio
469 2590 527 2638 ct
551 2583 794 2654 negatio,
826 2581 1138 2640 adhibenda
1161 2591 1244 2638 est
1272 2581 1555 2655 diligentia
1582 2592 1638 2639 et
1664 2583 1845 2639 omnis
1872 2599 2036 2654 opera
2068 2582 2353 2654 ponenda,
2374 2584 2423 2638 si
2451 2598 2559 2653 qua
2592 2597 2681 2637 ra-

145 2667 292 2724 tione
319 2669 596 2741 possimus
625 2668 945 2737 ostendere,
976 2669 1072 2725 illa
1099 2671 1277 2740 specie
1299 2678 1515 2726 tantum
1546 2679 1601 2726 et
1626 2686 1742 2726 non
1759 2671 1957 2742 reipsa
1980 2670 2081 2726 sibi
2102 2670 2399 2726 adversari.
2421 2669 2533 2726 Ubi
2552 2685 2683 2725 vero

145 2755 294 2812 nulla
323 2763 508 2829 potest
533 2757 662 2812 iniri
679 2757 1004 2826 concordia,
1028 2757 1106 2812 illi
1135 2759 1356 2814 lectioni
1381 2759 1559 2832 magis
1587 2762 1671 2814 est
1698 2757 1987 2823 standum,
2010 2773 2150 2828 quae
2172 2758 2349 2826 magis
2376 2773 2505 2814 cum
2530 2771 2683 2828 prac-

145 2843 462 2900 cedentibus
489 2852 548 2900 et
574 2844 1040 2916 consequentibus
1065 2843 1356 2914 cohaeret,
1379 2853 1474 2902 aut
1497 2846 1670 2917 magis
1696 2845 1952 2901 convenit
1972 2860 2099 2900 cum
2118 2845 2431 2916 apostolicis
2449 2853 2505 2900 et
2524 2859 2683 2899 evan-

145 2931 328 3002 gelicis
351 2931 545 2998 literiS,
575 2939 672 2987 aut
699 2947 732 2988 a
761 2931 1006 3002 pluribus
1033 2933 1283 2990 Patribus
1311 2933 1494 3006 agnita
1523 2942 1581 2988 et
1608 2932 1839 3004 probata
1863 2941 1974 3002 est,
2004 2937 2125 2988 sive
2150 2932 2230 2987 sic
2254 2931 2534 3000 hebraea,
2568 2934 2684 2988 sive

141 3035 379 3090 yraeca,
411 3020 537 3075 sive
564 3017 774 3076 latina
803 3039 830 3070 2>
863 3021 1100 3092 (Proleg.
1129 3027 1180 3076 ³.
1213 3023 1355 3092 Opp.
1383 3023 1430 3077 1.
1463 3037 1518 3092 p.
1550 3025 1660 3086 25).

1199 3362 1497 3430 CAPUT
1542 3363 1637 3429 II.

685 3583 780 3633 DE
819 3583 1062 3634 TEXTU
1101 3583 1397 3636 GRAECO
1437 3584 1619 3635 NOVI
1660 3584 2139 3636 TESTAMENTI.

387 3801 424 3884 ξ
454 3805 518 3866 l».
553 3835 642 3848 -
670 3801 766 3864 De
799 3798 1070 3886 linqua,
1099 3821 1238 3887 qua
1273 3800 1454 3867 Novi
1488 3803 1651 3866 Test.
1686 3799 1846 3867 libri
1869 3800 2233 3890 conscripti
2252 3813 2427 3866 sunt.

227 4023 280 4078 1.
313 4053 386 4062 —-
423 4019 660 4080 Omnes
691 4017 843 4078 Novi
875 4019 1041 4078 Test.
1072 4018 1251 4090 libri,
1277 4024 1539 4098 excepto
1570 4019 1633 4080 S.
1658 4019 1948 4081 Matthaei
1977 4021 2312 4098 Evangelio
2344 4020 2520 4080 cuius
2551 4023 2679 4078 tex-

155 4119 250 4175 tus
279 4113 708 4194 primigenius
747 4113 875 4174 iam
912 4131 1058 4175 mox
1098 4115 1371 4188 interiit,
1403 4117 1622 4194 lingua
1663 4134 1889 4195 graeca
1932 4121 2076 4178 sunt
2118 4115 2485 4193 conscripti,
2521 4130 2679 4191 quae

158 4215 352 4272 tamen
383 4229 422 4271 a
453 4227 614 4290 pura
641 4210 1050 4290 antiquorum
1081 4211 1486 4273 classicorum
1516 4212 1729 4292 lingua
1757 4214 1907 4273 satis
1937 4214 2121 4292 longe
2152 4213 2359 4272 distat.

223 4333 450 4389 lneunte
496 4348 643 4389 saec.
691 4337 776 4388 17.
822 4332 966 4388 inter
1010 4333 1432 4405 protestanticos
1475 4335 1805 4406 interpretes
1851 4334 2099 4407 quaestio
2144 4334 2345 4405 agitata
2390 4342 2501 4402 est,
2548 4347 2684 4388 num

161 4419 346 4476 idioma
383 4435 652 4494 graecum
689 4419 829 4476 Novi
854 4421 1004 4476 Test.
1045 4421 1117 4476 sit
1151 4419 1334 4488 idem,
1365 4436 1475 4492 quo
1511 4429 1675 4478 antea
1707 4423 1791 4478 usi
1820 4431 1979 4478 erant
2010 4421 2223 4478 classici
2252 4421 2515 4477 Graeciae
2547 4423 2682 4477 scri—

164 4517 346 4578 ptores.
369 4511 453 4565 Ne
482 4507 732 4564 divinam
747 4507 1162 4580 inspirationem
1191 4508 1434 4578 periculo
1457 4524 1733 4581 exponere
1751 4509 2086 4576 viderentur,
2106 4507 2257 4564 haud
2276 4509 2439 4580 pauci
2456 4507 2513 4564 id
2532 4525 2683 4566 asse-

165 4595 367 4664 rebant,
417 4605 480 4652 at
521 4611 723 4668 parum
769 4604 926 4667 aptos
965 4611 1191 4668 graecae
1237 4597 1456 4674 linguae
1501 4598 1898 4653 existimatores
1951 4596 2273 4668 divinaeque
2316 4597 2685 4670 inspirationis

167 4685 310 4754 plane
353 4684 558 4741 inscios
595 4683 872 4754 rudesque
919 4699 978 4738 se
1023 4698 1142 4738 esse
1195 4682 1370 4739 doctis
1415 4683 1919 4740 elucubrationibus
1947 4683 2339 4756 probaverunt,
2366 4700 2539 4758 quum
2564 4684 2685 4740 lieri
