<?xml version="1.0" encoding="UTF-8"?>
<!DOCTYPE html PUBLIC "-//W3C//DTD XHTML 1.0 Transitional//EN"
    "http://www.w3.org/TR/xhtml1/DTD/xhtml1-transitional.dtd">
<html xmlns="http://www.w3.org/1999/xhtml" xml:lang="en" lang="en">
 <head>
  <title>
</title>
<meta http-equiv="Content-Type" content="text/html;charset=utf-8" />
  <meta name='ocr-system' content='tesseract 3.04.00' />
  <meta name='ocr-capabilities' content='ocr_page ocr_carea ocr_par ocr_line ocrx_word'/>
</head>
<body>
  <div class='ocr_page' id='page_1' title='image "./historicaeetcri00corngoog_0462.png"; bbox 0 0 3050 5184; ppageno 0'>
   <div class='ocr_carea' id='block_1_1' title="bbox 351 330 2504 388">
    <p class='ocr_par' dir='ltr' id='par_1_1' title="bbox 351 330 2504 388">
     <span class='ocr_line' id='line_1_1' title="bbox 351 330 2504 388; baseline -0.001 -2"><span class='ocrx_word' id='word_1_1' title='bbox 351 330 467 386; x_wconf 68' lang='lat'>452</span> <span class='ocrx_word' id='word_1_2' title='bbox 742 346 815 387; x_wconf 75' lang='lat' dir='ltr'>na</span> <span class='ocrx_word' id='word_1_3' title='bbox 860 344 1005 388; x_wconf 69' lang='lat' dir='ltr'>novi</span> <span class='ocrx_word' id='word_1_4' title='bbox 1051 341 1218 385; x_wconf 75' lang='lat' dir='ltr'>Tasr.</span> <span class='ocrx_word' id='word_1_5' title='bbox 1264 339 1453 383; x_wconf 80' lang='lat' dir='ltr'>umus</span> <span class='ocrx_word' id='word_1_6' title='bbox 1496 339 1845 383; x_wconf 74' lang='lat' dir='ltr'>nis-romeis,</span> <span class='ocrx_word' id='word_1_7' title='bbox 1891 355 1970 367; x_wconf 96' lang='lat'><strong>—</strong></span> <span class='ocrx_word' id='word_1_8' title='bbox 2013 342 2088 385; x_wconf 72' lang='lat' dir='ltr'>na</span> <span class='ocrx_word' id='word_1_9' title='bbox 2131 343 2504 387; x_wconf 65' lang='lat' dir='ltr'>Ennomus.</span> 
     </span>
    </p>
   </div>
   <div class='ocr_carea' id='block_1_2' title="bbox 351 469 2842 744">
    <p class='ocr_par' dir='ltr' id='par_1_2' title="bbox 351 469 2842 744">
     <span class='ocr_line' id='line_1_2' title="bbox 433 469 2830 553; baseline -0.003 -18"><span class='ocrx_word' id='word_1_10' title='bbox 433 478 491 535; x_wconf 74' lang='lat'><strong>2.</strong></span> <span class='ocrx_word' id='word_1_11' title='bbox 524 508 603 521; x_wconf 95' lang='lat'><strong>—</strong></span> <span class='ocrx_word' id='word_1_12' title='bbox 634 476 910 551; x_wconf 82' lang='lat' dir='ltr'>Quatuor</span> <span class='ocrx_word' id='word_1_13' title='bbox 938 493 1057 534; x_wconf 83' lang='lat' dir='ltr'>esse</span> <span class='ocrx_word' id='word_1_14' title='bbox 1086 471 1401 553; x_wconf 76' lang='lat' dir='ltr'>Evanqelii</span> <span class='ocrx_word' id='word_1_15' title='bbox 1423 471 1606 531; x_wconf 80' lang='lat' dir='ltr'>libros</span> <span class='ocrx_word' id='word_1_16' title='bbox 1623 476 1911 550; x_wconf 66' lang='lat' dir='ltr'>penninos</span> <span class='ocrx_word' id='word_1_17' title='bbox 1931 520 1946 547; x_wconf 91' lang='lat'>,</span> <span class='ocrx_word' id='word_1_18' title='bbox 1979 491 2095 535; x_wconf 93' lang='lat' dir='ltr'>nec</span> <span class='ocrx_word' id='word_1_19' title='bbox 2124 475 2337 552; x_wconf 92' lang='lat' dir='ltr'>plures</span> <span class='ocrx_word' id='word_1_20' title='bbox 2367 490 2484 533; x_wconf 91' lang='lat' dir='ltr'>nec</span> <span class='ocrx_word' id='word_1_21' title='bbox 2513 469 2830 550; x_wconf 85' lang='lat' dir='ltr'>pauciores,</span> 
     </span>
     <span class='ocr_line' id='line_1_3' title="bbox 354 564 2840 650; baseline -0.004 -19"><span class='ocrx_word' id='word_1_22' title='bbox 354 578 483 632; x_wconf 84' lang='lat' dir='ltr'>tota</span> <span class='ocrx_word' id='word_1_23' title='bbox 511 578 677 634; x_wconf 89' lang='lat' dir='ltr'>retro</span> <span class='ocrx_word' id='word_1_24' title='bbox 698 572 959 650; x_wconf 81' lang='lat' dir='ltr'>agnovit</span> <span class='ocrx_word' id='word_1_25' title='bbox 989 570 1357 647; x_wconf 87' lang='lat' dir='ltr'>antiquitas;</span> <span class='ocrx_word' id='word_1_26' title='bbox 1390 569 1542 629; x_wconf 89' lang='lat' dir='ltr'>licet</span> <span class='ocrx_word' id='word_1_27' title='bbox 1571 568 1740 627; x_wconf 89' lang='lat' dir='ltr'>enim</span> <span class='ocrx_word' id='word_1_28' title='bbox 1770 569 1970 630; x_wconf 89' lang='lat' dir='ltr'>multo</span> <span class='ocrx_word' id='word_1_29' title='bbox 1999 571 2214 648; x_wconf 92' lang='lat' dir='ltr'>plures</span> <span class='ocrx_word' id='word_1_30' title='bbox 2243 570 2371 629; x_wconf 89' lang='lat' dir='ltr'>sint</span> <span class='ocrx_word' id='word_1_31' title='bbox 2399 566 2748 645; x_wconf 78' lang='lat' dir='ltr'>conscripti,</span> <span class='ocrx_word' id='word_1_32' title='bbox 2776 564 2840 623; x_wconf 92' lang='lat' dir='ltr'>ob</span> 
     </span>
     <span class='ocr_line' id='line_1_4' title="bbox 351 660 2842 744; baseline -0.005 -16"><span class='ocrx_word' id='word_1_33' title='bbox 351 668 740 730; x_wconf 83' lang='lat' dir='ltr'>auctoritatis</span> <span class='ocrx_word' id='word_1_34' title='bbox 768 673 979 728; x_wconf 85' lang='lat' dir='ltr'>tamen</span> <span class='ocrx_word' id='word_1_35' title='bbox 1012 666 1264 727; x_wconf 89' lang='lat' dir='ltr'>divinae</span> <span class='ocrx_word' id='word_1_36' title='bbox 1295 664 1616 725; x_wconf 85' lang='lat' dir='ltr'>desectum</span> <span class='ocrx_word' id='word_1_37' title='bbox 1646 666 1858 744; x_wconf 88' lang='lat' dir='ltr'>plures</span> <span class='ocrx_word' id='word_1_38' title='bbox 1883 667 1960 726; x_wconf 88' lang='lat' dir='ltr'>ab</span> <span class='ocrx_word' id='word_1_39' title='bbox 1992 666 2271 727; x_wconf 80' lang='lat' dir='ltr'>Ecclesia</span> <span class='ocrx_word' id='word_1_40' title='bbox 2301 683 2425 725; x_wconf 92' lang='lat' dir='ltr'>non</span> <span class='ocrx_word' id='word_1_41' title='bbox 2457 668 2596 725; x_wconf 86' lang='lat' dir='ltr'>sunt</span> <span class='ocrx_word' id='word_1_42' title='bbox 2621 660 2842 739; x_wconf 82' lang='lat' dir='ltr'>recepti.</span> 
     </span>
    </p>
   </div>
   <div class='ocr_carea' id='block_1_3' title="bbox 351 766 2882 3559">
    <p class='ocr_par' dir='ltr' id='par_1_3' title="bbox 351 766 2882 3559">
     <span class='ocr_line' id='line_1_5' title="bbox 424 766 2848 840; baseline -0.005 -13"><span class='ocrx_word' id='word_1_43' title='bbox 424 770 586 840; x_wconf 84' lang='lat' dir='ltr'>Quod</span> <span class='ocrx_word' id='word_1_44' title='bbox 616 779 887 827; x_wconf 89' lang='lat' dir='ltr'>assertum</span> <span class='ocrx_word' id='word_1_45' title='bbox 918 769 1223 824; x_wconf 84' lang='lat' dir='ltr'>innumeris</span> <span class='ocrx_word' id='word_1_46' title='bbox 1252 767 1363 823; x_wconf 77' lang='lat' dir='ltr'>fere</span> <span class='ocrx_word' id='word_1_47' title='bbox 1388 770 1620 822; x_wconf 91' lang='lat' dir='ltr'>Patrum</span> <span class='ocrx_word' id='word_1_48' title='bbox 1643 768 1971 824; x_wconf 85' lang='lat' dir='ltr'>testimoniis</span> <span class='ocrx_word' id='word_1_49' title='bbox 1998 767 2442 837; x_wconf 59' lang='lat' dir='ltr'>demonstratum</span> <span class='ocrx_word' id='word_1_50' title='bbox 2471 766 2718 839; x_wconf 88' lang='lat' dir='ltr'>quoniam</span> <span class='ocrx_word' id='word_1_51' title='bbox 2743 777 2848 818; x_wconf 81' lang='lat' dir='ltr'>vero</span> 
     </span>
     <span class='ocr_line' id='line_1_6' title="bbox 355 850 2850 930; baseline -0.003 -16"><span class='ocrx_word' id='word_1_52' title='bbox 355 876 444 915; x_wconf 90' lang='lat' dir='ltr'>res</span> <span class='ocrx_word' id='word_1_53' title='bbox 470 860 527 915; x_wconf 92' lang='lat' dir='ltr'>in</span> <span class='ocrx_word' id='word_1_54' title='bbox 555 867 840 930; x_wconf 89' lang='lat' dir='ltr'>comperto</span> <span class='ocrx_word' id='word_1_55' title='bbox 879 867 990 928; x_wconf 86' lang='lat' dir='ltr'>est,</span> <span class='ocrx_word' id='word_1_56' title='bbox 1032 872 1204 929; x_wconf 90' lang='lat' dir='ltr'>pauca</span> <span class='ocrx_word' id='word_1_57' title='bbox 1243 871 1309 911; x_wconf 87' lang='lat' dir='ltr'>ex</span> <span class='ocrx_word' id='word_1_58' title='bbox 1348 855 1744 927; x_wconf 83' lang='lat' dir='ltr'>antiquissimis</span> <span class='ocrx_word' id='word_1_59' title='bbox 1785 858 2208 928; x_wconf 90' lang='lat' dir='ltr'>praecipuarum</span> <span class='ocrx_word' id='word_1_60' title='bbox 2247 856 2602 912; x_wconf 86' lang='lat' dir='ltr'>ecclesiarum</span> <span class='ocrx_word' id='word_1_61' title='bbox 2639 850 2850 909; x_wconf 85' lang='lat' dir='ltr'>attulisse</span> 
     </span>
     <span class='ocr_line' id='line_1_7' title="bbox 354 937 2852 1016; baseline -0.004 -15"><span class='ocrx_word' id='word_1_62' title='bbox 354 946 607 1003; x_wconf 84' lang='lat' dir='ltr'>sufficiet.</span> <span class='ocrx_word' id='word_1_63' title='bbox 639 952 710 1003; x_wconf 77' lang='lat' dir='ltr'>In</span> <span class='ocrx_word' id='word_1_64' title='bbox 751 944 1169 1001; x_wconf 74' lang='lat' dir='ltr'>alexandrina</span> <span class='ocrx_word' id='word_1_65' title='bbox 1210 944 1468 1000; x_wconf 77' lang='lat' dir='ltr'>Clemens</span> <span class='ocrx_word' id='word_1_66' title='bbox 1504 944 1678 1001; x_wconf 76' lang='lat' dir='ltr'>Alex.</span> <span class='ocrx_word' id='word_1_67' title='bbox 1709 943 2118 1011; x_wconf 88' lang='lat' dir='ltr'>testimonium,</span> <span class='ocrx_word' id='word_1_68' title='bbox 2156 965 2181 995; x_wconf 73' lang='grc' dir='ltr'><strong>α</strong></span> <span class='ocrx_word' id='word_1_69' title='bbox 2213 943 2365 1016; x_wconf 92' lang='lat' dir='ltr'>quod</span> <span class='ocrx_word' id='word_1_70' title='bbox 2401 943 2460 999; x_wconf 91' lang='lat' dir='ltr'>in</span> <span class='ocrx_word' id='word_1_71' title='bbox 2484 942 2642 999; x_wconf 91' lang='lat' dir='ltr'>nobis</span> <span class='ocrx_word' id='word_1_72' title='bbox 2665 937 2852 995; x_wconf 87' lang='lat' dir='ltr'>traditis</span> 
     </span>
     <span class='ocr_line' id='line_1_8' title="bbox 354 1027 2854 1105; baseline -0.004 -16"><span class='ocrx_word' id='word_1_73' title='bbox 354 1044 596 1104; x_wconf 90' lang='lat' dir='ltr'>quatuor</span> <span class='ocrx_word' id='word_1_74' title='bbox 622 1034 935 1105; x_wconf 83' lang='lat' dir='ltr'>Evangeliis</span> <span class='ocrx_word' id='word_1_75' title='bbox 971 1048 1083 1087; x_wconf 90' lang='lat' dir='ltr'>non</span> <span class='ocrx_word' id='word_1_76' title='bbox 1124 1030 1395 1087; x_wconf 87' lang='lat' dir='ltr'>habemus</span> <span class='ocrx_word' id='word_1_77' title='bbox 1438 1052 1463 1082; x_wconf 69' lang='lat' dir='ltr'>n</span> <span class='ocrx_word' id='word_1_78' title='bbox 1508 1029 1818 1102; x_wconf 84' lang='lat' dir='ltr'>repudiavit</span> <span class='ocrx_word' id='word_1_79' title='bbox 1857 1031 2084 1104; x_wconf 89' lang='lat' dir='ltr'>(Strom.</span> <span class='ocrx_word' id='word_1_80' title='bbox 2115 1032 2220 1088; x_wconf 91' lang='lat'><strong>111.</strong></span> <span class='ocrx_word' id='word_1_81' title='bbox 2257 1036 2342 1098; x_wconf 79' lang='lat'>13)</span> <span class='ocrx_word' id='word_1_82' title='bbox 2381 1039 2435 1086; x_wconf 88' lang='lat' dir='ltr'>et</span> <span class='ocrx_word' id='word_1_83' title='bbox 2468 1050 2494 1082; x_wconf 71' lang='grc' dir='ltr'><strong>α</strong></span> <span class='ocrx_word' id='word_1_84' title='bbox 2532 1027 2854 1084; x_wconf 85' lang='lat' dir='ltr'>traditionem</span> 
     </span>
     <span class='ocr_line' id='line_1_9' title="bbox 352 1117 2856 1191; baseline -0.002 -16"><span class='ocrx_word' id='word_1_85' title='bbox 352 1120 661 1191; x_wconf 88' lang='lat' dir='ltr'>quamdam</span> <span class='ocrx_word' id='word_1_86' title='bbox 688 1137 721 1175; x_wconf 92' lang='lat' dir='ltr'>a</span> <span class='ocrx_word' id='word_1_87' title='bbox 745 1119 1135 1176; x_wconf 85' lang='lat' dir='ltr'>vetustioribus</span> <span class='ocrx_word' id='word_1_88' title='bbox 1162 1118 1496 1190; x_wconf 85' lang='lat' dir='ltr'>presbyteris</span> <span class='ocrx_word' id='word_1_89' title='bbox 1524 1127 1808 1189; x_wconf 83' lang='lat' dir='ltr'>acceptam</span> <span class='ocrx_word' id='word_1_90' title='bbox 1839 1140 1864 1170; x_wconf 71' lang='grc' dir='ltr'><strong><em>ι</em></strong></span> <span class='ocrx_word' id='word_1_91' title='bbox 1895 1119 2086 1175; x_wconf 88' lang='lat' dir='ltr'>retulit</span> <span class='ocrx_word' id='word_1_92' title='bbox 2121 1118 2191 1175; x_wconf 89' lang='lat' dir='ltr'>de</span> <span class='ocrx_word' id='word_1_93' title='bbox 2224 1118 2418 1175; x_wconf 87' lang='lat' dir='ltr'>ordine</span> <span class='ocrx_word' id='word_1_94' title='bbox 2453 1117 2738 1189; x_wconf 81' lang='lat' dir='ltr'>temporis,</span> <span class='ocrx_word' id='word_1_95' title='bbox 2765 1128 2856 1185; x_wconf 87' lang='lat' dir='ltr'>quo</span> 
     </span>
     <span class='ocr_line' id='line_1_10' title="bbox 354 1201 2855 1279; baseline -0.003 -16"><span class='ocrx_word' id='word_1_96' title='bbox 354 1218 595 1279; x_wconf 88' lang='lat' dir='ltr'>quatuor</span> <span class='ocrx_word' id='word_1_97' title='bbox 623 1209 715 1263; x_wconf 91' lang='lat' dir='ltr'>illa</span> <span class='ocrx_word' id='word_1_98' title='bbox 752 1208 810 1263; x_wconf 90' lang='lat' dir='ltr'>in</span> <span class='ocrx_word' id='word_1_99' title='bbox 851 1207 1033 1262; x_wconf 89' lang='lat' dir='ltr'>lucem</span> <span class='ocrx_word' id='word_1_100' title='bbox 1070 1205 1403 1277; x_wconf 86' lang='lat' dir='ltr'>prodiissent</span> <span class='ocrx_word' id='word_1_101' title='bbox 1432 1206 1652 1275; x_wconf 78' lang='lat' dir='ltr'>(Euseb.</span> <span class='ocrx_word' id='word_1_102' title='bbox 1695 1208 1766 1263; x_wconf 88' lang='lat' dir='ltr'>H.</span> <span class='ocrx_word' id='word_1_103' title='bbox 1798 1208 1861 1263; x_wconf 87' lang='grc' dir='ltr'>Ε.</span> <span class='ocrx_word' id='word_1_104' title='bbox 1893 1208 1986 1263; x_wconf 89' lang='lat' dir='ltr'><strong>VI.</strong></span> <span class='ocrx_word' id='word_1_105' title='bbox 2024 1212 2142 1276; x_wconf 74' lang='lat'>14);</span> <span class='ocrx_word' id='word_1_106' title='bbox 2175 1208 2475 1263; x_wconf 88' lang='lat' dir='ltr'>Clementis</span> <span class='ocrx_word' id='word_1_107' title='bbox 2503 1213 2686 1262; x_wconf 87' lang='lat' dir='ltr'>autem</span> <span class='ocrx_word' id='word_1_108' title='bbox 2711 1201 2855 1257; x_wconf 86' lang='lat' dir='ltr'>disci-</span> 
     </span>
     <span class='ocr_line' id='line_1_11' title="bbox 354 1290 2856 1368; baseline -0.003 -19"><span class='ocrx_word' id='word_1_109' title='bbox 354 1296 519 1365; x_wconf 80' lang='lat' dir='ltr'>pulus</span> <span class='ocrx_word' id='word_1_110' title='bbox 548 1297 823 1368; x_wconf 79' lang='lat' dir='ltr'>Oriqenes</span> <span class='ocrx_word' id='word_1_111' title='bbox 856 1295 1014 1351; x_wconf 90' lang='lat' dir='ltr'>nobis</span> <span class='ocrx_word' id='word_1_112' title='bbox 1044 1294 1263 1361; x_wconf 84' lang='lat' dir='ltr'>asserit,</span> <span class='ocrx_word' id='word_1_113' title='bbox 1307 1315 1332 1345; x_wconf 73' lang='grc' dir='ltr'><strong>α</strong></span> <span class='ocrx_word' id='word_1_114' title='bbox 1362 1308 1427 1349; x_wconf 89' lang='lat' dir='ltr'>ex</span> <span class='ocrx_word' id='word_1_115' title='bbox 1455 1293 1756 1349; x_wconf 86' lang='lat' dir='ltr'>traditione</span> <span class='ocrx_word' id='word_1_116' title='bbox 1783 1310 1842 1351; x_wconf 89' lang='lat' dir='ltr'>se</span> <span class='ocrx_word' id='word_1_117' title='bbox 1876 1295 2150 1367; x_wconf 88' lang='lat' dir='ltr'>accepisse</span> <span class='ocrx_word' id='word_1_118' title='bbox 2183 1294 2253 1351; x_wconf 86' lang='lat' dir='ltr'>de</span> <span class='ocrx_word' id='word_1_119' title='bbox 2281 1302 2523 1366; x_wconf 90' lang='lat' dir='ltr'>quatuor</span> <span class='ocrx_word' id='word_1_120' title='bbox 2551 1290 2856 1363; x_wconf 84' lang='lat' dir='ltr'>Evangeliis,</span> 
     </span>
     <span class='ocr_line' id='line_1_12' title="bbox 354 1378 2857 1455; baseline -0.003 -18"><span class='ocrx_word' id='word_1_121' title='bbox 354 1399 501 1455; x_wconf 81' lang='lat' dir='ltr'>quae</span> <span class='ocrx_word' id='word_1_122' title='bbox 528 1384 646 1438; x_wconf 90' lang='lat' dir='ltr'>sola</span> <span class='ocrx_word' id='word_1_123' title='bbox 674 1383 733 1438; x_wconf 92' lang='lat' dir='ltr'>in</span> <span class='ocrx_word' id='word_1_124' title='bbox 768 1384 1021 1438; x_wconf 88' lang='lat' dir='ltr'>universa</span> <span class='ocrx_word' id='word_1_125' title='bbox 1050 1382 1155 1437; x_wconf 92' lang='lat' dir='ltr'>Dei</span> <span class='ocrx_word' id='word_1_126' title='bbox 1192 1380 1434 1437; x_wconf 88' lang='lat' dir='ltr'>Ecclesia</span> <span class='ocrx_word' id='word_1_127' title='bbox 1465 1381 1605 1435; x_wconf 90' lang='lat' dir='ltr'>citra</span> <span class='ocrx_word' id='word_1_128' title='bbox 1632 1384 2065 1438; x_wconf 86' lang='lat' dir='ltr'>controversiam</span> <span class='ocrx_word' id='word_1_129' title='bbox 2102 1380 2473 1438; x_wconf 89' lang='lat' dir='ltr'>admittuntur</span> <span class='ocrx_word' id='word_1_130' title='bbox 2509 1402 2538 1433; x_wconf 69' lang='grc' dir='ltr'><strong>ο</strong></span> <span class='ocrx_word' id='word_1_131' title='bbox 2585 1381 2662 1448; x_wconf 88' lang='lat' dir='ltr'>(in</span> <span class='ocrx_word' id='word_1_132' title='bbox 2687 1378 2857 1434; x_wconf 83' lang='lat' dir='ltr'>Matth.</span> 
     </span>
     <span class='ocr_line' id='line_1_13' title="bbox 358 1466 2862 1542; baseline -0.003 -17"><span class='ocrx_word' id='word_1_133' title='bbox 358 1482 491 1527; x_wconf 83' lang='lat' dir='ltr'>tom.</span> <span class='ocrx_word' id='word_1_134' title='bbox 520 1472 564 1527; x_wconf 89' lang='grc' dir='ltr'>Ι.</span> <span class='ocrx_word' id='word_1_135' title='bbox 592 1471 675 1526; x_wconf 84' lang='lat' dir='ltr'>clr</span> <span class='ocrx_word' id='word_1_136' title='bbox 696 1472 755 1527; x_wconf 91' lang='lat' dir='ltr'>in</span> <span class='ocrx_word' id='word_1_137' title='bbox 777 1473 914 1525; x_wconf 89' lang='lat' dir='ltr'>Luc.</span> <span class='ocrx_word' id='word_1_138' title='bbox 942 1470 1097 1526; x_wconf 90' lang='lat' dir='ltr'>hom.</span> <span class='ocrx_word' id='word_1_139' title='bbox 1126 1476 1149 1523; x_wconf 83' lang='grc'>1</span> <span class='ocrx_word' id='word_1_140' title='bbox 1170 1492 1184 1538; x_wconf 79' lang='lat'>3</span> <span class='ocrx_word' id='word_1_141' title='bbox 1208 1470 1265 1524; x_wconf 90' lang='lat' dir='ltr'>in</span> <span class='ocrx_word' id='word_1_142' title='bbox 1286 1471 1396 1524; x_wconf 87' lang='lat' dir='ltr'>Ios.</span> <span class='ocrx_word' id='word_1_143' title='bbox 1422 1468 1574 1525; x_wconf 87' lang='lat' dir='ltr'>bom.</span> <span class='ocrx_word' id='word_1_144' title='bbox 1600 1474 1734 1539; x_wconf 84' lang='lat'><strong>7,1).</strong></span> <span class='ocrx_word' id='word_1_145' title='bbox 1758 1468 1968 1525; x_wconf 89' lang='lat' dir='ltr'>Eodem</span> <span class='ocrx_word' id='word_1_146' title='bbox 1987 1480 2238 1542; x_wconf 89' lang='lat' dir='ltr'>tempore</span> <span class='ocrx_word' id='word_1_147' title='bbox 2263 1474 2324 1525; x_wconf 75' lang='lat' dir='ltr'>in</span> <span class='ocrx_word' id='word_1_148' title='bbox 2343 1468 2593 1526; x_wconf 80' lang='lat' dir='ltr'>ecclesia</span> <span class='ocrx_word' id='word_1_149' title='bbox 2615 1466 2862 1541; x_wconf 71' lang='lat' dir='ltr'>africana</span> 
     </span>
     <span class='ocr_line' id='line_1_14' title="bbox 363 1553 2860 1629; baseline -0.003 -15"><span class='ocrx_word' id='word_1_150' title='bbox 363 1560 756 1616; x_wconf 67' lang='lat' dir='ltr'>&#39;Tertullianus</span> <span class='ocrx_word' id='word_1_151' title='bbox 785 1567 978 1615; x_wconf 89' lang='lat' dir='ltr'>contra</span> <span class='ocrx_word' id='word_1_152' title='bbox 1005 1558 1343 1614; x_wconf 87' lang='lat' dir='ltr'>Marcionem</span> <span class='ocrx_word' id='word_1_153' title='bbox 1360 1600 1373 1625; x_wconf 92' lang='lat'>‚</span> <span class='ocrx_word' id='word_1_154' title='bbox 1402 1556 1497 1629; x_wconf 88' lang='lat' dir='ltr'>qui</span> <span class='ocrx_word' id='word_1_155' title='bbox 1518 1572 1694 1613; x_wconf 89' lang='lat' dir='ltr'>unum</span> <span class='ocrx_word' id='word_1_156' title='bbox 1718 1558 2078 1629; x_wconf 85' lang='lat' dir='ltr'>Evangelium</span> <span class='ocrx_word' id='word_1_157' title='bbox 2102 1560 2284 1613; x_wconf 86' lang='lat' dir='ltr'>Lucae</span> <span class='ocrx_word' id='word_1_158' title='bbox 2310 1557 2626 1613; x_wconf 90' lang='lat' dir='ltr'>mutilatum</span> <span class='ocrx_word' id='word_1_159' title='bbox 2650 1553 2860 1616; x_wconf 79' lang='lat' dir='ltr'>admisit,</span> 
     </span>
     <span class='ocr_line' id='line_1_15' title="bbox 352 1640 2862 1717; baseline -0.003 -14"><span class='ocrx_word' id='word_1_160' title='bbox 352 1648 775 1717; x_wconf 86' lang='lat' dir='ltr'>quaternarium</span> <span class='ocrx_word' id='word_1_161' title='bbox 809 1645 1237 1717; x_wconf 77' lang='lat' dir='ltr'>Evangeliorum</span> <span class='ocrx_word' id='word_1_162' title='bbox 1278 1660 1572 1701; x_wconf 90' lang='lat' dir='ltr'>numerum</span> <span class='ocrx_word' id='word_1_163' title='bbox 1618 1644 1734 1700; x_wconf 77' lang='lat' dir='ltr'>fuse</span> <span class='ocrx_word' id='word_1_164' title='bbox 1771 1644 2044 1700; x_wconf 85' lang='lat' dir='ltr'>adstruxit</span> <span class='ocrx_word' id='word_1_165' title='bbox 2081 1649 2149 1712; x_wconf 95' lang='lat' dir='ltr'>(c.</span> <span class='ocrx_word' id='word_1_166' title='bbox 2183 1648 2357 1701; x_wconf 90' lang='lat' dir='ltr'>Marc.</span> <span class='ocrx_word' id='word_1_167' title='bbox 2395 1646 2490 1701; x_wconf 90' lang='lat' dir='ltr'><strong>lv.</strong></span> <span class='ocrx_word' id='word_1_168' title='bbox 2535 1650 2587 1701; x_wconf 81' lang='lat'><strong>2.</strong></span> <span class='ocrx_word' id='word_1_169' title='bbox 2619 1649 2693 1711; x_wconf 82' lang='lat'><strong>5).</strong></span> <span class='ocrx_word' id='word_1_170' title='bbox 2731 1640 2862 1698; x_wconf 82' lang='lat' dir='ltr'>Anti·</span> 
     </span>
     <span class='ocr_line' id='line_1_16' title="bbox 359 1731 2863 1806; baseline -0.003 -17"><span class='ocrx_word' id='word_1_171' title='bbox 359 1736 523 1806; x_wconf 88' lang='lat' dir='ltr'>quius</span> <span class='ocrx_word' id='word_1_172' title='bbox 547 1743 630 1789; x_wconf 71' lang='lat' dir='ltr'>aet</span> <span class='ocrx_word' id='word_1_173' title='bbox 665 1733 947 1789; x_wconf 75' lang='lat' dir='ltr'>ecclesiae</span> <span class='ocrx_word' id='word_1_174' title='bbox 982 1750 1275 1789; x_wconf 81' lang='lat' dir='ltr'>romanae</span> <span class='ocrx_word' id='word_1_175' title='bbox 1316 1732 1724 1799; x_wconf 86' lang='lat' dir='ltr'>testimonium,</span> <span class='ocrx_word' id='word_1_176' title='bbox 1764 1731 1913 1805; x_wconf 88' lang='lat' dir='ltr'>qnod</span> <span class='ocrx_word' id='word_1_177' title='bbox 1953 1741 2133 1789; x_wconf 85' lang='lat' dir='ltr'>exstat</span> <span class='ocrx_word' id='word_1_178' title='bbox 2167 1733 2226 1788; x_wconf 90' lang='lat' dir='ltr'>in</span> <span class='ocrx_word' id='word_1_179' title='bbox 2259 1732 2602 1805; x_wconf 63' lang='lat' dir='ltr'>fragmento</span> <span class='ocrx_word' id='word_1_180' title='bbox 2630 1735 2863 1789; x_wconf 73' lang='lat' dir='ltr'>Murato-</span> 
     </span>
     <span class='ocr_line' id='line_1_17' title="bbox 356 1815 2866 1893; baseline -0.002 -20"><span class='ocrx_word' id='word_1_181' title='bbox 356 1823 567 1889; x_wconf 79' lang='lat' dir='ltr'>2·iano,·</span> <span class='ocrx_word' id='word_1_182' title='bbox 598 1822 715 1876; x_wconf 87' lang='lat' dir='ltr'>eius</span> <span class='ocrx_word' id='word_1_183' title='bbox 739 1822 889 1876; x_wconf 90' lang='lat' dir='ltr'>enim</span> <span class='ocrx_word' id='word_1_184' title='bbox 918 1830 1111 1876; x_wconf 88' lang='lat' dir='ltr'>auctor</span> <span class='ocrx_word' id='word_1_185' title='bbox 1134 1828 1373 1891; x_wconf 88' lang='lat' dir='ltr'>quatuor</span> <span class='ocrx_word' id='word_1_186' title='bbox 1400 1821 1477 1875; x_wconf 88' lang='lat' dir='ltr'>ita</span> <span class='ocrx_word' id='word_1_187' title='bbox 1506 1829 1826 1883; x_wconf 88' lang='lat' dir='ltr'>enumerat,</span> <span class='ocrx_word' id='word_1_188' title='bbox 1859 1828 1923 1876; x_wconf 88' lang='lat' dir='ltr'>ut</span> <span class='ocrx_word' id='word_1_189' title='bbox 1951 1820 2059 1876; x_wconf 86' lang='lat' dir='ltr'>alia</span> <span class='ocrx_word' id='word_1_190' title='bbox 2089 1835 2199 1875; x_wconf 91' lang='lat' dir='ltr'>non</span> <span class='ocrx_word' id='word_1_191' title='bbox 2228 1836 2347 1876; x_wconf 89' lang='lat' dir='ltr'>esse</span> <span class='ocrx_word' id='word_1_192' title='bbox 2371 1820 2556 1893; x_wconf 88' lang='lat' dir='ltr'>agnita</span> <span class='ocrx_word' id='word_1_193' title='bbox 2587 1830 2789 1875; x_wconf 82' lang='lat' dir='ltr'>certum</span> <span class='ocrx_word' id='word_1_194' title='bbox 2812 1815 2866 1870; x_wconf 87' lang='lat' dir='ltr'>sit</span> 
     </span>
     <span class='ocr_line' id='line_1_18' title="bbox 362 1903 2866 1981; baseline -0.003 -18"><span class='ocrx_word' id='word_1_195' title='bbox 362 1908 465 1980; x_wconf 73' lang='lat' dir='ltr'>(cfr</span> <span class='ocrx_word' id='word_1_196' title='bbox 491 1909 757 1981; x_wconf 78' lang='lat' dir='ltr'>Append.</span> <span class='ocrx_word' id='word_1_197' title='bbox 799 1913 893 1976; x_wconf 86' lang='lat'><strong>1.).</strong></span> <span class='ocrx_word' id='word_1_198' title='bbox 932 1907 1302 1965; x_wconf 87' lang='lat' dir='ltr'>Gravissimus</span> <span class='ocrx_word' id='word_1_199' title='bbox 1328 1909 1487 1964; x_wconf 90' lang='lat' dir='ltr'>testis</span> <span class='ocrx_word' id='word_1_200' title='bbox 1517 1922 1688 1980; x_wconf 88' lang='lat' dir='ltr'>quum</span> <span class='ocrx_word' id='word_1_201' title='bbox 1729 1908 2078 1981; x_wconf 74' lang='grc' dir='ltr'><em>ςαίίίοαπαε</em></span> <span class='ocrx_word' id='word_1_202' title='bbox 2102 1918 2226 1963; x_wconf 88' lang='lat' dir='ltr'>tum</span> <span class='ocrx_word' id='word_1_203' title='bbox 2252 1910 2553 1964; x_wconf 78' lang='lat' dir='ltr'>asiaticae</span> <span class='ocrx_word' id='word_1_204' title='bbox 2581 1906 2708 1963; x_wconf 79' lang='lat' dir='ltr'>ndei</span> <span class='ocrx_word' id='word_1_205' title='bbox 2735 1903 2866 1960; x_wconf 88' lang='lat' dir='ltr'>nobis</span> 
     </span>
     <span class='ocr_line' id='line_1_19' title="bbox 356 1994 2865 2067; baseline -0.002 -14"><span class='ocrx_word' id='word_1_206' title='bbox 356 2005 443 2053; x_wconf 88' lang='lat' dir='ltr'>est</span> <span class='ocrx_word' id='word_1_207' title='bbox 464 1998 522 2053; x_wconf 90' lang='lat' dir='ltr'>S.</span> <span class='ocrx_word' id='word_1_208' title='bbox 550 2003 853 2066; x_wconf 64' lang='lat' dir='ltr'>Irenaeum,</span> <span class='ocrx_word' id='word_1_209' title='bbox 882 1997 971 2052; x_wconf 92' lang='lat' dir='ltr'>cui</span> <span class='ocrx_word' id='word_1_210' title='bbox 994 2004 1111 2051; x_wconf 87' lang='lat' dir='ltr'>tam</span> <span class='ocrx_word' id='word_1_211' title='bbox 1134 2011 1457 2067; x_wconf 88' lang='lat' dir='ltr'>persuasum</span> <span class='ocrx_word' id='word_1_212' title='bbox 1478 2004 1583 2063; x_wconf 85' lang='lat' dir='ltr'>est,</span> <span class='ocrx_word' id='word_1_213' title='bbox 1606 2004 1865 2067; x_wconf 89' lang='lat' dir='ltr'>quatuor,</span> <span class='ocrx_word' id='word_1_214' title='bbox 1895 2017 1920 2047; x_wconf 70' lang='grc' dir='ltr'><strong>α</strong></span> <span class='ocrx_word' id='word_1_215' title='bbox 1941 2010 2122 2067; x_wconf 90' lang='lat' dir='ltr'>neque</span> <span class='ocrx_word' id='word_1_216' title='bbox 2141 1996 2298 2067; x_wconf 88' lang='lat' dir='ltr'>plura</span> <span class='ocrx_word' id='word_1_217' title='bbox 2313 2038 2328 2065; x_wconf 94' lang='lat'>,</span> <span class='ocrx_word' id='word_1_218' title='bbox 2357 2011 2542 2067; x_wconf 89' lang='lat' dir='ltr'>neque</span> <span class='ocrx_word' id='word_1_219' title='bbox 2563 1994 2808 2067; x_wconf 83' lang='lat' dir='ltr'>pauciora</span> <span class='ocrx_word' id='word_1_220' title='bbox 2826 2012 2865 2055; x_wconf 71' lang='grc' dir='ltr'>ι,</span> 
     </span>
     <span class='ocr_line' id='line_1_20' title="bbox 351 2081 2865 2157; baseline -0.003 -18"><span class='ocrx_word' id='word_1_221' title='bbox 351 2100 479 2140; x_wconf 85' lang='lat' dir='ltr'>esse</span> <span class='ocrx_word' id='word_1_222' title='bbox 512 2085 839 2157; x_wconf 83' lang='lat' dir='ltr'>Evangelia,</span> <span class='ocrx_word' id='word_1_223' title='bbox 871 2094 932 2139; x_wconf 89' lang='lat' dir='ltr'>ut</span> <span class='ocrx_word' id='word_1_224' title='bbox 972 2084 1120 2139; x_wconf 88' lang='lat' dir='ltr'>hunc</span> <span class='ocrx_word' id='word_1_225' title='bbox 1152 2099 1447 2139; x_wconf 90' lang='lat' dir='ltr'>numerum</span> <span class='ocrx_word' id='word_1_226' title='bbox 1476 2084 1636 2155; x_wconf 90' lang='lat' dir='ltr'>quasi</span> <span class='ocrx_word' id='word_1_227' title='bbox 1671 2099 1701 2139; x_wconf 90' lang='lat' dir='ltr'>a</span> <span class='ocrx_word' id='word_1_228' title='bbox 1733 2084 1916 2152; x_wconf 87' lang='lat' dir='ltr'>priore</span> <span class='ocrx_word' id='word_1_229' title='bbox 1946 2082 2328 2139; x_wconf 88' lang='lat' dir='ltr'>demonstrare</span> <span class='ocrx_word' id='word_1_230' title='bbox 2353 2083 2598 2139; x_wconf 86' lang='lat' dir='ltr'>voluisse</span> <span class='ocrx_word' id='word_1_231' title='bbox 2626 2081 2865 2143; x_wconf 84' lang='lat' dir='ltr'>videatur,</span> 
     </span>
     <span class='ocr_line' id='line_1_21' title="bbox 352 2168 2870 2243; baseline -0.002 -16"><span class='ocrx_word' id='word_1_232' title='bbox 352 2182 415 2227; x_wconf 84' lang='lat' dir='ltr'>et</span> <span class='ocrx_word' id='word_1_233' title='bbox 456 2192 478 2222; x_wconf 72' lang='grc' dir='ltr'>ι</span> <span class='ocrx_word' id='word_1_234' title='bbox 522 2188 722 2239; x_wconf 83' lang='lat' dir='ltr'>vanos,</span> <span class='ocrx_word' id='word_1_235' title='bbox 751 2172 1003 2229; x_wconf 89' lang='lat' dir='ltr'>indoctos</span> <span class='ocrx_word' id='word_1_236' title='bbox 1038 2172 1263 2241; x_wconf 90' lang='lat' dir='ltr'>insuper</span> <span class='ocrx_word' id='word_1_237' title='bbox 1300 2170 1538 2227; x_wconf 87' lang='lat' dir='ltr'>audaces</span> <span class='ocrx_word' id='word_1_238' title='bbox 1579 2192 1604 2222; x_wconf 83' lang='lat'>»</span> <span class='ocrx_word' id='word_1_239' title='bbox 1647 2172 1887 2243; x_wconf 90' lang='lat' dir='ltr'>appellet</span> <span class='ocrx_word' id='word_1_240' title='bbox 1925 2187 2046 2239; x_wconf 89' lang='lat' dir='ltr'>eos,</span> <span class='ocrx_word' id='word_1_241' title='bbox 2087 2192 2111 2221; x_wconf 84' lang='lat'>«</span> <span class='ocrx_word' id='word_1_242' title='bbox 2153 2172 2245 2243; x_wconf 89' lang='lat' dir='ltr'>qui</span> <span class='ocrx_word' id='word_1_243' title='bbox 2289 2168 2632 2227; x_wconf 80' lang='lat' dir='ltr'>frustrantur</span> <span class='ocrx_word' id='word_1_244' title='bbox 2661 2168 2870 2241; x_wconf 83' lang='lat' dir='ltr'>speciem</span> 
     </span>
     <span class='ocr_line' id='line_1_22' title="bbox 359 2256 2871 2332; baseline -0.002 -19"><span class='ocrx_word' id='word_1_245' title='bbox 359 2260 643 2332; x_wconf 83' lang='lat' dir='ltr'>Evangelii</span> <span class='ocrx_word' id='word_1_246' title='bbox 670 2268 724 2315; x_wconf 90' lang='lat' dir='ltr'>et</span> <span class='ocrx_word' id='word_1_247' title='bbox 752 2261 833 2315; x_wconf 84' lang='lat' dir='ltr'>vel</span> <span class='ocrx_word' id='word_1_248' title='bbox 866 2260 1077 2331; x_wconf 82' lang='lat' dir='ltr'>plureS,</span> <span class='ocrx_word' id='word_1_249' title='bbox 1112 2274 1281 2331; x_wconf 88' lang='lat' dir='ltr'>quam</span> <span class='ocrx_word' id='word_1_250' title='bbox 1315 2257 1496 2315; x_wconf 88' lang='lat' dir='ltr'>dictae</span> <span class='ocrx_word' id='word_1_251' title='bbox 1518 2268 1678 2325; x_wconf 87' lang='lat' dir='ltr'>sunt,</span> <span class='ocrx_word' id='word_1_252' title='bbox 1711 2260 1797 2314; x_wconf 88' lang='lat' dir='ltr'>vel</span> <span class='ocrx_word' id='word_1_253' title='bbox 1825 2274 2018 2315; x_wconf 89' lang='lat' dir='ltr'>rursus</span> <span class='ocrx_word' id='word_1_254' title='bbox 2047 2260 2334 2329; x_wconf 88' lang='lat' dir='ltr'>pauciores</span> <span class='ocrx_word' id='word_1_255' title='bbox 2362 2256 2614 2315; x_wconf 85' lang='lat' dir='ltr'>inserunt</span> <span class='ocrx_word' id='word_1_256' title='bbox 2639 2268 2871 2329; x_wconf 80' lang='lat' dir='ltr'>personas</span> 
     </span>
     <span class='ocr_line' id='line_1_23' title="bbox 366 2346 2872 2420; baseline -0.002 -19"><span class='ocrx_word' id='word_1_257' title='bbox 366 2348 417 2408; x_wconf 70' lang='lat' dir='ltr'><strong>j.</strong></span> <span class='ocrx_word' id='word_1_258' title='bbox 450 2362 498 2401; x_wconf 92' lang='lat' dir='ltr'>e.</span> <span class='ocrx_word' id='word_1_259' title='bbox 522 2346 747 2415; x_wconf 78' lang='lat' dir='ltr'>formas)</span> <span class='ocrx_word' id='word_1_260' title='bbox 773 2348 1053 2420; x_wconf 82' lang='lat' dir='ltr'>Evangelii</span> <span class='ocrx_word' id='word_1_261' title='bbox 1080 2368 1105 2399; x_wconf 69' lang='lat' dir='ltr'>a</span> <span class='ocrx_word' id='word_1_262' title='bbox 1144 2347 1211 2418; x_wconf 92' lang='lat' dir='ltr'>(c.</span> <span class='ocrx_word' id='word_1_263' title='bbox 1244 2348 1414 2403; x_wconf 84' lang='lat' dir='ltr'>Haer.</span> <span class='ocrx_word' id='word_1_264' title='bbox 1444 2348 1548 2401; x_wconf 87' lang='lat'><strong>111.</strong></span> <span class='ocrx_word' id='word_1_265' title='bbox 1582 2352 1710 2414; x_wconf 84' lang='lat'><strong>11.).</strong></span> <span class='ocrx_word' id='word_1_266' title='bbox 1737 2348 1986 2403; x_wconf 85' lang='lat' dir='ltr'>Exeunte</span> <span class='ocrx_word' id='word_1_267' title='bbox 2012 2346 2176 2419; x_wconf 85' lang='lat' dir='ltr'>igitur</span> <span class='ocrx_word' id='word_1_268' title='bbox 2203 2363 2348 2403; x_wconf 89' lang='lat' dir='ltr'>saec.</span> <span class='ocrx_word' id='word_1_269' title='bbox 2375 2352 2456 2412; x_wconf 79' lang='grc'>2.,</span> <span class='ocrx_word' id='word_1_270' title='bbox 2480 2346 2518 2401; x_wconf 92' lang='lat' dir='ltr'>i.</span> <span class='ocrx_word' id='word_1_271' title='bbox 2545 2364 2600 2403; x_wconf 90' lang='lat' dir='ltr'>e.</span> <span class='ocrx_word' id='word_1_272' title='bbox 2623 2346 2872 2416; x_wconf 80' lang='lat' dir='ltr'>octoginta</span> 
     </span>
     <span class='ocr_line' id='line_1_24' title="bbox 352 2434 2872 2505; baseline -0.002 -16"><span class='ocrx_word' id='word_1_273' title='bbox 352 2436 579 2491; x_wconf 80' lang='lat' dir='ltr'>circiter</span> <span class='ocrx_word' id='word_1_274' title='bbox 607 2437 765 2490; x_wconf 89' lang='lat' dir='ltr'>annis</span> <span class='ocrx_word' id='word_1_275' title='bbox 793 2445 917 2505; x_wconf 89' lang='lat' dir='ltr'>post</span> <span class='ocrx_word' id='word_1_276' title='bbox 944 2438 1001 2491; x_wconf 91' lang='lat' dir='ltr'>S.</span> <span class='ocrx_word' id='word_1_277' title='bbox 1033 2436 1257 2491; x_wconf 88' lang='lat' dir='ltr'>Ioannis</span> <span class='ocrx_word' id='word_1_278' title='bbox 1287 2444 1523 2489; x_wconf 88' lang='lat' dir='ltr'>mortem</span> <span class='ocrx_word' id='word_1_279' title='bbox 1540 2474 1555 2500; x_wconf 91' lang='lat'>,</span> <span class='ocrx_word' id='word_1_280' title='bbox 1588 2435 1972 2505; x_wconf 87' lang='lat' dir='ltr'>quaternarius</span> <span class='ocrx_word' id='word_1_281' title='bbox 1999 2450 2266 2490; x_wconf 90' lang='lat' dir='ltr'>numerus</span> <span class='ocrx_word' id='word_1_282' title='bbox 2301 2435 2356 2489; x_wconf 92' lang='lat' dir='ltr'>in</span> <span class='ocrx_word' id='word_1_283' title='bbox 2385 2442 2504 2489; x_wconf 89' lang='lat' dir='ltr'>tota</span> <span class='ocrx_word' id='word_1_284' title='bbox 2531 2434 2770 2491; x_wconf 55' lang='lat' dir='ltr'>Ecclesia</span> <span class='ocrx_word' id='word_1_285' title='bbox 2797 2446 2872 2484; x_wconf 81' lang='lat' dir='ltr'>ve·</span> 
     </span>
     <span class='ocr_line' id='line_1_25' title="bbox 356 2516 2876 2595; baseline -0.003 -18"><span class='ocrx_word' id='word_1_286' title='bbox 356 2522 444 2577; x_wconf 85' lang='lat' dir='ltr'>lut</span> <span class='ocrx_word' id='word_1_287' title='bbox 474 2522 709 2578; x_wconf 87' lang='lat' dir='ltr'>traditus</span> <span class='ocrx_word' id='word_1_288' title='bbox 746 2522 1170 2591; x_wconf 78' lang='lat' dir='ltr'>admittebatur3</span> <span class='ocrx_word' id='word_1_289' title='bbox 1208 2538 1388 2595; x_wconf 89' lang='lat' dir='ltr'>neque</span> <span class='ocrx_word' id='word_1_290' title='bbox 1426 2522 1626 2577; x_wconf 89' lang='lat' dir='ltr'>desunt</span> <span class='ocrx_word' id='word_1_291' title='bbox 1667 2522 1978 2593; x_wconf 87' lang='lat' dir='ltr'>antiquiora</span> <span class='ocrx_word' id='word_1_292' title='bbox 2016 2522 2350 2579; x_wconf 87' lang='lat' dir='ltr'>testimonia.</span> <span class='ocrx_word' id='word_1_293' title='bbox 2389 2523 2530 2579; x_wconf 82' lang='lat' dir='ltr'>Novi</span> <span class='ocrx_word' id='word_1_294' title='bbox 2562 2516 2876 2579; x_wconf 82' lang='lat' dir='ltr'>Testamenti</span> 
     </span>
     <span class='ocr_line' id='line_1_26' title="bbox 352 2608 2874 2684; baseline -0.002 -19"><span class='ocrx_word' id='word_1_295' title='bbox 352 2609 506 2665; x_wconf 81' lang='lat' dir='ltr'>enim</span> <span class='ocrx_word' id='word_1_296' title='bbox 522 2612 799 2667; x_wconf 90' lang='lat' dir='ltr'>versiones</span> <span class='ocrx_word' id='word_1_297' title='bbox 812 2611 1021 2684; x_wconf 83' lang='lat' dir='ltr'>syriaca</span> <span class='ocrx_word' id='word_1_298' title='bbox 1048 2611 1345 2681; x_wconf 88' lang='lat' dir='ltr'>latinaque,</span> <span class='ocrx_word' id='word_1_299' title='bbox 1372 2626 1437 2663; x_wconf 87' lang='lat' dir='ltr'>ac</span> <span class='ocrx_word' id='word_1_300' title='bbox 1458 2608 1820 2680; x_wconf 86' lang='lat' dir='ltr'>probabiliter</span> <span class='ocrx_word' id='word_1_301' title='bbox 1833 2611 2043 2681; x_wconf 88' lang='lat' dir='ltr'>coptica</span> <span class='ocrx_word' id='word_1_302' title='bbox 2059 2654 2072 2679; x_wconf 93' lang='lat'><strong><em>‚</em></strong></span> <span class='ocrx_word' id='word_1_303' title='bbox 2096 2612 2210 2665; x_wconf 87' lang='lat' dir='ltr'>iam</span> <span class='ocrx_word' id='word_1_304' title='bbox 2231 2626 2376 2665; x_wconf 86' lang='lat' dir='ltr'>saec.</span> <span class='ocrx_word' id='word_1_305' title='bbox 2413 2615 2467 2665; x_wconf 83' lang='lat'><strong>2.</strong></span> <span class='ocrx_word' id='word_1_306' title='bbox 2499 2620 2637 2667; x_wconf 88' lang='lat' dir='ltr'>sunt</span> <span class='ocrx_word' id='word_1_307' title='bbox 2663 2610 2874 2667; x_wconf 84' lang='lat' dir='ltr'>adorna-</span> 
     </span>
     <span class='ocr_line' id='line_1_27' title="bbox 357 2697 2873 2769; baseline -0.002 -16"><span class='ocrx_word' id='word_1_308' title='bbox 357 2707 479 2767; x_wconf 83' lang='lat' dir='ltr'>tae3</span> <span class='ocrx_word' id='word_1_309' title='bbox 503 2698 559 2753; x_wconf 91' lang='lat' dir='ltr'>in</span> <span class='ocrx_word' id='word_1_310' title='bbox 584 2698 689 2754; x_wconf 88' lang='lat' dir='ltr'>illis</span> <span class='ocrx_word' id='word_1_311' title='bbox 717 2709 901 2755; x_wconf 88' lang='lat' dir='ltr'>autem</span> <span class='ocrx_word' id='word_1_312' title='bbox 926 2708 1164 2769; x_wconf 88' lang='lat' dir='ltr'>quatuor</span> <span class='ocrx_word' id='word_1_313' title='bbox 1186 2706 1371 2753; x_wconf 89' lang='lat' dir='ltr'>nostra</span> <span class='ocrx_word' id='word_1_314' title='bbox 1401 2697 1694 2769; x_wconf 83' lang='lat' dir='ltr'>Evangelia</span> <span class='ocrx_word' id='word_1_315' title='bbox 1719 2698 1838 2755; x_wconf 92' lang='lat' dir='ltr'>sola</span> <span class='ocrx_word' id='word_1_316' title='bbox 1875 2698 2183 2754; x_wconf 85' lang='lat' dir='ltr'>exstabant.</span> <span class='ocrx_word' id='word_1_317' title='bbox 2209 2699 2364 2754; x_wconf 89' lang='lat' dir='ltr'>Circa</span> <span class='ocrx_word' id='word_1_318' title='bbox 2391 2698 2644 2754; x_wconf 86' lang='lat' dir='ltr'>medium</span> <span class='ocrx_word' id='word_1_319' title='bbox 2671 2712 2803 2754; x_wconf 89' lang='lat' dir='ltr'>saec.</span> <span class='ocrx_word' id='word_1_320' title='bbox 2830 2700 2873 2748; x_wconf 79' lang='lat'><strong>2.</strong></span> 
     </span>
     <span class='ocr_line' id='line_1_28' title="bbox 358 2784 2874 2858; baseline -0.002 -16"><span class='ocrx_word' id='word_1_321' title='bbox 358 2786 416 2842; x_wconf 90' lang='lat' dir='ltr'>S.</span> <span class='ocrx_word' id='word_1_322' title='bbox 462 2786 814 2858; x_wconf 79' lang='lat' dir='ltr'>Theophilus</span> <span class='ocrx_word' id='word_1_323' title='bbox 857 2792 997 2841; x_wconf 81' lang='lat' dir='ltr'>Ant.</span> <span class='ocrx_word' id='word_1_324' title='bbox 1042 2795 1181 2841; x_wconf 87' lang='lat' dir='ltr'>teste</span> <span class='ocrx_word' id='word_1_325' title='bbox 1222 2787 1277 2841; x_wconf 95' lang='lat' dir='ltr'>S.</span> <span class='ocrx_word' id='word_1_326' title='bbox 1322 2785 1665 2857; x_wconf 85' lang='lat' dir='ltr'>Hienonymo</span> <span class='ocrx_word' id='word_1_327' title='bbox 1707 2784 1798 2854; x_wconf 91' lang='lat' dir='ltr'>(ad</span> <span class='ocrx_word' id='word_1_328' title='bbox 1835 2786 2023 2858; x_wconf 79' lang='lat' dir='ltr'>Algas.</span> <span class='ocrx_word' id='word_1_329' title='bbox 2069 2802 2156 2857; x_wconf 86' lang='lat' dir='ltr'>ep.</span> <span class='ocrx_word' id='word_1_330' title='bbox 2203 2792 2391 2855; x_wconf 82' lang='lat' dir='ltr'>12t,6;</span> <span class='ocrx_word' id='word_1_331' title='bbox 2421 2784 2494 2841; x_wconf 86' lang='lat' dir='ltr'>de</span> <span class='ocrx_word' id='word_1_332' title='bbox 2535 2787 2655 2841; x_wconf 88' lang='lat' dir='ltr'>Vir.</span> <span class='ocrx_word' id='word_1_333' title='bbox 2699 2786 2774 2842; x_wconf 91' lang='lat' dir='ltr'>ill.</span> <span class='ocrx_word' id='word_1_334' title='bbox 2803 2788 2874 2846; x_wconf 79' lang='lat'>253</span> 
     </span>
     <span class='ocr_line' id='line_1_29' title="bbox 366 2873 2878 2946; baseline 0 -21"><span class='ocrx_word' id='word_1_335' title='bbox 366 2894 391 2925; x_wconf 71' lang='grc' dir='ltr'>α</span> <span class='ocrx_word' id='word_1_336' title='bbox 422 2882 660 2945; x_wconf 89' lang='lat' dir='ltr'>quatuor</span> <span class='ocrx_word' id='word_1_337' title='bbox 687 2874 1159 2946; x_wconf 84' lang='lat' dir='ltr'>Evangelistarum</span> <span class='ocrx_word' id='word_1_338' title='bbox 1190 2873 1243 2927; x_wconf 91' lang='lat' dir='ltr'>in</span> <span class='ocrx_word' id='word_1_339' title='bbox 1270 2888 1445 2927; x_wconf 90' lang='lat' dir='ltr'>unum</span> <span class='ocrx_word' id='word_1_340' title='bbox 1474 2889 1615 2944; x_wconf 89' lang='lat' dir='ltr'>opus</span> <span class='ocrx_word' id='word_1_341' title='bbox 1643 2873 1792 2928; x_wconf 88' lang='lat' dir='ltr'>dicta</span> <span class='ocrx_word' id='word_1_342' title='bbox 1825 2894 1850 2923; x_wconf 75' lang='lat' dir='ltr'>n</span> <span class='ocrx_word' id='word_1_343' title='bbox 1883 2874 2161 2945; x_wconf 83' lang='lat' dir='ltr'>compegit</span> <span class='ocrx_word' id='word_1_344' title='bbox 2189 2882 2246 2928; x_wconf 87' lang='lat' dir='ltr'>et</span> <span class='ocrx_word' id='word_1_345' title='bbox 2269 2873 2470 2929; x_wconf 87' lang='lat' dir='ltr'>eodem</span> <span class='ocrx_word' id='word_1_346' title='bbox 2496 2880 2752 2943; x_wconf 86' lang='lat' dir='ltr'>tempore</span> <span class='ocrx_word' id='word_1_347' title='bbox 2779 2876 2878 2926; x_wconf 87' lang='grc' dir='ltr'>Τα-</span> 
     </span>
     <span class='ocr_line' id='line_1_30' title="bbox 362 2960 2878 3034; baseline -0.002 -17"><span class='ocrx_word' id='word_1_348' title='bbox 362 2966 561 3018; x_wconf 75' lang='lat' dir='ltr'>tianus</span> <span class='ocrx_word' id='word_1_349' title='bbox 577 3006 590 3030; x_wconf 89' lang='lat'>,</span> <span class='ocrx_word' id='word_1_350' title='bbox 614 2965 667 3019; x_wconf 94' lang='lat' dir='ltr'>S.</span> <span class='ocrx_word' id='word_1_351' title='bbox 712 2962 903 3018; x_wconf 91' lang='lat' dir='ltr'>Iustini</span> <span class='ocrx_word' id='word_1_352' title='bbox 932 2960 1256 3031; x_wconf 76' lang='lat' dir='ltr'>discipulus,</span> <span class='ocrx_word' id='word_1_353' title='bbox 1281 2961 1337 3016; x_wconf 91' lang='lat' dir='ltr'>in</span> <span class='ocrx_word' id='word_1_354' title='bbox 1378 2976 1478 3016; x_wconf 89' lang='lat' dir='ltr'>suo</span> <span class='ocrx_word' id='word_1_355' title='bbox 1502 2962 1820 3017; x_wconf 89' lang='lat' dir='ltr'>Diatessaro</span> <span class='ocrx_word' id='word_1_356' title='bbox 1843 2962 2075 3032; x_wconf 87' lang='lat' dir='ltr'>primam</span> <span class='ocrx_word' id='word_1_357' title='bbox 2101 2962 2524 3034; x_wconf 84' lang='lat' dir='ltr'>Evangeliorum</span> <span class='ocrx_word' id='word_1_358' title='bbox 2551 2961 2878 3017; x_wconf 83' lang='lat' dir='ltr'>harmoniam</span> 
     </span>
     <span class='ocr_line' id='line_1_31' title="bbox 358 3048 2878 3122; baseline -0.002 -17"><span class='ocrx_word' id='word_1_359' title='bbox 358 3050 687 3122; x_wconf 86' lang='lat' dir='ltr'>composuit.</span> <span class='ocrx_word' id='word_1_360' title='bbox 718 3052 774 3107; x_wconf 92' lang='lat' dir='ltr'>S.</span> <span class='ocrx_word' id='word_1_361' title='bbox 806 3050 1099 3105; x_wconf 80' lang='lat' dir='ltr'>Iustinum</span> <span class='ocrx_word' id='word_1_362' title='bbox 1128 3050 1309 3120; x_wconf 89' lang='lat' dir='ltr'>ipsum</span> <span class='ocrx_word' id='word_1_363' title='bbox 1347 3058 1564 3114; x_wconf 84' lang='lat' dir='ltr'>autem,</span> <span class='ocrx_word' id='word_1_364' title='bbox 1607 3050 1709 3105; x_wconf 87' lang='lat' dir='ltr'>etsi</span> <span class='ocrx_word' id='word_1_365' title='bbox 1739 3049 2075 3121; x_wconf 86' lang='lat' dir='ltr'>quaternarii</span> <span class='ocrx_word' id='word_1_366' title='bbox 2105 3051 2319 3105; x_wconf 89' lang='lat' dir='ltr'>numeri</span> <span class='ocrx_word' id='word_1_367' title='bbox 2359 3049 2632 3105; x_wconf 86' lang='lat' dir='ltr'>disertam</span> <span class='ocrx_word' id='word_1_368' title='bbox 2663 3048 2878 3105; x_wconf 86' lang='lat' dir='ltr'>mentio-</span> 
     </span>
     <span class='ocr_line' id='line_1_32' title="bbox 359 3136 2882 3209; baseline -0.002 -18"><span class='ocrx_word' id='word_1_369' title='bbox 359 3154 487 3193; x_wconf 89' lang='lat' dir='ltr'>nem</span> <span class='ocrx_word' id='word_1_370' title='bbox 516 3152 630 3191; x_wconf 90' lang='lat' dir='ltr'>non</span> <span class='ocrx_word' id='word_1_371' title='bbox 659 3136 847 3201; x_wconf 78' lang='lat' dir='ltr'>saciat,</span> <span class='ocrx_word' id='word_1_372' title='bbox 882 3145 1128 3207; x_wconf 84' lang='lat' dir='ltr'>quatuor</span> <span class='ocrx_word' id='word_1_373' title='bbox 1174 3144 1361 3191; x_wconf 86' lang='lat' dir='ltr'>tamen</span> <span class='ocrx_word' id='word_1_374' title='bbox 1404 3137 1722 3209; x_wconf 84' lang='lat' dir='ltr'>agnovisse,</span> <span class='ocrx_word' id='word_1_375' title='bbox 1771 3137 1889 3193; x_wconf 88' lang='lat' dir='ltr'>iure</span> <span class='ocrx_word' id='word_1_376' title='bbox 1933 3136 2335 3202; x_wconf 80' lang='lat' dir='ltr'>concludimus,</span> <span class='ocrx_word' id='word_1_377' title='bbox 2379 3138 2506 3207; x_wconf 89' lang='lat' dir='ltr'>quia</span> <span class='ocrx_word' id='word_1_378' title='bbox 2551 3146 2882 3193; x_wconf 81' lang='lat' dir='ltr'>commenta·-</span> 
     </span>
     <span class='ocr_line' id='line_1_33' title="bbox 358 3222 2878 3298; baseline -0.001 -21"><span class='ocrx_word' id='word_1_379' title='bbox 358 3225 471 3279; x_wconf 82' lang='lat' dir='ltr'>rios</span> <span class='ocrx_word' id='word_1_380' title='bbox 500 3233 926 3293; x_wconf 87' lang='lat' dir='ltr'>commemorat,</span> <span class='ocrx_word' id='word_1_381' title='bbox 967 3245 991 3275; x_wconf 76' lang='grc' dir='ltr'><em>α</em></span> <span class='ocrx_word' id='word_1_382' title='bbox 1023 3240 1163 3296; x_wconf 89' lang='lat' dir='ltr'>quae</span> <span class='ocrx_word' id='word_1_383' title='bbox 1200 3225 1494 3296; x_wconf 83' lang='lat' dir='ltr'>Evangelia</span> <span class='ocrx_word' id='word_1_384' title='bbox 1535 3232 1803 3279; x_wconf 80' lang='lat' dir='ltr'>vocantur</span> <span class='ocrx_word' id='word_1_385' title='bbox 1831 3246 1884 3293; x_wconf 70' lang='grc' dir='ltr'>υ,</span> <span class='ocrx_word' id='word_1_386' title='bbox 1923 3246 1947 3275; x_wconf 76' lang='grc' dir='ltr'>α</span> <span class='ocrx_word' id='word_1_387' title='bbox 1980 3224 2047 3279; x_wconf 89' lang='lat' dir='ltr'>ab</span> <span class='ocrx_word' id='word_1_388' title='bbox 2077 3226 2366 3295; x_wconf 65' lang='lat' dir='ltr'>Apostoli-⁹</span> <span class='ocrx_word' id='word_1_389' title='bbox 2394 3240 2710 3298; x_wconf 87' lang='lat' dir='ltr'>eorumque</span> <span class='ocrx_word' id='word_1_390' title='bbox 2734 3222 2878 3280; x_wconf 84' lang='lat' dir='ltr'>disci-</span> 
     </span>
     <span class='ocr_line' id='line_1_34' title="bbox 360 3309 2880 3385; baseline -0.002 -18"><span class='ocrx_word' id='word_1_391' title='bbox 360 3312 515 3383; x_wconf 81' lang='lat' dir='ltr'>pulis</span> <span class='ocrx_word' id='word_1_392' title='bbox 546 3334 571 3363; x_wconf 79' lang='lat'>»</span> <span class='ocrx_word' id='word_1_393' title='bbox 604 3314 939 3383; x_wconf 90' lang='lat' dir='ltr'>conscriptos</span> <span class='ocrx_word' id='word_1_394' title='bbox 964 3311 1145 3383; x_wconf 81' lang='lat' dir='ltr'>(Apol.</span> <span class='ocrx_word' id='word_1_395' title='bbox 1175 3314 1221 3366; x_wconf 93' lang='lat'><strong>1.</strong></span> <span class='ocrx_word' id='word_1_396' title='bbox 1254 3316 1351 3378; x_wconf 78' lang='lat'>663</span> <span class='ocrx_word' id='word_1_397' title='bbox 1384 3328 1433 3366; x_wconf 90' lang='lat' dir='ltr'>c.</span> <span class='ocrx_word' id='word_1_398' title='bbox 1466 3312 1676 3385; x_wconf 79' lang='lat' dir='ltr'>Tryph.</span> <span class='ocrx_word' id='word_1_399' title='bbox 1715 3318 1856 3380; x_wconf 80' lang='lat'><strong>103).</strong></span> <span class='ocrx_word' id='word_1_400' title='bbox 1890 3313 1992 3368; x_wconf 90' lang='lat' dir='ltr'>Illa</span> <span class='ocrx_word' id='word_1_401' title='bbox 2019 3313 2185 3383; x_wconf 72' lang='lat' dir='ltr'>igitur</span> <span class='ocrx_word' id='word_1_402' title='bbox 2209 3320 2412 3381; x_wconf 85' lang='lat' dir='ltr'>aetate,</span> <span class='ocrx_word' id='word_1_403' title='bbox 2446 3328 2560 3384; x_wconf 87' lang='lat' dir='ltr'>qua</span> <span class='ocrx_word' id='word_1_404' title='bbox 2591 3309 2880 3369; x_wconf 85' lang='lat' dir='ltr'>immediati</span> 
     </span>
     <span class='ocr_line' id='line_1_35' title="bbox 360 3399 2880 3472; baseline -0.002 -17"><span class='ocrx_word' id='word_1_405' title='bbox 360 3400 751 3471; x_wconf 82' lang='lat' dir='ltr'>Apostolorum</span> <span class='ocrx_word' id='word_1_406' title='bbox 779 3400 1030 3471; x_wconf 88' lang='lat' dir='ltr'>discipuli</span> <span class='ocrx_word' id='word_1_407' title='bbox 1058 3400 1381 3469; x_wconf 85' lang='lat' dir='ltr'>superstites</span> <span class='ocrx_word' id='word_1_408' title='bbox 1410 3408 1595 3469; x_wconf 86' lang='lat' dir='ltr'>erant,</span> <span class='ocrx_word' id='word_1_409' title='bbox 1626 3400 2014 3471; x_wconf 86' lang='lat' dir='ltr'>quaternarius</span> <span class='ocrx_word' id='word_1_410' title='bbox 2036 3399 2462 3472; x_wconf 85' lang='lat' dir='ltr'>Evangeliorum</span> <span class='ocrx_word' id='word_1_411' title='bbox 2492 3416 2764 3457; x_wconf 88' lang='lat' dir='ltr'>numerus</span> <span class='ocrx_word' id='word_1_412' title='bbox 2791 3400 2880 3453; x_wconf 85' lang='lat' dir='ltr'>iam</span> 
     </span>
     <span class='ocr_line' id='line_1_36' title="bbox 357 3488 1004 3559; baseline -0.005 -16"><span class='ocrx_word' id='word_1_413' title='bbox 357 3488 561 3559; x_wconf 82' lang='lat' dir='ltr'>ubique</span> <span class='ocrx_word' id='word_1_414' title='bbox 590 3496 711 3541; x_wconf 89' lang='lat' dir='ltr'>erat</span> <span class='ocrx_word' id='word_1_415' title='bbox 735 3496 1004 3557; x_wconf 89' lang='lat' dir='ltr'>receptus.</span> 
     </span>
    </p>
   </div>
   <div class='ocr_carea' id='block_1_4' title="bbox 354 3634 2885 4083">
    <p class='ocr_par' dir='ltr' id='par_1_4' title="bbox 354 3634 2885 4083">
     <span class='ocr_line' id='line_1_37' title="bbox 437 3634 2876 3714; baseline -0 -18"><span class='ocrx_word' id='word_1_416' title='bbox 437 3638 560 3696; x_wconf 89' lang='lat' dir='ltr'>Cur</span> <span class='ocrx_word' id='word_1_417' title='bbox 588 3655 663 3696; x_wconf 85' lang='lat' dir='ltr'>ex</span> <span class='ocrx_word' id='word_1_418' title='bbox 692 3637 937 3708; x_wconf 87' lang='lat' dir='ltr'>multis,</span> <span class='ocrx_word' id='word_1_419' title='bbox 972 3654 1129 3713; x_wconf 87' lang='lat' dir='ltr'>quae</span> <span class='ocrx_word' id='word_1_420' title='bbox 1160 3638 1383 3714; x_wconf 90' lang='lat' dir='ltr'>primis</span> <span class='ocrx_word' id='word_1_421' title='bbox 1412 3638 1807 3714; x_wconf 88' lang='lat' dir='ltr'>temporibus</span> <span class='ocrx_word' id='word_1_422' title='bbox 1847 3638 2196 3713; x_wconf 83' lang='lat' dir='ltr'>conscripta</span> <span class='ocrx_word' id='word_1_423' title='bbox 2225 3643 2376 3697; x_wconf 88' lang='lat' dir='ltr'>sunt</span> <span class='ocrx_word' id='word_1_424' title='bbox 2403 3637 2519 3714; x_wconf 82' lang='lat' dir='ltr'>(cfr</span> <span class='ocrx_word' id='word_1_425' title='bbox 2547 3636 2700 3697; x_wconf 81' lang='lat' dir='ltr'>Luc.</span> <span class='ocrx_word' id='word_1_426' title='bbox 2737 3634 2876 3711; x_wconf 62' lang='lat' dir='ltr'>Li),</span> 
     </span>
     <span class='ocr_line' id='line_1_38' title="bbox 358 3732 2884 3812; baseline -0 -20"><span class='ocrx_word' id='word_1_427' title='bbox 358 3732 700 3811; x_wconf 83' lang='lat' dir='ltr'>evangeliis</span> <span class='ocrx_word' id='word_1_428' title='bbox 731 3738 999 3809; x_wconf 86' lang='lat' dir='ltr'>quatuor</span> <span class='ocrx_word' id='word_1_429' title='bbox 1026 3736 1271 3792; x_wconf 85' lang='lat' dir='ltr'>tantum</span> <span class='ocrx_word' id='word_1_430' title='bbox 1302 3733 1380 3793; x_wconf 83' lang='lat' dir='ltr'>ab</span> <span class='ocrx_word' id='word_1_431' title='bbox 1410 3734 1688 3793; x_wconf 86' lang='lat' dir='ltr'>Ecclesia</span> <span class='ocrx_word' id='word_1_432' title='bbox 1718 3735 1784 3792; x_wconf 91' lang='lat' dir='ltr'>in</span> <span class='ocrx_word' id='word_1_433' title='bbox 1823 3750 2126 3793; x_wconf 85' lang='lat' dir='ltr'>canonem</span> <span class='ocrx_word' id='word_1_434' title='bbox 2159 3734 2284 3793; x_wconf 89' lang='lat' dir='ltr'>sint</span> <span class='ocrx_word' id='word_1_435' title='bbox 2320 3737 2610 3812; x_wconf 86' lang='lat' dir='ltr'>recepta,</span> <span class='ocrx_word' id='word_1_436' title='bbox 2647 3735 2770 3794; x_wconf 86' lang='lat' dir='ltr'>alia</span> <span class='ocrx_word' id='word_1_437' title='bbox 2803 3748 2884 3791; x_wconf 83' lang='lat' dir='ltr'>ra-</span> 
     </span>
     <span class='ocr_line' id='line_1_39' title="bbox 358 3828 2882 3906; baseline -0.001 -17"><span class='ocrx_word' id='word_1_438' title='bbox 358 3832 449 3889; x_wconf 85' lang='lat' dir='ltr'>tio</span> <span class='ocrx_word' id='word_1_439' title='bbox 478 3830 615 3890; x_wconf 84' lang='lat' dir='ltr'>dari</span> <span class='ocrx_word' id='word_1_440' title='bbox 645 3846 773 3889; x_wconf 92' lang='lat' dir='ltr'>non</span> <span class='ocrx_word' id='word_1_441' title='bbox 803 3833 1037 3906; x_wconf 88' lang='lat' dir='ltr'>potest,</span> <span class='ocrx_word' id='word_1_442' title='bbox 1070 3829 1193 3889; x_wconf 90' lang='lat' dir='ltr'>nisi</span> <span class='ocrx_word' id='word_1_443' title='bbox 1226 3834 1497 3906; x_wconf 88' lang='lat' dir='ltr'>quatuor</span> <span class='ocrx_word' id='word_1_444' title='bbox 1525 3828 1684 3889; x_wconf 88' lang='lat' dir='ltr'>haec</span> <span class='ocrx_word' id='word_1_445' title='bbox 1713 3828 1845 3889; x_wconf 88' lang='lat' dir='ltr'>sola</span> <span class='ocrx_word' id='word_1_446' title='bbox 1873 3830 2144 3889; x_wconf 86' lang='lat' dir='ltr'>dictante</span> <span class='ocrx_word' id='word_1_447' title='bbox 2183 3828 2423 3906; x_wconf 79' lang='lat' dir='ltr'>Spiritu</span> <span class='ocrx_word' id='word_1_448' title='bbox 2463 3830 2528 3890; x_wconf 89' lang='lat' dir='ltr'>S.</span> <span class='ocrx_word' id='word_1_449' title='bbox 2571 3848 2716 3891; x_wconf 90' lang='lat' dir='ltr'>esse</span> <span class='ocrx_word' id='word_1_450' title='bbox 2753 3844 2882 3889; x_wconf 78' lang='lat' dir='ltr'>exa·</span> 
     </span>
     <span class='ocr_line' id='line_1_40' title="bbox 358 3924 2885 4003; baseline -0.001 -18"><span class='ocrx_word' id='word_1_451' title='bbox 358 3932 487 3985; x_wconf 83' lang='lat' dir='ltr'>rata</span> <span class='ocrx_word' id='word_1_452' title='bbox 515 3942 865 4002; x_wconf 89' lang='lat' dir='ltr'>eorumque</span> <span class='ocrx_word' id='word_1_453' title='bbox 897 3926 1170 3985; x_wconf 90' lang='lat' dir='ltr'>solorum</span> <span class='ocrx_word' id='word_1_454' title='bbox 1198 3926 1678 4003; x_wconf 86' lang='lat' dir='ltr'>inspirationem</span> <span class='ocrx_word' id='word_1_455' title='bbox 1718 3926 1904 3985; x_wconf 87' lang='lat' dir='ltr'>certis</span> <span class='ocrx_word' id='word_1_456' title='bbox 1941 3924 2324 3985; x_wconf 83' lang='lat' dir='ltr'>testimoniis</span> <span class='ocrx_word' id='word_1_457' title='bbox 2363 3927 2681 3987; x_wconf 86' lang='lat' dir='ltr'>Ecclesiae</span> <span class='ocrx_word' id='word_1_458' title='bbox 2721 3928 2885 3986; x_wconf 88' lang='lat' dir='ltr'>inno·</span> 
     </span>
     <span class='ocr_line' id='line_1_41' title="bbox 354 4024 576 4083; baseline 0.005 -1"><span class='ocrx_word' id='word_1_459' title='bbox 354 4024 576 4083; x_wconf 82' lang='lat' dir='ltr'>tuisse.</span> 
     </span>
    </p>
   </div>
   <div class='ocr_carea' id='block_1_5' title="bbox 352 4126 2882 4725">
    <p class='ocr_par' dir='ltr' id='par_1_5' title="bbox 352 4126 2882 4725">
     <span class='ocr_line' id='line_1_42' title="bbox 424 4126 2882 4199; baseline -0.002 -16"><span class='ocrx_word' id='word_1_460' title='bbox 424 4130 519 4183; x_wconf 90' lang='lat' dir='ltr'><strong>SS.</strong></span> <span class='ocrx_word' id='word_1_461' title='bbox 550 4130 766 4197; x_wconf 78' lang='lat' dir='ltr'>PatreS,</span> <span class='ocrx_word' id='word_1_462' title='bbox 801 4136 861 4183; x_wconf 92' lang='lat' dir='ltr'>ut</span> <span class='ocrx_word' id='word_1_463' title='bbox 888 4142 1179 4182; x_wconf 88' lang='lat' dir='ltr'>numerum</span> <span class='ocrx_word' id='word_1_464' title='bbox 1218 4127 1375 4182; x_wconf 90' lang='lat' dir='ltr'>illum</span> <span class='ocrx_word' id='word_1_465' title='bbox 1418 4126 1694 4197; x_wconf 89' lang='lat' dir='ltr'>explicent</span> <span class='ocrx_word' id='word_1_466' title='bbox 1735 4135 1790 4183; x_wconf 90' lang='lat' dir='ltr'>et</span> <span class='ocrx_word' id='word_1_467' title='bbox 1827 4127 2042 4199; x_wconf 90' lang='lat' dir='ltr'>quasia</span> <span class='ocrx_word' id='word_1_468' title='bbox 2082 4127 2267 4196; x_wconf 89' lang='lat' dir='ltr'>priore</span> <span class='ocrx_word' id='word_1_469' title='bbox 2305 4126 2617 4192; x_wconf 87' lang='lat' dir='ltr'>stabiliant,</span> <span class='ocrx_word' id='word_1_470' title='bbox 2653 4130 2882 4198; x_wconf 85' lang='lat' dir='ltr'>undique</span> 
     </span>
     <span class='ocr_line' id='line_1_43' title="bbox 356 4213 2879 4288; baseline -0.002 -17"><span class='ocrx_word' id='word_1_471' title='bbox 356 4216 597 4271; x_wconf 86' lang='lat' dir='ltr'>rationes</span> <span class='ocrx_word' id='word_1_472' title='bbox 638 4216 995 4287; x_wconf 88' lang='lat' dir='ltr'>conquirunt,</span> <span class='ocrx_word' id='word_1_473' title='bbox 1028 4213 1253 4287; x_wconf 82' lang='lat' dir='ltr'>quibuS,</span> <span class='ocrx_word' id='word_1_474' title='bbox 1307 4215 1558 4286; x_wconf 86' lang='lat' dir='ltr'>quamvis</span> <span class='ocrx_word' id='word_1_475' title='bbox 1597 4215 1878 4288; x_wconf 87' lang='lat' dir='ltr'>ingeniose</span> <span class='ocrx_word' id='word_1_476' title='bbox 1916 4215 2026 4269; x_wconf 86' lang='lat' dir='ltr'>sint</span> <span class='ocrx_word' id='word_1_477' title='bbox 2067 4215 2435 4287; x_wconf 80' lang='lat' dir='ltr'>excogitatae,</span> <span class='ocrx_word' id='word_1_478' title='bbox 2485 4217 2739 4285; x_wconf 88' lang='lat' dir='ltr'>quaestio</span> <span class='ocrx_word' id='word_1_479' title='bbox 2773 4215 2879 4285; x_wconf 84' lang='lat' dir='ltr'>ipsa</span> 
     </span>
     <span class='ocr_line' id='line_1_44' title="bbox 354 4301 2876 4375; baseline -0.002 -16"><span class='ocrx_word' id='word_1_480' title='bbox 354 4318 552 4375; x_wconf 89' lang='lat' dir='ltr'>parum</span> <span class='ocrx_word' id='word_1_481' title='bbox 584 4303 909 4359; x_wconf 87' lang='lat' dir='ltr'>illustratur.</span> <span class='ocrx_word' id='word_1_482' title='bbox 945 4303 1331 4375; x_wconf 77' lang='lat' dir='ltr'>Pei-vulgatam</span> <span class='ocrx_word' id='word_1_483' title='bbox 1358 4310 1545 4358; x_wconf 89' lang='lat' dir='ltr'>tamen</span> <span class='ocrx_word' id='word_1_484' title='bbox 1578 4302 1732 4358; x_wconf 89' lang='lat' dir='ltr'>illam</span> <span class='ocrx_word' id='word_1_485' title='bbox 1761 4301 2092 4357; x_wconf 87' lang='lat' dir='ltr'>sententiam</span> <span class='ocrx_word' id='word_1_486' title='bbox 2127 4303 2570 4373; x_wconf 85' lang='lat' dir='ltr'>praetermittere</span> <span class='ocrx_word' id='word_1_487' title='bbox 2596 4304 2876 4365; x_wconf 89' lang='lat' dir='ltr'>nolumus,</span> 
     </span>
     <span class='ocr_line' id='line_1_45' title="bbox 356 4390 2875 4463; baseline -0.002 -18"><span class='ocrx_word' id='word_1_488' title='bbox 356 4406 498 4462; x_wconf 88' lang='lat' dir='ltr'>quae</span> <span class='ocrx_word' id='word_1_489' title='bbox 524 4390 653 4447; x_wconf 90' lang='lat' dir='ltr'>inde</span> <span class='ocrx_word' id='word_1_490' title='bbox 679 4407 711 4445; x_wconf 88' lang='lat' dir='ltr'>a</span> <span class='ocrx_word' id='word_1_491' title='bbox 742 4393 797 4446; x_wconf 92' lang='lat' dir='ltr'>S.</span> <span class='ocrx_word' id='word_1_492' title='bbox 831 4390 1042 4446; x_wconf 89' lang='lat' dir='ltr'>Irenaei</span> <span class='ocrx_word' id='word_1_493' title='bbox 1070 4399 1318 4462; x_wconf 87' lang='lat' dir='ltr'>tempore</span> <span class='ocrx_word' id='word_1_494' title='bbox 1347 4400 1584 4462; x_wconf 89' lang='lat' dir='ltr'>qnatuor</span> <span class='ocrx_word' id='word_1_495' title='bbox 1614 4398 1801 4446; x_wconf 87' lang='lat' dir='ltr'>nostra</span> <span class='ocrx_word' id='word_1_496' title='bbox 1831 4390 2125 4463; x_wconf 83' lang='lat' dir='ltr'>Evangelia</span> <span class='ocrx_word' id='word_1_497' title='bbox 2159 4390 2530 4463; x_wconf 80' lang='lat' dir='ltr'>praefigurata</span> <span class='ocrx_word' id='word_1_498' title='bbox 2559 4390 2722 4446; x_wconf 81' lang='lat' dir='ltr'>docet</span> <span class='ocrx_word' id='word_1_499' title='bbox 2750 4402 2875 4460; x_wconf 86' lang='lat' dir='ltr'>qua-</span> 
     </span>
     <span class='ocr_line' id='line_1_46' title="bbox 352 4474 2877 4551; baseline -0.001 -19"><span class='ocrx_word' id='word_1_500' title='bbox 352 4488 483 4533; x_wconf 81' lang='lat' dir='ltr'>tuor</span> <span class='ocrx_word' id='word_1_501' title='bbox 507 4476 906 4546; x_wconf 89' lang='lat' dir='ltr'>animantibus,</span> <span class='ocrx_word' id='word_1_502' title='bbox 936 4493 1075 4549; x_wconf 89' lang='lat' dir='ltr'>quae</span> <span class='ocrx_word' id='word_1_503' title='bbox 1108 4480 1377 4535; x_wconf 72' lang='lat' dir='ltr'>Ezechiel</span> <span class='ocrx_word' id='word_1_504' title='bbox 1400 4482 1511 4545; x_wconf 83' lang='lat'>(1,5</span> <span class='ocrx_word' id='word_1_505' title='bbox 1535 4483 1680 4550; x_wconf 88' lang='lat' dir='ltr'>sqq.)</span> <span class='ocrx_word' id='word_1_506' title='bbox 1709 4488 1766 4534; x_wconf 86' lang='lat' dir='ltr'>et</span> <span class='ocrx_word' id='word_1_507' title='bbox 1789 4479 1846 4535; x_wconf 90' lang='lat' dir='ltr'>S.</span> <span class='ocrx_word' id='word_1_508' title='bbox 1875 4482 2121 4533; x_wconf 84' lang='lat' dir='ltr'>Ioannes</span> <span class='ocrx_word' id='word_1_509' title='bbox 2149 4482 2349 4551; x_wconf 78' lang='lat' dir='ltr'>(Apoc.</span> <span class='ocrx_word' id='word_1_510' title='bbox 2384 4484 2478 4544; x_wconf 84' lang='grc'>4,6</span> <span class='ocrx_word' id='word_1_511' title='bbox 2507 4483 2655 4550; x_wconf 90' lang='lat' dir='ltr'>sqq.)</span> <span class='ocrx_word' id='word_1_512' title='bbox 2689 4478 2748 4533; x_wconf 88' lang='lat' dir='ltr'>in</span> <span class='ocrx_word' id='word_1_513' title='bbox 2775 4474 2877 4531; x_wconf 85' lang='lat' dir='ltr'>suis</span> 
     </span>
     <span class='ocr_line' id='line_1_47' title="bbox 354 4565 2873 4636; baseline -0 -20"><span class='ocrx_word' id='word_1_514' title='bbox 354 4565 649 4619; x_wconf 85' lang='lat' dir='ltr'>visionibus</span> <span class='ocrx_word' id='word_1_515' title='bbox 676 4574 1010 4635; x_wconf 89' lang='lat' dir='ltr'>spectarunt.</span> <span class='ocrx_word' id='word_1_516' title='bbox 1044 4570 1301 4621; x_wconf 87' lang='lat' dir='ltr'>Attamen</span> <span class='ocrx_word' id='word_1_517' title='bbox 1331 4566 1454 4622; x_wconf 83' lang='lat' dir='ltr'>licet</span> <span class='ocrx_word' id='word_1_518' title='bbox 1480 4565 1641 4620; x_wconf 91' lang='lat' dir='ltr'>multi</span> <span class='ocrx_word' id='word_1_519' title='bbox 1671 4568 1887 4636; x_wconf 87' lang='lat' dir='ltr'>Patres,</span> <span class='ocrx_word' id='word_1_520' title='bbox 1919 4566 2155 4621; x_wconf 86' lang='lat' dir='ltr'>maxime</span> <span class='ocrx_word' id='word_1_521' title='bbox 2186 4565 2582 4635; x_wconf 86' lang='lat' dir='ltr'>occidentales,</span> <span class='ocrx_word' id='word_1_522' title='bbox 2617 4565 2873 4621; x_wconf 74' lang='lat' dir='ltr'>visionem</span> 
     </span>
     <span class='ocr_line' id='line_1_48' title="bbox 358 4650 2869 4725; baseline 0.003 -24"><span class='ocrx_word' id='word_1_523' title='bbox 358 4650 510 4705; x_wconf 86' lang='lat' dir='ltr'>illam</span> <span class='ocrx_word' id='word_1_524' title='bbox 539 4650 609 4705; x_wconf 90' lang='lat' dir='ltr'>de</span> <span class='ocrx_word' id='word_1_525' title='bbox 637 4661 873 4721; x_wconf 82' lang='lat' dir='ltr'>quatuor</span> <span class='ocrx_word' id='word_1_526' title='bbox 910 4654 1266 4723; x_wconf 75' lang='lat' dir='ltr'>Evaiigelistis</span> <span class='ocrx_word' id='word_1_527' title='bbox 1302 4654 1685 4725; x_wconf 77' lang='lat' dir='ltr'>exposuerint,</span> <span class='ocrx_word' id='word_1_528' title='bbox 1719 4655 1880 4709; x_wconf 83' lang='lat' dir='ltr'>variis</span> <span class='ocrx_word' id='word_1_529' title='bbox 1907 4662 2090 4709; x_wconf 87' lang='lat' dir='ltr'>tamen</span> <span class='ocrx_word' id='word_1_530' title='bbox 2125 4652 2303 4709; x_wconf 87' lang='lat' dir='ltr'>modis</span> <span class='ocrx_word' id='word_1_531' title='bbox 2333 4654 2630 4710; x_wconf 83' lang='lat' dir='ltr'>animantia</span> <span class='ocrx_word' id='word_1_532' title='bbox 2665 4653 2738 4710; x_wconf 87' lang='lat' dir='ltr'>ad</span> <span class='ocrx_word' id='word_1_533' title='bbox 2765 4653 2869 4709; x_wconf 88' lang='lat' dir='ltr'>sin-</span> 
     </span>
    </p>
   </div>
   <div class='ocr_carea' id='block_1_6' title="bbox 3006 3838 3010 4380">
    <p class='ocr_par' dir='ltr' id='par_1_6' title="bbox 3006 3838 3010 4380">
     <span class='ocr_line' id='line_1_49' title="bbox 3006 3838 3010 4380; baseline 0 0"><span class='ocrx_word' id='word_1_534' title='bbox 3006 3838 3010 4380; x_wconf 95' lang='lat' dir='ltr'> </span> 
     </span>
    </p>
   </div>
  </div>
 </body>
</html>
