3050 5184
701 319 778 366 ne
804 322 965 367 mem
1010 323 1235 368 nsrnea
1277 321 1698 368 woronna-ra·
1739 323 1816 368 m·
1859 321 2118 367 omniun.
2561 305 2676 365 285

162 452 315 524 dique
336 453 558 524 cupido,
588 452 783 510 eadem
810 454 1027 510 luxuria
1064 463 1121 510 et
1150 453 1349 520 libido;
1378 463 1648 510 consonat
1675 469 1896 526 quoquc
1931 453 2221 525 utriusque
2259 454 2404 510 vitae
2434 451 2676 508 chrono-

160 539 309 611 logia.
337 543 499 596 Teste
535 541 823 598 Herodoto
854 543 999 608 (vn.
1031 548 1065 599 8
1105 544 1251 614 sqq.)
1295 543 1515 598 Xerxes
1538 556 1590 597 a.
1623 548 1677 598 3.
1709 542 1864 613 regni
1911 557 2104 597 omncs
2147 541 2364 612 imperii
2409 540 2678 612 principes

158 627 297 682 Susis
334 629 708 702 congregavit,
740 638 805 684 ut
829 645 959 686 cum
1000 629 1081 685 eis
1126 629 1195 686 de
1234 628 1385 685 bello
1413 629 1642 686 Graecis
1670 627 1959 685 inserendo
1986 627 2211 684 consilia
2239 627 2546 696 conferret3
2585 626 2678 682 illa

158 714 313 786 igitur
336 716 625 772 ocoesione
652 716 927 773 celebrata
955 726 1085 773 sunt
1113 716 1281 785 festa,
1310 732 1449 788 quae
1478 733 1530 774 a.
1559 724 1610 773 3.
1635 720 1909 772 Assuerus
1931 717 2144 772 cunctis
2170 714 2506 788 principibus
2525 729 2677 787 prae·

158 817 361 871 parasse
405 803 607 860 dicitur
635 807 769 873 (1,3)
801 814 857 860 et
898 820 1135 876 quorum
1178 805 1469 861 occasione
1510 804 1760 876 reginam
1801 804 1998 860 vasthi
2038 803 2367 876 repudiavit.
2411 807 2574 858 Anno
2619 807 2671 857 5.

157 889 343 946 deinde
374 893 595 948 Xerxes
628 890 908 948 infelicem
952 891 1354 964 expeditionem
1390 891 1445 948 in
1487 892 1776 950 Graeciam
1815 891 2055 963 suscepit
2091 901 2148 946 et
2174 906 2318 947 anno
2355 891 2681 962 insequente

156 991 389 1034 reversus
432 988 538 1035 est.
590 979 697 1036 Illo
739 979 913 1047 igitur
950 988 1201 1051 tempore
1247 986 1612 1053 congregatae
1657 987 1788 1035 sunt
1827 980 2071 1051 puellae,
2120 994 2186 1034 ex
2233 977 2434 1050 quibus
2477 991 2679 1033 novam

156 1065 388 1136 reginam
415 1067 677 1140 eligeret3
703 1067 1078 1123 intercedente
1118 1075 1303 1123 autem
1341 1067 1490 1124 bello
1519 1082 1718 1140 graeco
1746 1067 1956 1138 optime
1984 1066 2307 1138 explicatur,
2337 1081 2438 1122 cur
2471 1071 2678 1121 Assue-

155 1167 235 1208 rus
258 1153 327 1209 ab
354 1169 409 1210 a.
438 1160 490 1209 3.
524 1170 701 1226 usque
727 1154 797 1211 ad
824 1169 879 1211 a.
909 1161 963 1212 6.
990 1155 1315 1212 electionem
1344 1171 1523 1212 novae
1560 1155 1784 1227 reginae
1816 1154 2181 1211 retardaverit
2221 1156 2370 1224 (2,16
2397 1153 2483 1210 cl'r
2505 1155 2674 1222 2‚12).

154 1241 459 1298 Consonant
498 1241 745 1309 demum,
789 1257 934 1313 quae
960 1242 1033 1298 de
1061 1243 1287 1315 persicis
1328 1241 1495 1298 rebus
1539 1240 1711 1298 tradit
1737 1250 1929 1298 noster
1955 1242 2112 1310 liber,
2149 1257 2278 1298 cum
2319 1240 2680 1313 profanorum

154 1337 431 1386 auctorum
468 1329 947 1401 descriptionibus.

218 1483 273 1540 2.
304 1515 384 1524 —
412 1481 647 1540 Veram
691 1480 884 1560 igitur
926 1481 990 1542 in
1032 1481 1075 1542 l.
1108 1479 1336 1541 Esther
1375 1480 1705 1541 historiam
1747 1480 1982 1540 narrari
2025 1485 2268 1542 certum
2318 1484 2444 1554 est,
2476 1496 2680 1557 eoque

154 1577 368 1638 certius
385 1625 401 1651 ,
428 1593 557 1654 quo
582 1577 851 1638 leviores
876 1580 1024 1638 sunt
1050 1577 1441 1638 obiectiones
1468 1593 1690 1638 omnes
1716 1593 1942 1655 magna
1965 1593 2110 1638 cum
2129 1576 2512 1656 operositate
2535 1593 2678 1636 con-

155 1676 233 1731 tra
260 1673 404 1733 libri
440 1675 882 1734 auctoritatem
913 1674 1323 1752 conquisitae.

208 1783 493 1857 Quidquid
520 1785 851 1842 adversariis
877 1784 1095 1843 creditu
1123 1783 1340 1842 videtur
1367 1784 1618 1850 difficile,
1647 1784 1800 1842 velut
1826 1801 2027 1859 magna
2068 1785 2302 1842 obiectio
2333 1785 2677 1857 proponitur,

154 1870 267 1928 licet
290 1888 361 1929 ne
386 1873 682 1928 minimam
722 1872 945 1946 quidem
973 1872 1361 1929 difficultatem
1387 1882 1558 1930 creet.
1587 1874 1890 1944 Praecipua
1920 1873 2069 1930 enim
2105 1872 2244 1929 haec
2275 1881 2423 1929 sunt.
2454 1872 2680 1930 Creditu

151 1960 217 2014 eis
242 1959 467 2017 videtur
495 1959 749 2025 difficile,
782 1960 933 2033 quod
974 1959 1177 2017 Esther
1209 1960 1483 2018 iudaicam
1512 1977 1674 2018 suam
1708 1960 1979 2034 originem
2005 1959 2216 2017 tamdiu
2251 1961 2368 2033 regi
2396 1969 2452 2016 et
2477 1959 2680 2016 Amani

149 2048 412 2104 occultare
464 2048 735 2119 potuerit;
765 2064 947 2121 neque
992 2049 1139 2104 enim
1186 2047 1504 2118 attendunt,
1537 2049 1685 2104 viros
1724 2049 2066 2120 polygamiae
2097 2047 2348 2105 addictos
2375 2045 2446 2104 de
2473 2063 2678 2103 concu-

150 2133 389 2192 binarum
438 2135 656 2207 origine
696 2151 894 2208 parum
936 2151 1056 2192 esse
1098 2135 1363 2192 sollicitos
1406 2151 1510 2192 nec
1556 2139 1806 2192 Xerxem
1838 2139 1922 2205 (ac
1958 2135 2135 2191 multo
2175 2137 2360 2192 minus
2384 2139 2682 2200 Amaneni)

150 2224 404 2280 rationem
436 2221 699 2279 habuisse
717 2266 732 2291 ,
764 2238 863 2278 cur
900 2223 1149 2279 Estheris
1186 2239 1361 2295 genus
1398 2223 1729 2296 exquireret.
1764 2254 1838 2264 —
1867 2223 2103 2280 Credere
2133 2241 2244 2279 non
2281 2231 2541 2294 possunt,
2572 2226 2679 2278 As-

148 2323 357 2366 suerum
386 2312 503 2367 iam
532 2309 792 2366 undecim
818 2310 1101 2368 mensibus
1128 2320 1257 2367 ante
1286 2310 1438 2367 diem
1464 2311 1622 2367 caedi
1658 2311 1993 2367 Iudaeorum
2021 2309 2353 2368 destinatam
2377 2311 2482 2368 hae
2522 2310 2593 2366 de
2619 2326 2681 2366 re

147 2395 419 2455 decretum
450 2397 864 2470 promulgasse3
890 2413 1073 2470 neque
1100 2397 1247 2453 enim
1275 2397 1602 2464 attendunt,
1633 2407 1902 2455 Amanem
1930 2414 1996 2454 ex
2024 2401 2317 2454 Persarum
2347 2414 2502 2454 more
2531 2397 2680 2454 diem

147 2485 311 2542 caedis
338 2491 502 2543 sorte
530 2485 888 2557 exquisivisse
914 2493 1081 2558 atque
1109 2501 1211 2557 pro
1240 2501 1337 2541 sua
1375 2486 1765 2559 superstitione
1792 2502 1904 2542 non
1935 2485 2242 2553 dubitasse,
2279 2487 2414 2559 quin
2449 2484 2536 2542 hic
2563 2485 2682 2542 dies

148 2580 288 2629 sorte
314 2575 633 2646 assignatus
649 2616 663 2642 ,
687 2572 956 2646 quidquid
982 2582 1147 2629 antea
1173 2581 1364 2646 ageret
1380 2589 1494 2629 non
1516 2573 1791 2638 obstante,
1819 2572 2032 2629 faustus
2059 2575 2130 2629 sit
2157 2574 2402 2642 futurus3
2434 2583 2681 2630 ceterum

148 2677 237 2716 nec
263 2661 391 2734 suga
416 2677 523 2718 nec
551 2661 783 2718 rebellio
812 2661 1147 2717 Iudaeorum
1174 2661 1232 2715 in
1252 2669 1405 2716 vasto
1424 2677 1598 2733 regno
1619 2660 1993 2731 dispersorum
2013 2659 2304 2716 videbatur
2319 2659 2587 2717 timenda.
2610 2691 2684 2701 —

146 2749 323 2820 Neque
360 2747 595 2806 credere
631 2749 853 2818 volunt,
888 2747 1151 2819 ludaeos,
1194 2764 1365 2820 quum
1403 2748 1550 2804 vitae
1589 2747 1964 2804 defendendae
2004 2747 2418 2819 permissionem
2447 2748 2681 2820 ‚decreto

148 2837 283 2908 regio
311 2837 687 2908 accepissent,
720 2852 913 2891 omnes
940 2851 1071 2891 suos
1101 2835 1289 2891 hostes
1325 2835 1517 2891 vicisse
1557 2843 1724 2908 atque
1761 2851 1874 2890 uno
1915 2835 2002 2890 die
2028 2841 2228 2890 70.0oo
2259 2837 2502 2890 virorum
2531 2836 2678 2891 occi-

146 2921 295 2980 disse.
326 2929 599 2980 Attamen
636 2933 886 2994 satrapae
926 2923 1133 2995 optime
1170 2923 1446 2992 sciebant,
1476 2922 1763 2978 decretum
1791 2923 2008 2994 regium
2041 2939 2072 2978 a
2102 2921 2472 2979 Mardochaeo
2495 2931 2678 2978 trans-

147 3011 363 3068 missum
390 3011 734 3068 exsecutioni
778 3027 899 3067 esse
926 3009 1339 3081 mandandum,
1384 3010 1455 3067 ab
1500 3009 1608 3066 illis
1649 3019 1834 3066 autem
1877 3009 2053 3066 adiuti
2095 3010 2285 3066 Iudaei
2323 3025 2452 3066 suos
2494 3010 2680 3066 hostes

148 3097 291 3154 facile
331 3099 559 3156 vincere
601 3105 919 3171 potuerunt.
954 3099 1075 3155 Iam
1117 3114 1249 3155 vero
1292 3113 1389 3154 eos
1428 3099 1486 3154 in
1524 3098 1831 3154 vastissimo
1860 3097 2120 3169 imperio,
2149 3097 2297 3169 'quod
2327 3097 2396 3153 ab
2425 3097 2580 3154 India
2609 3097 2679 3154 ad

146 3185 487 3258 Aethiopiam
515 3202 636 3242 sese
665 3185 934 3253 extendit,
961 3192 1161 3242 7o.000
1190 3186 1435 3243 hostium
1458 3201 1570 3240 uno
1601 3184 1690 3242 die
1717 3184 2010 3252 occidisse,
2041 3184 2406 3255 improbabile
2433 3202 2547 3241 non
2565 3193 2676 3254 est,

145 3273 185 3326 si
208 3273 558 3330 Mithridates
584 3274 642 3329 in
673 3289 844 3345 regno
881 3275 1060 3330 multo
1098 3275 1311 3330 minore
1339 3279 1539 3330 80.οω
1566 3276 1949 3329 Romanorum
1977 3289 2089 3329 uno
2117 3272 2209 3329 die
2235 3273 2453 3329 occidit.
2483 3304 2554 3315 —
2578 3273 2685 3330 His

146 3361 363 3431 similes,
390 3361 492 3418 sed
524 3361 777 3431 leviores,
810 3369 940 3418 sunt
962 3362 1211 3434 reliquae
1241 3360 1616 3418 difficultates,

213 3513 269 3571 3.
296 3545 377 3556 —
400 3513 578 3573 Inter
604 3511 807 3571 varias
831 3511 1171 3571 sententias
1202 3510 1279 3571 de
1310 3510 1457 3571 libri
1487 3509 1711 3570 Esther
1739 3510 1977 3589 origine
1999 3512 2350 3590 propositas
2380 3512 2491 3572 illa
2509 3515 2682 3572 recte

148 3609 511 3682 praefertur,
556 3625 715 3685 quae
762 3608 1073 3687 potiorem
1104 3607 1437 3668 hebraicae
1473 3607 1848 3667 narrationis
1885 3612 2128 3686 partem
2157 3606 2487 3688 (Li-932)
2530 3609 2682 3667 Mar-

150 3702 413 3766 dochaeo
444 3703 767 3777 attribuit,
800 3722 963 3782 opus
994 3708 1212 3764 tamen
1244 3721 1359 3783 per
1386 3702 1685 3777 Esdram,
1720 3704 1971 3782 quando
2007 3705 2235 3765 festum
2263 3705 2475 3765 Purim
2508 3722 2545 3763 a
2579 3704 2680 3764 Iu-

151 3799 307 3862 daeis
343 3801 925 3881 palaestinensibus
948 3804 1273 3879 receptum
1304 3805 1431 3870 est,
1466 3799 1709 3862 duabus
1739 3801 2192 3878 appendicibus
2217 3801 2678 3862 institutionem

151 3895 279 3956 testi
303 3896 809 3977 approbantibus
836 3893 1373 3977 (9,23-28.29-32)
1406 3895 1821 3956 terminatum
1853 3914 1990 3956 esse
2024 3900 2256 3956 censet.
2291 3896 2679 3957 Recentioris

152 3993 304 4054 enim
332 3993 600 4073 originis
629 4011 757 4053 non
785 3992 1277 4072 deprehenditur
1296 3993 1657 4071 vestigium.

220 4105 359 4164 Viris
388 4127 415 4159 ι
448 4121 684 4180 magnae
706 4121 1013 4180 synagogae
1039 4127 1065 4157 n
1102 4095 1558 4162 Thalmudistae
1585 4120 1724 4177 opus
1752 4105 2078 4176 attribuunt,
2106 4106 2204 4162 SS.
2241 4108 2601 4176 Anqustinus
2625 4114 2681 4163 et

160 4191 416 4250 Isidorus
442 4195 617 4267 Hisp.
647 4191 883 4262 Esdrae,
920 4193 1181 4250 clemens
1208 4194 1380 4248 Alex.
1414 4201 1470 4248 et
1508 4193 1758 4265 plerique
1799 4193 2134 4265 antiquiores
2172 4193 2500 4264 interpretes
2533 4195 2678 4249 Mar-

158 4276 423 4350 dochaeo3
462 4298 534 4338 ex
570 4282 983 4338 commentariis
1017 4279 1374 4336 Mardochaei
1409 4279 1677 4336 Iudaeum
1717 4280 1902 4352 paullo
1939 4280 2302 4336 recentiorem
2333 4278 2430 4335 sed
2467 4281 2526 4336 in
2551 4296 2678 4353 per-

160 4366 261 4422 sico
302 4369 535 4440 imperio
582 4369 874 4442 degentem
922 4385 1059 4441 opus
1100 4368 1507 4440 composuisse,
1539 4367 1698 4423 multi
1727 4367 1981 4424 catholici
2026 4369 2359 4424 recentiores
2405 4376 2620 4439 tenent,
2647 4386 2678 4426 a

160 4469 384 4526 quorum
424 4457 694 4514 sententia
742 4455 895 4514 haud
940 4456 1104 4532 longe
1144 4465 1334 4514 nostra
1376 4454 1602 4514 recedit.
1635 4487 1706 4498 --
1731 4457 1901 4512 Recte
1929 4463 2161 4512 monent
2196 4456 2474 4528 plerique,
2508 4458 2678 4513 multa

160 4549 267 4598 tam
291 4554 543 4602 accurate
570 4555 627 4602 et
650 4545 892 4602 dilucide
918 4545 1161 4616 narrari,
1186 4554 1250 4602 ut
1275 4545 1389 4618 ipsa
1414 4543 1747 4601 narrationis
1773 4544 1988 4601 indoles
2014 4551 2212 4600 testem
2241 4544 2531 4617 aequalem
2561 4561 2680 4616 pro·

162 4625 279 4701 dat,
298 4640 463 4706 atque
490 4635 601 4690 alia
626 4634 767 4707 legi,
798 4619 941 4707 qnae
968 4649 1003 4690 a
1029 4633 1162 4690 solis
1184 4631 1560 4690 Mardochaeo
1588 4643 1642 4688 et
1673 4631 1906 4689 Esthere
1942 4632 2084 4689 tradi
2125 4633 2424 4705 potuerint.
2457 4631 2684 4690 Accedit
