3050 5184
1825 96 1856 149 *d

750 235 827 279 ns
867 232 1085 279 ensem
1132 231 1275 275 novi
1318 230 1486 275 Tssr.
1533 212 1978 303 moronis-Arg.
2563 212 2636 273 79

172 370 245 422 Ex
264 368 351 435 iis,
384 381 527 438 quae
554 380 723 437 supra
747 363 819 419 de
840 370 1025 419 textus
1048 360 1237 435 graeci
1259 359 1491 418 historia
1518 360 1787 431 diximus,
1815 363 1947 419 setis
1975 362 2176 430 elucet,
2205 377 2334 418 eum
2363 344 2638 431 primitivo

108 456 485 526 Apostolorum
508 452 687 509 textui
716 452 877 523 plane
903 448 1251 505 conformem
1272 447 1384 505 dici
1408 464 1525 505 non
1545 465 1738 521 posse3
1761 450 1875 506 suis
1891 451 2042 507 enim
2067 449 2255 506 naevis
2285 446 2634 519 mendisque,

108 544 175 596 uti
201 541 293 597 alii
316 555 515 597 omnes
542 540 685 613 sacri
718 545 933 606 textus,
962 542 1165 603 scatet,
1199 543 1257 591 at
1284 540 1571 606 errarunt,
1596 538 1692 609 qui
1719 552 1848 593 eum
1877 558 1902 589 α
1941 536 2225 593 nonnullis
2251 536 2309 591 in
2336 534 2473 591 locis
2501 534 2636 602 (stu-

106 628 265 695 diose)
293 636 619 699 corruptum
646 635 815 700 atque
841 632 1117 680 mutatum
1147 622 1331 679 debita
1355 622 1638 680 authentia
1667 632 1724 680 et
1751 626 1995 695 puritate.
2011 640 2202 681 carere
2228 644 2254 675 a>
2285 628 2640 679 asseruerunt

112 714 387 791 «Bonfrer.
420 715 678 786 Praeloq.
706 730 755 769 c.
792 718 885 779 143
922 714 1123 769 Caum
1150 709 1220 766 de
1242 711 1377 767 Loc.
1409 709 1658 784 theolog.
1683 713 1760 767 11.
1795 718 1879 768 12.
1915 718 2008 781 133
2043 710 2393 783 Goldltaqen
2421 706 2635 765 Introd.

108 804 149 855 l.
183 819 236 875 p.
274 807 417 871 287).
458 802 784 858 Haereticos
822 798 1045 873 quidem
1076 806 1294 855 textum
1330 812 1554 854 sacrum
1593 796 1907 855 adulterare
1933 807 2164 855 conatos
2189 814 2338 867 esse,
2368 804 2641 853 testantur

110 891 303 956 Patres,
324 898 387 946 at
404 905 603 947 eorum
626 888 845 945 codices
870 888 932 944 in
957 886 1204 943 Ecclesia
1231 887 1618 943 auctoritatem
1641 902 1948 957 numquam
1972 886 2271 943 obtinuisse
2293 893 2508 941 eertum
2533 891 2634 939 est.

106 976 384 1045 Quomodo
411 979 563 1033 enim
594 976 777 1033 divina
806 972 1149 1047 providentia
1172 973 1537 1045 permisisset,
1569 980 1633 1029 ut
1658 972 1738 1029 illi
1767 972 1950 1029 fontes
1986 972 2391 1044 polluerentur,
2421 988 2490 1029 ex
2517 970 2637 1041 qui-

106 1064 197 1119 bus
222 1066 511 1121 veritatem
544 1063 765 1120 haurire
792 1061 983 1118 debuit
1018 1062 1297 1117 Ecclesia?
1324 1062 1599 1116 Constans
1635 1060 1780 1115 enim
1815 1070 1900 1117 est
1926 1060 2228 1117 latinorum
2256 1063 2484 1116 Patrum
2520 1073 2640 1113 sen-

106 1152 291 1221 tentia,
322 1152 467 1207 Novi
502 1151 841 1208 Testamenti
876 1148 1046 1205 fidem
1078 1168 1103 1201 α
1132 1146 1316 1221 graeci
1352 1148 1622 1203 sermonis
1657 1149 2046 1204 auctoritatem
2070 1147 2384 1205 desiderare
2413 1167 2438 1199 a
2473 1138 2640 1217 atque

108 1238 201 1294 hoc
230 1260 257 1289 α
288 1238 441 1311 quod
468 1238 529 1295 in
555 1239 729 1295 latino
766 1252 1023 1293 sermone
1050 1233 1333 1291 discordet
1360 1242 1417 1290 et
1447 1235 1508 1290 in
1536 1233 1782 1291 diversos
1821 1234 2130 1291 rivulorum
2165 1236 2420 1291 tramites
2443 1234 2637 1298 ducat,

108 1342 203 1381 uno
224 1326 295 1382 de
323 1326 483 1383 fonte
510 1324 891 1398 quaerendum
920 1339 1039 1379 esse
1070 1343 1095 1374 n
1130 1323 1208 1394 (S.
1238 1324 1405 1377 Hier.
1434 1320 1507 1377 ad
1533 1322 1732 1379 Lucin.
1761 1337 1846 1393 ep.
1880 1328 2038 1391 71,5;
2079 1322 2148 1378 ad
2177 1324 2344 1379 Dam-
2371 1312 2640 1379 Praef.'in

107 1414 357 1486 Evang.);
392 1434 417 1465 α
450 1428 625 1485 quum
666 1411 945 1468 diversum
983 1409 1188 1482 aliquid
1224 1410 1284 1464 in
1314 1408 1564 1480 utrisque
1593 1410 1824 1481 (graecis
1865 1418 1922 1465 et
1958 1410 2158 1476 latinis)
2183 1409 2462 1465 codicibus
2487 1408 2641 1464 inve-

110 1500 272 1556 niatur
318 1508 379 1556 et
422 1510 721 1571 utrumque
769 1513 963 1554 verum
1009 1512 1129 1553 esse
1172 1512 1287 1553 non
1334 1496 1530 1566 possit,
1579 1498 1632 1552 ei
1658 1498 1876 1570 linguae
1919 1499 2101 1569 potius
2129 1512 2248 1553 esse
2275 1493 2638 1560 credendum,

112 1587 237 1643 unde
270 1588 333 1643 in
371 1588 541 1643 aliam
579 1586 723 1643 facta
764 1586 834 1641 sit
876 1584 1169 1641 translatio
1200 1604 1226 1635 n
1272 1583 1345 1653 (S.
1380 1588 1534 1656 Any.
1567 1582 1638 1639 de
1665 1584 1780 1641 Civ.
1821 1585 1925 1641 Dei
1953 1586 2079 1641 XV.
2114 1588 2230 1653 13);
2266 1604 2292 1635 α
2331 1585 2378 1641 si
2411 1583 2536 1655 quis
2570 1580 2641 1637 de

106 1674 399 1731 latinorum
421 1672 681 1731 codicum
709 1674 975 1729 varietate
1002 1669 1325 1739 contendat,
1359 1686 1600 1742 quorum
1628 1671 1844 1743 aliquos
1869 1670 2066 1742 perfidi
2101 1671 2386 1741 falsarunt,
2418 1685 2644 1743 graecos

108 1761 471 1833 inspiciendos
500 1776 621 1817 esse
656 1760 873 1817 codices
904 1780 930 1811 n
960 1760 1039 1827 (S.
1072 1758 1348 1815 Ambros.
1388 1757 1460 1815 de
1492 1758 1636 1830 Spir.
1667 1760 1724 1815 S.
1754 1759 1828 1815 11.
1865 1758 1948 1829 5);
1985 1779 2010 1809 α
2042 1759 2137 1815 ubi
2173 1758 2356 1830 aliqua
2393 1758 2559 1815 verba
2585 1756 2643 1811 in

108 1848 263 1905 latino
298 1848 651 1919 reperiantur
686 1846 926 1904 absurde
963 1848 1159 1918 posita,
1204 1845 1278 1902 ad
1314 1860 1576 1919 graecum
1611 1845 1922 1916 pandecten
1963 1846 2166 1902 debere
2187 1846 2444 1901 recurri»
2478 1846 2642 1912 (Cas-

108 1936 246 1992 siod.
280 1935 355 1991 de
391 1936 573 1992 Instit.
612 1935 723 1991 div.
754 1936 838 1991 lit.
874 1938 959 2003 15)
988 1942 1098 1989 etc.
1124 1936 1207 1989 Ac
1236 1933 1515 2003 profecto,
1544 1933 1624 1987 uti
1656 1948 1797 1988 saec.
1833 1940 1888 1987 4.
1915 1934 1970 1989 S.
2003 1933 2375 2005 Hieronymus
2406 1933 2585 1987 iussus
2613 1947 2642 1986 a

109 2022 155 2077 S.
180 2026 426 2079 Damaso
454 2022 689 2078 latinum
724 2022 945 2078 Novum
979 2024 1131 2077 Test.
1172 2041 1199 2071 α
1240 2035 1471 2093 graecae
1504 2018 1745 2075 reddidit
1781 2020 2096 2077 auctoritati
2129 2040 2155 2073 n
2175 2062 2188 2085 ‚
2223 2021 2300 2076 ita
2338 2036 2479 2075 saec.
2531 2025 2641 2085 16„

110 2110 319 2179 quando
349 2109 423 2165 de
445 2110 715 2181 vulgatae
745 2107 1133 2165 emendatione
1156 2107 1441 2181 agebatur,
1468 2106 1599 2163 Pius
1623 2108 1718 2164 IV.
1745 2114 1967 2179 praeter
1989 2106 2401 2181 antiquissimos
2429 2106 2646 2163 codices

106 2196 297 2252 latinos
332 2204 391 2252 et
410 2198 644 2253 Patrum
667 2196 1096 2252 commentarios
1122 2194 1283 2251 iussit
1314 2215 1340 2246 α
1368 2192 1657 2251 hebraicos
1685 2210 2019 2267 graecosque
2041 2194 2224 2251 fontes
2247 2214 2273 2246 »
2301 2192 2571 2251 adhiberi.

176 2358 231 2417 2.
256 2389 341 2399 —
370 2354 489 2416 Cui
514 2354 863 2415 sententiae
892 2354 1123 2414 frustra
1163 2358 1569 2431 opponuntur
1606 2356 1860 2414 Patrum
1896 2354 2260 2414 testimonia
2307 2353 2642 2431 quaedam,

111 2452 329 2530 quippe
360 2467 526 2528 quae
556 2450 635 2510 de
670 2450 822 2510 solis
849 2449 1309 2511 haereticorum
1340 2448 1668 2509 codicibus
1697 2450 1764 2509 in
1793 2451 2144 2510 Ecclesiam
2179 2467 2528 2528 numquam
2554 2468 2648 2511 re-

114 2548 295 2625 ceptis
318 2548 685 2623 loquantur,
712 2549 821 2606 aut
849 2562 1074 2622 magna
1090 2545 1467 2605 variantium
1491 2545 1842 2607 lectionum
1867 2544 2133 2623 farrag0‚
2155 2563 2356 2623 quum
2378 2548 2446 2606 in
2467 2563 2646 2624 grae-

114 2642 191 2702 cis
218 2642 545 2703 codicibus
588 2642 789 2701 maior
815 2659 941 2701 non
982 2641 1062 2701 sit
1102 2657 1289 2718 quam
1324 2642 1389 2700 in
1418 2640 1590 2713 aliis,
1623 2643 1729 2701 aut
1765 2644 1973 2701 textus
2013 2641 2276 2718 quidam
2313 2660 2348 2701 a
2383 2642 2646 2720 Vulgata

114 2738 581 2812 dissentientes,
611 2738 851 2815 quippe
876 2737 1106 2815 quibus
1140 2736 1369 2815 dogma
1393 2735 1644 2797 nullum
1666 2735 1968 2797 laedatur.

169 2852 327 2907 Celso
356 2858 577 2906 textum
612 2850 1037 2923 Evangeliorum
1066 2857 1389 2921 corruptum
1429 2865 1548 2905 esse
1577 2850 1840 2905 asserenti
1865 2850 1979 2905 iam
2005 2848 2292 2922 respondit
2315 2851 2596 2923 Oriyenes
2629 2871 2648 2905 .-

115 2956 137 2985 ι
154 2936 423 3010 Equidem
443 2952 559 2992 non
580 2936 709 2993 novi
727 2936 882 3005 alioS,
912 2938 1004 3009 qui
1023 2936 1311 3008 Evangelii
1334 2945 1549 2992 textum
1578 2936 1933 3006 mutaverint,
1961 2936 2065 2992 nisi
2092 2938 2406 3005 Marcionis,
2443 2939 2646 2994 Valen-

110 3026 225 3093 tini,
258 3024 496 3081 sortasse
523 3032 581 3079 et
606 3024 812 3080 Lucani
842 3032 1145 3080 sectatores
1175 3044 1201 3075 n
1231 3028 1301 3090 (c.
1340 3024 1480 3080 Cels.
1514 3025 1592 3080 11.
1626 3028 1747 3091 27);
1773 3023 2093 3080 Helvidium
2119 3032 2303 3081 autem
2331 3024 2550 3081 codices
2579 3026 2646 3082 ab

112 3110 341 3168 Ecclesia
370 3110 652 3167 adhibitos
688 3126 790 3183 pro
818 3112 1095 3183 corruptis
1120 3110 1507 3182 repudiantem
1535 3112 1784 3182 increpat
1805 3114 1864 3168 S.
1891 3114 2292 3183 Hieronymus
2322 3132 2341 3166 .·
2371 3133 2396 3165 α
2427 3112 2647 3169 Stultis-

110 3200 237 3255 sime
280 3198 605 3271 persuasisti
646 3197 776 3266 tibi,
823 3214 1051 3271 graecos
1097 3198 1313 3255 codices
1351 3213 1471 3254 esse
1519 3196 1744 3255 falsatos
1771 3220 1796 3251 »
1828 3204 1900 3267 (c.
1947 3198 2169 3255 Helvid.
2203 3204 2312 3266 16).
2359 3202 2478 3256 Iam
2518 3216 2648 3256 vero

112 3310 229 3365 prae
258 3293 435 3350 oculis
458 3294 632 3365 probe
660 3292 931 3350 habeatur
954 3302 1193 3366 oportet,
1223 3294 1546 3366 praecipuos
1592 3294 1811 3351 codices
1859 3310 2084 3368 graecos
2123 3296 2448 3366 superstites
2489 3299 2571 3363 (B.
2605 3306 2646 3351 κ

8 3433 11 3436 .
110 3386 171 3438 A.
206 3382 271 3439 C.
302 3386 435 3450 etc.)
464 3380 537 3437 ad
563 3381 743 3454 ipsam
769 3383 997 3437 Patrum
1027 3388 1265 3437 aetatem
1289 3396 1518 3437 auream
1544 3381 1870 3450 ascendere,
1909 3381 2133 3455 quando
2160 3383 2408 3454 corrupti
2429 3382 2650 3441 codices

110 3479 251 3525 certe
276 3484 395 3525 non
421 3467 849 3537 adhibebantur,
880 3468 1087 3525 etenim
1116 3468 1229 3525 duo
1258 3484 1328 3525 ex
1354 3468 1461 3524 illis
1500 3469 1841 3541 Hieronymo
1871 3476 2001 3524 sunt
2027 3468 2386 3541 antiquiores,
2419 3471 2512 3527 alii
2535 3470 2647 3528 duo

112 3556 218 3611 eius
248 3555 364 3613 fere
392 3564 642 3627 tempore
667 3563 800 3611 sunt
828 3557 1125 3628 conscripti
1140 3558 1179 3612 ¹.

172 3641 370 3699 Procul
405 3641 576 3698 dubio
612 3642 937 3699 innumerae
972 3642 1089 3699 fere
1125 3652 1255 3698 sunt
1294 3642 1475 3699 variae
1512 3642 1808 3711 lectiones,
1850 3658 1992 3715 quae
2028 3658 2063 3700 a
2102 3644 2230 3701 viris
2270 3646 2476 3703 criticis
2519 3657 2648 3703 sunt

114 3738 423 3802 congestae,
472 3728 573 3785 sed
616 3730 701 3785 uti
745 3731 857 3785 iam
902 3729 1249 3799 monuimu8‚
1298 3730 1526 3785 minima
1568 3745 1760 3799 earum
1801 3746 1933 3802 pars
1977 3747 2199 3788 sensum
2245 3742 2427 3789 mutat
2480 3743 2648 3807 atque

115 3832 171 3871 ex
194 3817 301 3873 illis
324 3817 459 3889 ipsis
484 3832 695 3887 paucae
730 3825 949 3873 tantum
975 3816 1290 3873 doctrinam
1318 3817 1564 3879 aliquam
1593 3818 1903 3891 attingunt3
1933 3828 1993 3875 at
2017 3818 2168 3877 idem
2196 3819 2407 3877 obtinet
2437 3821 2494 3877 in
2516 3823 2646 3878 Vul-

118 3913 259 3976 gatae
280 3905 631 3975 aliarumque
650 3904 969 3960 versionum
994 3904 1295 3975 codicibuS,
1317 3920 1497 3977 neque
1520 3913 1707 3961 tamen
1735 3905 1860 3961 ideo
1883 3906 2128 3977 prudens
2153 3907 2330 3978 ipsam
2352 3909 2644 3982 Vulgatam

168 4070 183 4129 (
190 4070 229 4131 1]
259 4068 349 4119 Gfr
386 4082 469 4119 ex.
498 4082 574 4131 gr.
605 4067 903 4131 Goldbagen
929 4068 1126 4120 Introd.
1158 4071 1199 4119 1.
1228 4083 1279 4134 p.
1314 4074 1424 4120 294.
1456 4089 1482 4115 κ
1514 4073 1824 4122 Graecorum
1847 4070 2051 4135 ingenis
2080 4072 2281 4136 ignoret
2312 4087 2513 4125 necesse
2549 4078 2643 4135 est,

116 4148 195 4208 qui
224 4159 309 4196 eos
342 4146 473 4197 nihil
509 4147 565 4196 in
600 4160 807 4211 graecos
839 4146 1041 4198 codices
1084 4160 1235 4199 ausos
1260 4148 1415 4199 fuisse
1444 4152 1693 4199 autumat.
1733 4150 1853 4199 Fuit
1893 4148 2104 4201 Graecia
2135 4150 2198 4201 ab
2228 4152 2370 4202 omni
2404 4156 2648 4205 memoria

118 4223 371 4275 hamum
396 4228 751 4291 sectarumque
776 4226 937 4285 ferax,
956 4240 1063 4291 quo
1080 4227 1233 4291 periit
1251 4227 1413 4287 malm
1436 4230 1487 4277 et
1507 4230 1746 4278 irenaeus
1759 4264 1773 4287 ,
1793 4228 2039 4289 BasiliuS,
2063 4228 2312 4279 Eusebius
2325 4268 2338 4291 ,
2365 4232 2643 4282 Theodore-

118 4306 193 4351 tns
221 4302 409 4369 aliique
434 4304 644 4355 vitiatas
670 4304 735 4355 ab
762 4304 1033 4356 haereticis
1062 4304 1265 4356 divinas
1299 4306 1590 4370 Scripturas
1621 4306 1908 4357 luculenter
1939 4309 2213 4359 testantur.
2255 4308 2352 4359 Sed
2391 4323 2455 4359 ex
2491 4312 2646 4362 tantis

116 4382 509 4446 corruptionibus
528 4386 775 4448 tantaque
794 4383 1001 4435 licentia
1018 4383 1403 4435 contaminandi
1420 4385 1724 4449 Scripturas,
1741 4399 1912 4435 annon
1933 4384 2342 4438 vei-simillimum
2361 4393 2456 4450 est,
2473 4391 2646 4455 plures

118 4472 297 4511 errores
322 4475 385 4512 ac
410 4462 540 4512 vitis
566 4462 621 4513 in
652 4476 861 4527 graecos
891 4464 1095 4516 codices
1128 4463 1191 4514 ad
1221 4466 1449 4515 nostram
1482 4476 1650 4529 usque
1684 4468 1902 4516 aetatem
1929 4469 2194 4516 manasse?
2218 4467 2423 4519 Inutilis
2458 4473 2536 4520 est
2562 4469 2642 4520 di-

122 4540 364 4603 sceptatio,
396 4540 489 4593 ubi
516 4541 708 4593 sactum
736 4541 969 4607 loquitur
996 4558 1041 4594 n.
