3050 5184
445 340 517 383 nn
556 338 1012 384 cruori-iconum
1054 337 1672 385 courmmcrtomnus
1713 339 2176 387 areanum-iaus.
2464 327 2580 387 497

83 470 361 526 sitationem
390 470 587 542 Ioseph
616 469 853 538 (Manli.
889 470 1168 542 lna-24),
1200 485 1369 541 quam
1404 486 1473 528 ex
1500 470 1696 528 ordine
1733 482 2040 544 sequuntur
2075 472 2330 531 nativitas
2360 474 2582 530 Ioannis

84 558 131 610 B.
161 559 299 625 (Luc.
333 561 598 630 1,57-80),
619 559 725 615 iter
742 557 1211 614 bethlehemicum
1240 562 1396 624 (Luc.
1426 560 1628 630 2‚1-5)‚
1653 560 1912 616 nativitas
1934 562 2160 617 Domini
2187 561 2429 628 (Mateta.
2456 567 2579 632 135

80 655 123 698 et
142 649 257 700 Luc.
286 651 399 714 2‚6.
436 647 513 718 7),
540 644 789 702 adoratio
828 653 1111 716 pastorum
1139 650 1296 711 (Luc.
1326 651 1576 715 2‚8·2o),
1607 647 1949 703 circumcisio
1987 647 2227 716 (Manli.
2261 653 2415 716 1,25;
2444 653 2573 704 Luc.

81 734 220 802 221).
248 732 458 789 Deinde
485 749 629 805 pone
656 731 1093 805 purificationem
1116 733 1357 804 Virginis
1380 737 1542 800 (Luc.
1567 739 1842 804 2,22-38);
1873 751 1905 791 e
1924 736 2134 807 templo
2164 744 2349 791 autem
2383 736 2577 808 Ioseph

80 829 125 873 et
139 821 296 876 Maria
320 836 449 876 cum
474 819 646 877 filiolo
664 820 941 878 Nazareth
961 820 1385 891 proficiscuntur
1413 821 1564 892 (Luc.
1597 827 1792 892 2‚39.),
1813 831 1876 877 ut
1893 822 2059 878 rebus
2085 823 2198 880 suis
2217 823 2330 879 illic
2349 838 2581 894 compo-

80 908 173 962 sitis
192 908 243 962 in
264 908 587 964 Bethlehem
626 917 975 965 revertantur
996 909 1184 979 ibique
1224 907 1411 970 sedem
1448 924 1606 964 suam
1648 909 1840 982 figant.
1883 909 2302 966 Bethlehemum
2329 925 2580 966 reversos

84 995 329 1052 inveniunt
356 996 503 1068 Magi
528 996 761 1063 (Mattlc.
787 996 1016 1067 2142),
1047 1005 1171 1067 post
1192 1011 1430 1068 quorum
1459 997 1762 1054 discessum
1791 998 2035 1054 monitus
2062 998 2131 1054 ab
2155 998 2353 1071 angelo
2377 997 2578 1069 loseph

84 1098 182 1138 cum
208 1097 371 1154 puero
393 1092 453 1140 et
477 1092 657 1140 matre
684 1084 805 1139 eius
828 1083 967 1156 sugit
992 1084 1051 1139 in
1078 1088 1391 1157 Aegyptum
1416 1083 1648 1155 (Macte.
1677 1087 1960 1156 2‚13-18);
1989 1094 2112 1157 post
2139 1093 2376 1140 mortem
2407 1087 2580 1140 Hero·

83 1169 217 1225 disin
237 1171 605 1228 Palaestinam
631 1171 836 1228 reversi
881 1171 1145 1228 secedunt
1179 1173 1237 1227 in
1264 1172 1546 1228 Nazareth
1573 1172 1804 1238 (Manli.
1853 1177 2128 1242 zio-23),
2159 1173 2309 1229 unde
2354 1172 2580 1228 demum

88 1260 205 1312 lesus
219 1257 509 1315 duodecim
536 1273 713 1314 annos
732 1268 894 1315 natus
922 1275 1051 1315 cum
1078 1259 1401 1330 parentibus
1419 1258 1491 1314 ad
1510 1260 1780 1331 templum
1805 1259 2055 1316 ascendit
2079 1263 2230 1330 (Luc.
2253 1266 2384 1329 22⁴⁰
2407 1265 2576 1332 sqq.).

86 1345 151 1399 llli
171 1347 263 1402 soli
286 1347 346 1401 in
388 1346 477 1403 his
504 1346 911 1403 narrationibus
950 1347 1240 1402 inveniunt
1273 1345 1693 1412 difficultatem,
1727 1347 1824 1419 qui
1865 1356 1961 1404 aut
2002 1349 2198 1420 Magos
2239 1349 2426 1404 statim
2456 1355 2580 1419 post

86 1433 385 1492 nativitatem
405 1435 631 1491 Domini
650 1433 939 1491 advenisse
956 1442 1184 1490 censent
1199 1477 1214 1502 ‚
1240 1443 1335 1490 aut
1356 1435 1416 1490 in
1443 1439 1577 1490 Luc.
1598 1440 1744 1504 2³9.
1770 1441 1841 1490 40
1859 1434 1934 1491 ad
1951 1435 2332 1506 Evangelistae
2349 1434 2580 1492 modum

85 1521 303 1578 narrandi
328 1539 444 1579 non
471 1520 788 1578 attendunt.
818 1523 1013 1594 Magos
1040 1529 1229 1578 autem
1254 1537 1367 1577 uno
1394 1521 1616 1578 circiter
1641 1537 1795 1578 anno
1823 1531 1950 1595 post
1975 1523 2197 1578 Domini
2235 1521 2580 1578 nativitatem

86 1607 281 1678 venisse,
312 1610 665 1666 communior
690 1609 797 1665 suit
822 1611 1083 1680 antiquae
1122 1609 1400 1665 Ecclesiae
1446 1609 1700 1680 traditio,
1735 1625 1878 1682 quae
1921 1611 2284 1666 confirmatur
2327 1619 2578 1681 tempore

83 1697 401 1766 apparitionis
426 1698 623 1754 stellae
650 1697 881 1768 (Matth.
908 1703 1023 1766 2‚7.
1054 1701 1159 1764 16).
1192 1699 1367 1752 Porro
1392 1697 1442 1752 is
1475 1705 1560 1752 est
1582 1699 1639 1754 S.
1671 1698 1854 1754 Lucae
1879 1697 2078 1754 modus
2105 1697 2398 1763 narrandi,
2424 1705 2486 1752 ut
2508 1695 2578 1753 ab

84 1799 167 1840 uuo
190 1783 327 1842 facto
362 1785 437 1842 ad
473 1786 714 1851 alterum
749 1782 1033 1841 interdum
1057 1792 1305 1840 transeat
1330 1786 1602 1855 temporis
1635 1784 1956 1850 intervallo,
1989 1801 2100 1856 qno
2129 1784 2401 1841 disiuncta
2428 1792 2577 1850 sunt,

83 1887 168 1926 non
185 1871 437 1930 indicato.
467 1872 578 1942 Qui
604 1872 677 1930 ad
704 1872 853 1929 hunc
880 1871 1113 1928 modum
1137 1887 1253 1927 non
1276 1871 1591 1940 attenderit,
1620 1873 1925 1928 Dominum
1951 1871 2164 1946 putabit
2185 1888 2254 1928 ex
2278 1872 2580 1930 coenaculo

84 1958 125 2012 in
152 1962 351 2016 coelum
378 1959 697 2018 ascendisse
724 1961 875 2027 (Act.
909 1964 1105 2029 1‚4·9)‚
1130 1968 1229 2015 aut
1254 1973 1383 2016 eum
1408 1960 1530 2031 ipso
1560 1960 1978 2016 resurrectionis
2014 1959 2101 2016 die
2139 1960 2197 2014 in
2219 1960 2436 2016 coelum
2459 1975 2580 2016 esse

82 2047 315 2106 elevatum
342 2053 503 2116 (Luc.
543 2053 843 2118 24‚36-53)‚
875 2056 973 2104 aut
995 2045 1491 2104 contradictionem
1518 2047 1664 2103 inter
1682 2049 1810 2104 Act.
1841 2052 2072 2117 9,19-23
2102 2055 2158 2102 et
2188 2047 2328 2103 Gal.
2355 2053 2580 2115 1‚15-18

84 2142 276 2202 statuet,
306 2135 563 2208 quamvis
609 2136 681 2192 sit
721 2137 883 2207 plena
911 2134 1303 2200 consonantia,
1336 2149 1510 2206 quum
1537 2135 1704 2190 etiam
1745 2137 1924 2190 Lucas
1951 2134 2230 2206 duplicem
2266 2151 2578 2192 commora-

82 2221 252 2279 tionem
278 2224 671 2280 damascenam
698 2222 1001 2296 distinguat
1028 2226 1184 2291 (Act.
1226 2227 1355 2289 9,19
1384 2242 1407 2273 ι
1441 2237 1648 2293 paucos
1675 2221 1795 2278 dies
1828 2243 1854 2274 a
1887 2229 2016 2296 933
2052 2243 2077 2274 α
2108 2221 2227 2278 dies
2257 2223 2463 2278 multos
2494 2223 2576 2294 ¹>)3

84 2307 239 2365 eadem
263 2309 430 2384 igitur
452 2311 697 2380 ratione,
729 2325 839 2382 qua
868 2309 1013 2365 inter
1048 2314 1179 2366 Act.
1210 2314 1334 2378 9‚21
1370 2317 1426 2365 et
1466 2315 1535 2364 22
1563 2309 1921 2366 inserendum
1957 2319 2040 2366 est
2068 2310 2174 2366 iter
2213 2310 2368 2366 Pauli
2397 2309 2576 2366 arabi-

82 2411 183 2452 cum
200 2399 350 2464 (Gal.
383 2398 557 2470 1‚17)‚
586 2399 731 2454 inter
758 2400 893 2454 Luc.
923 2401 1055 2468 2,39
1083 2406 1139 2453 et
1159 2402 1231 2453 40
1255 2396 1550 2452 inserenda
1577 2405 1724 2466 sunt,
1753 2411 1894 2468 quae
1920 2395 2094 2454 tradit
2118 2398 2332 2454 Mattio.
2363 2401 2576 2466 2‚1·23.

1078 2741 1375 2808 CAPUT
1420 2740 1552 2806 ΙΙΙ.

140 2981 220 3034 DE
256 2983 558 3044 QUARTO
596 2980 1021 3035 EVANGELIO
1062 2981 1385 3044 EIUSQUE
1425 2979 1579 3034 CUM
1620 2981 2059 3034 SYNOPTICIS
2091 2981 2504 3032 HARMONIA.

382 3199 426 3290 ἓ
453 3205 523 3266 ’1.
560 3237 649 3248 -
677 3201 772 3264 De
801 3195 1165 3286 Evanqelio
1204 3197 1278 3266 S.
1310 3196 1587 3265 Ioannis
1612 3197 1885 3264 seorsim
1915 3209 2234 3286 spectato.

476 3419 745 3478 Quamlo
772 3419 815 3466 Ι.
841 3444 905 3454 -
924 3417 999 3466 De
1026 3418 1075 3467 Β.
1102 3417 1303 3465 Ioannis
1334 3419 1566 3478 Apostoli
1591 3422 1642 3466 et
1661 3417 2008 3477 Evangelietae
2030 3418 2150 3466 vita.

146 3613 191 3670 l.
218 3613 376 3674 -S.
410 3615 707 3684 Ioannes,
738 3613 907 3672 filius
948 3591 1255 3671 Zebedaei
1300 3615 1365 3670 et
1404 3610 1715 3684 SalomeS,
1749 3627 1876 3670 una
1918 3627 2060 3670 cum
2099 3611 2377 3683 Audi-ea,
2415 3613 2582 3672 Petri

85 3705 265 3782 fratre,
296 3709 547 3770 Ioannis
574 3709 643 3768 B.
675 3707 1025 3786 discipulus
1053 3707 1247 3767 fuisse
1275 3705 1544 3779 videtur,
1579 3710 1920 3783 antequam
1951 3723 2093 3767 cum
2117 3708 2312 3768 fratre
2343 3725 2458 3768 suo
2486 3709 2580 3768 Ia-

86 3803 213 3863 cobo
248 3807 385 3866 Mai.
424 3804 693 3866 Domino
728 3821 863 3864 sese
902 3803 1287 3882 discipulum
1322 3801 1624 3862 adiunxit.
1669 3804 1838 3862 Inter
1871 3804 2206 3881 Apostolos
2247 3804 2584 3881 adoptatus

86 3913 202 3971 prae
234 3901 495 3980 reliquis
540 3901 835 3962 omnibus
871 3919 909 3960 a
949 3899 1218 3961 Domino
1261 3899 1637 3976 diligebatur
1669 3905 1732 3959 et
1769 3899 2000 3977 dignus
2039 3903 2136 3960 est
2163 3899 2448 3972 habituS,
2481 3902 2579 3960 cui

86 4001 315 4058 matrem
340 4015 523 4059 suam
552 3998 854 4058 Dominus
880 3997 1159 4058 moriens
1190 3995 1681 4056 commendaret.
1709 3997 1858 4056 Post
1877 3995 2147 4073 Spiritus
2167 3993 2229 4055 S.
2249 3995 2583 4056 adventum

84 4085 132 4146 S.
158 4091 403 4155 Ioannes
434 4110 578 4155 cum
618 4095 803 4155 Petro
846 4093 1081 4172 primas
1119 4096 1326 4171 partes
1355 4092 1421 4150 in
1451 4091 1769 4152 fundanda
1805 4091 2084 4152 Ecclesia
2115 4089 2363 4163 habuit,
2393 4092 2481 4152 ita
2516 4095 2584 4152 ut

86 4199 203 4248 cum
228 4191 406 4251 Petro
436 4194 501 4252 et
528 4191 747 4252 Iacobo
774 4189 954 4262 Min„
986 4189 1178 4250 fratre
1202 4187 1487 4264 Domini,
1520 4187 1688 4249 inter
1713 4210 1744 4242 «
1773 4188 2078 4248 columnas
2103 4187 2404 4246 Ecclesiae
2431 4210 2462 4243 »
2498 4186 2580 4248 sit

86 4291 415 4346 numeratus
442 4283 606 4364 (Gal.
638 4284 788 4366 29).

140 4396 441 4456 zebedaeus
468 4399 708 4470 piscator
736 4399 869 4456 satis
897 4397 1051 4454 dives
1074 4396 1241 4453 fuisse
1261 4397 1479 4454 videtur
1506 4400 1711 4465 (Marc.
1747 4401 1874 4463 1‚2o
1908 4415 1934 4446 α
1959 4409 2088 4452 cum
2115 4396 2470 4452 mercenariis
2497 4397 2576 4467 »);

86 4481 267 4540 salome
296 4496 481 4544 autem
508 4501 619 4542 una
648 4501 713 4542 cx
740 4485 841 4557 piis
870 4485 1195 4542 mulieribus
1227 4483 1359 4554 fuit,
1388 4501 1530 4557 quac
1557 4482 1860 4540 Dominum
1888 4483 1946 4538 in
1975 4483 2094 4538 eius
2123 4483 2579 4555 peregrinationi-

88 4566 169 4625 bus
187 4583 395 4630 secutae
424 4590 551 4630 cum
578 4575 643 4629 B.
679 4573 908 4640 Virgine
931 4573 1084 4630 iuxta
1113 4587 1337 4628 crucem
1358 4580 1634 4628 steterunt
1656 4579 1712 4626 et
1741 4578 1930 4641 postea
1961 4571 2200 4642 primum
2229 4571 2582 4628 resurrectio·

88 4655 417 4719 nisnuntium
442 4660 513 4718 ab
543 4662 737 4735 angelo
779 4669 1106 4732 receperunt
1135 4662 1341 4728 (Mare.
1376 4665 1544 4728 15‚40
1569 4675 1686 4732 sq.;
1722 4657 1890 4730 16‚1).
1934 4659 1991 4716 S.
2024 4661 2290 4716 Ioannem
2313 4675 2488 4718 unum
2513 4675 2580 4718 ex

803 4757 1057 4807 connum
1092 4758 1367 4808 courmn.
1400 4757 1625 4806 nemon.
1662 4781 1722 4792 -
1755 4757 1831 4806 82.
