3050 5184
357 272 474 331 382
555 288 630 331 DE
655 290 789 334 vm.
822 290 1072 335 TESTAM.
1106 292 1295 335 unfus
1336 291 1744 337 Pnol’fln'rlcls.
1790 308 1870 319 -·
1912 290 2042 335 CAP.
2079 291 2152 334 11.
2183 290 2258 333 DE
2285 290 2622 335 morat-:ria
2657 288 2844 331 Issus.

356 417 653 491 diversum,
684 420 1032 496 eundemque
1068 423 1275 496 stylum
1309 439 1422 479 non
1458 424 1756 480 convenire
1785 423 2252 494 increpationibus
2291 422 2485 493 prioris
2521 420 2683 493 partis
2711 428 2850 491 atque

358 509 821 567 consolationibus
857 512 1102 568 alteriuS.
1130 512 1425 583 Linquam
1453 528 1584 567 vero
1619 511 1906 584 utriusque
1939 511 2109 583 partis
2135 510 2410 567 diversam
2443 524 2588 577 esse,
2609 508 2855 563 immerito

360 596 623 653 obiiciunt
665 598 989 669 adversarii,
1036 599 1160 661 ἅπαξ
1203 599 1455 671 λεγόμενα
1494 600 1554 655 ἰιι
1598 600 1855 657 omnibus
1897 600 2145 671 partibus
2189 598 2559 671 reperiuntur,
2603 606 2759 668 atque
2798 593 2854 649 ad

357 684 591 741 isaianos
636 685 945 744 idiotismos
982 704 1203 762 quoque
1242 688 1525 745 attendere
1553 688 1787 756 debent,
1819 689 1866 743 si
1903 704 1970 743 ex
2005 687 2192 761 lingua
2231 686 2302 745 de
2338 686 2566 742 alicuius
2601 684 2858 757 pericopae

359 773 641 831 authentia
670 775 915 832 iudicare
942 776 1134 835 volunt
1148 777 1189 831 ¹.

435 900 494 958 3.
528 932 605 943 ——·
645 898 951 971 Quoniam
980 899 1128 960 libri
1168 901 1345 981 origo
1374 879 1471 962 est
1508 900 1742 962 sactum
1781 899 2190 973 historicum,
2222 898 2485 961 historia
2514 896 2862 977 praeprimis

360 996 799 1073 interroganda
827 1002 953 1070 est,
984 996 1135 1075 quid
1165 997 1244 1057 de
1274 998 1385 1061 illa
1404 997 1651 1061 referat.
1686 997 1874 1076 Atqui
1905 1002 2197 1058 constans
2224 996 2482 1057 traditio
2511 994 2658 1055 inde
2679 994 2754 1055 ab
2777 1010 2864 1053 an-

360 1092 734 1169 tiquissimis
767 1093 1159 1170 temporibus
1202 1094 1417 1155 omnia
1457 1094 1781 1166 vaticinia,
1821 1111 1978 1172 quae
2021 1092 2210 1154 hodie
2239 1093 2307 1153 in
2337 1092 2533 1154 Isaiae
2573 1089 2865 1152 volumine

360 1189 671 1265 leguntur,
699 1189 895 1251 Isaiae
927 1190 1059 1250 filio
1088 1194 1278 1251 Amos
1294 1238 1308 1265 ‚
1337 1191 1444 1269 qui
1466 1194 1755 1271 tempore
1779 1191 2080 1251 Ezechiae
2106 1190 2289 1263 vixit,
2315 1189 2560 1251 auctori
2581 1186 2862 1248 attribuit.

428 1305 625 1359 Aetate
663 1303 887 1359 Domini
929 1304 999 1361 N.
1032 1305 1283 1361 vaticinia
1302 1347 1317 1374 ,
1350 1319 1492 1377 quae
1533 1304 1706 1361 hodie
1739 1320 1772 1363 a
1812 1304 2166 1361 rationalistis
2193 1303 2364 1361 Isaiae
2397 1301 2795 1369 abiudicantur,
2819 1300 2868 1353 in

362 1390 534 1447 Isaiae
564 1390 838 1447 volumine
864 1390 1105 1447 adfuisse
1130 1400 1345 1448 constat
1369 1408 1437 1448 ex
1459 1396 1590 1448 Act.
1617 1399 1765 1461 8:28.
1789 1399 1858 1451 82
1885 1408 2007 1465 sqq.
2041 1391 2141 1459 (cfr
2167 1394 2243 1448 Is.
2273 1390 2418 1463 58.),
2449 1394 2588 1446 Luc.
2618 1395 2744 1457 4,ss
2759 1403 2868 1459 sqq.

362 1478 481 1550 (cfr.
520 1482 600 1535 Is.
644 1484 786 1548 61.);
817 1479 875 1535 in
914 1495 1115 1553 genere
1156 1489 1281 1536 octo
1318 1479 1736 1553 allegationibus
1778 1496 1844 1537 ex
1887 1479 2126 1539 secunda
2167 1488 2325 1552 parte
2364 1477 2630 1535 desumtis
2672 1474 2870 1533 additur

360 1583 559 1624 nomen
598 1566 786 1623 Isaiae.
831 1567 1060 1624 Duobus
1104 1568 1337 1624 saeculis
1382 1576 1542 1624 antea
1583 1568 1996 1625 Ecclesiasticus
2039 1570 2225 1639 (4835
2271 1568 2414 1639 sqq.)
2464 1566 2640 1622 Isaiae
2689 1564 2870 1621 librum

360 1656 432 1711 ita
452 1655 729 1725 describit,
754 1664 817 1711 ut
839 1655 1091 1712 vaticinia
1116 1656 1314 1713 reiecta
1332 1656 1389 1712 in
1413 1672 1479 1712 eo
1508 1654 1674 1713 fuisse
1694 1672 1886 1713 omnes
1909 1655 2245 1725 concedant;
2277 1666 2444 1728 atque
2470 1655 2644 1711 etiam
2670 1660 2724 1711 8.
2744 1668 2867 1710 saec.

358 1760 409 1799 a.
450 1743 603 1809 Chr„
639 1760 809 1815 quum
857 1759 1052 1817 graeca
1091 1746 1267 1799 versio
1304 1745 1687 1814 adornaretur,
1721 1744 1977 1801 vaticinia
2017 1744 2128 1801 iam
2173 1744 2358 1801 omnia
2405 1742 2582 1800 Isaiae
2629 1740 2872 1799 atu-ibuta

356 1847 477 1887 esse
492 1873 506 1897 ‚
537 1832 640 1903 ipsi
675 1830 977 1889 adversarii
1020 1830 1279 1889 fatentur.
1318 1831 1485 1889 Unde
1522 1832 1932 1902 concludimus,
1979 1832 2146 1889 etiam
2189 1831 2396 1889 Esdrae
2432 1839 2643 1901 aetate,
2671 1826 2874 1904 quando

362 1918 483 1976 libri
512 1918 655 1975 sacri
682 1920 897 1975 collecti
920 1929 1067 1990 sunt,
1090 1920 1264 1977 isaiae
1287 1920 1548 1978 volumen
1573 1921 1789 1987 eadem,
1811 1937 1920 1994 qua
1947 1920 2134 1991 hodie,
2159 1919 2339 1977 forma
2365 1918 2660 1977 exstitisse.
2687 1917 2873 1974 Adver-

360 2007 647 2064 sariorium
678 2008 843 2079 igitur
872 2023 1019 2065 nunc
1046 2017 1157 2077 est,
1182 2008 1485 2080 explicare,
1517 2009 1799 2082 quomodo
1842 2009 2049 2065 facmm
2093 2009 2164 2065 sit
2201 2009 2282 2079 a.)
2329 2016 2391 2062 ut
2435 2006 2721 2076 vaticinia,
2751 2020 2874 2078 quae

360 2096 543 2169 paullo
572 2104 699 2151 ante
728 2094 959 2153 Esdram
998 2105 1186 2154 exorta
1225 2112 1343 2153 esse
1380 2097 1597 2166 dicunt,
1635 2097 1747 2154 iam
1775 2096 1981 2153 Esdrae
2009 2105 2190 2153 aetate
2216 2112 2344 2152 cum
2372 2096 2536 2169 longe
2573 2091 2876 2167 antiquioris

361 2183 661 2256 prophetae
689 2182 947 2256 operibus
974 2184 1082 2241 sint
1109 2184 1432 2256 coniuncta,
1472 2184 1553 2254 b.)
1577 2194 1641 2241 ut
1676 2185 1861 2241 eximii
1890 2184 2051 2241 huius
2077 2184 2407 2257 prophetae,
2437 2184 2528 2240 cui
2565 2184 2644 2241 Is.
2675 2188 2873 2241 40.-66.

362 2272 579 2343 aliaque
608 2271 857 2327 vaticinia
889 2272 1064 2329 Isaiae
1092 2272 1396 2329 abiudicata
1425 2272 1750 2344 debeantur,
1781 2288 1986 2329 nomen
2014 2271 2278 2329 oblivioni
2310 2287 2538 2344 prorsus
2569 2274 2644 2328 sit
2671 2270 2872 2335 danim,

361 2359 487 2440 lieet
506 2358 827 2416 brevissima
855 2358 1067 2417 Abdiae
1094 2368 1199 2417 etc.
1232 2378 1398 2433 opera
1426 2361 1653 2417 nomina
1677 2370 1966 2438 auctorum
1992 2376 2220 2417 suorum
2247 2362 2715 2417 conservaverint.

292 2556 299 2569 .
440 2484 786 2546 Traditioni
828 2485 1262 2547 testimonium
1303 2486 1742 2565 gravissimum
1770 2486 2015 2547 accedit
2043 2486 2298 2547 illorum
2336 2484 2794 2563 prophetarum
2821 2486 2877 2541 et

360 2582 736 2659 scriptorum
753 2598 1073 2643 sacrorum
1088 2630 1103 2657 ,
1122 2583 1233 2661 qui
1259 2583 1519 2643 ineunte
1542 2582 1766 2644 exsilio
1790 2586 1897 2645 aut
1916 2588 2059 2643 ante
2080 2582 2239 2643 illud
2264 2582 2548 2643 viventes
2568 2582 2874 2659 integrum

359 2683 643 2740 nostrum
672 2678 906 2739 librum
938 2679 1065 2739 iam
1094 2697 1243 2757 prae
1273 2680 1469 2741 oculis
1497 2679 1854 2743 habuerunt
1877 2684 2066 2757 atque
2095 2696 2172 2740 ex
2198 2679 2325 2739 illis
2349 2678 2699 2753 vaticiniis,
2732 2692 2876 2754 quae

358 2776 747 2847 reficiuntur,
777 2776 1081 2837 nonnulla
1110 2778 1378 2838 mutuati
1404 2782 1570 2837 sunt.

426 2889 631 2945 Esdrae
656 2897 935 2961 tempore,
968 2888 1193 2961 quando
1214 2890 1419 2962 scripta
1440 2899 1571 2946 sunt
1597 2890 2044 2962 Paralipomena‚
2073 2890 2420 2946 narrationes
2447 2887 2517 2944 de
2539 2888 2877 2961 expeditione

356 2976 759 3045 Sennacherib,
791 2976 861 3032 de
887 2975 1084 3033 morbo
1110 2986 1165 3033 et
1184 2979 1468 3035 sanatione
1496 2978 1794 3046 Ezechiae,
1827 2976 1896 3034 de
1925 2978 2198 3051 legatione
2225 2976 2524 3034 Merodach
2553 2976 2802 3033 Baladan
2826 2974 2877 3029 in

357 3066 525 3134 libre,
576 3065 670 3137 qui
712 3064 907 3120 eodem
948 3065 1111 3121 titulo
1127 3108 1141 3134 ,
1191 3081 1300 3137 quo
1342 3074 1547 3133 noster,
1598 3066 1984 3139 appellabatur
2033 3066 2202 3122 Visio
2243 3066 2474 3134 Isaiae,
2515 3063 2642 3135 filit·
2681 3068 2876 3124 Amos,

348 3150 681 3225 prophetae
708 3152 756 3223 (2
781 3152 991 3208 Paral.
1024 3159 1224 3223 ³²32),
1251 3152 1360 3219 iam
1388 3154 1620 3209 aderant
1645 3153 1842 3210 eodem
1870 3153 2062 3209 ordine
2089 3152 2480 3225 chronologico
2507 3152 2752 3221 inverso,
2779 3166 2877 3222 quo

355 3240 411 3293 in
436 3248 627 3296 nostro
655 3237 820 3295 hodie
848 3248 1067 3297 exstant
1094 3240 1147 3313 (S
1172 3249 1227 3298 4.
1258 3258 1315 3301 n.
1346 3248 1401 3298 2.
1433 3258 1488 3314 p.
1520 3242 1664 3313 373).
1697 3242 1874 3299 Immo
1905 3240 2100 3297 eadem
2137 3240 2345 3298 ordinis
2377 3240 2619 3297 inversio
2655 3242 2768 3297 iam
2799 3239 2878 3293 in·

356 3327 573 3383 venitur
597 3328 655 3383 in
682 3334 717 3384 4
744 3332 878 3399 Req.
914 3332 1296 3399 1s,18-20‚19,
1329 3345 1439 3401 quo
1466 3330 1524 3385 in
1551 3331 1676 3386 loeo
1702 3330 2046 3386 narrationes
2069 3330 2204 3385 istae
2229 3328 2298 3386 ad
2325 3329 2551 3386 verbum
2583 3328 2703 3385 fere
2729 3342 2878 3399 repe·

354 3422 567 3470 tuntur.
598 3415 1007 3471 concludamus
1030 3416 1203 3489 igitur
1232 3426 1477 3489 oportet,
1508 3426 1790 3475 auctorem
1819 3417 2085 3473 librorum
2123 3418 2367 3491 Regum.
2399 3432 2564 3488 quem
2593 3416 2878 3473 Ieremiam

355 3518 475 3558 esse
496 3501 869 3575 probabilibus
894 3496 1232 3577 argumentis
1248 3506 1594 3561 ostendimus
1617 3501 1800 3573 (Diss.
1817 3508 1914 3561 IV.
1939 3506 1969 3579 ξ
1991 3510 2080 3561 23.
2114 3512 2146 3561 3
2169 3522 2223 3578 p.
2255 3506 2378 3577 225)
2406 3520 2687 3578 quemque
2707 3502 2878 3561 medio

355 3591 573 3647 circiter
602 3591 793 3647 exsilio
822 3607 960 3663 opus
987 3608 1150 3650 suum
1175 3594 1499 3651 terminasse
1531 3602 1771 3664 constat,
1800 3593 1953 3650 illam
1979 3594 2357 3650 narrationum
2385 3592 2803 3665 dispositionem
2826 3591 2878 3645 in

354 3678 494 3735 libro
523 3679 700 3736 Isaiae
728 3679 1003 3735 invenisse
1028 3679 1265 3753 ideoque
1292 3698 1416 3739 eam
1452 3682 1762 3754 adoptasse.
1784 3712 1855 3725 —
1873 3684 2046 3737 Porro
2075 3697 2141 3737 ex
2168 3680 2311 3737 infra
2339 3678 2584 3737 dicendis
2615 3679 2694 3754 (55
2717 3685 2771 3737 9.
2799 3695 2873 3745 n.;

416 3802 481 3865 (¹)
514 3800 767 3853 vocabula
789 3802 1127 3867 phrasesque‚
1160 3818 1289 3868 quae
1312 3820 1342 3855 a
1370 3805 1480 3855 solo
1512 3806 1640 3855 Isaia
1667 3802 1993 3863 adhibentur,
2023 3806 2369 3868 septuaqinta
2395 3806 2594 3868 septem
2623 3802 2873 3854 numerari

354 3880 599 3931 dicuntur
624 3882 678 3931 in
712 3886 881 3932 1.—12.
922 3886 975 3932 et
1005 3884 1277 3946 octoyinta
1308 3884 1361 3934 in
1400 3884 1670 3935 duodecim
1707 3884 1819 3935 aliis
1846 3882 2122 3947 capitibus,
2149 3896 2282 3948 quae
2317 3898 2347 3933 a
2383 3883 2640 3947 plerisque
2669 3881 2877 3947 genuina

354 3960 607 4012 habentur
634 3960 883 4025 (17.-20.;
913 3965 1273 4023 21‚11·23,18;
1304 3968 1381 4013 28.
1398 3964 1551 4027 -33.),
1587 3964 1936 4027 septuaqinta
1963 3976 2153 4013 novem
2181 3963 2235 4013 in
2261 3962 2422 4013 altera
2447 3966 2594 4026 parte
2617 3962 2873 4025 (mam).

354 4044 415 4090 ut
436 4041 677 4104 pauciora
704 4041 809 4091 sint
832 4040 959 4099 ἅπαξ
978 4042 1215 4105 λιγὸμινα
1240 4042 1296 4093 in
1328 4044 1556 4104 reiectis,
1585 4056 1740 4107 quam
1771 4041 1824 4091 in
1852 4042 2067 4093 retentis
2089 4040 2359 4106 capitibus.
2389 4068 2452 4079 -
2476 4044 2534 4091 ln
2563 4041 2676 4091 solo
2707 4053 2786 4105 cp.
2813 4044 2872 4095 1..

353 4120 492 4183 quod
520 4134 695 4171 omnes
718 4120 877 4171 Isaiae
899 4118 1163 4181 tribuunt,
1188 4121 1552 4187 quadruvium
1574 4123 1811 4187 quinque
1833 4120 2079 4171 vocabula
2100 4124 2151 4171 et
2173 4121 2364 4173 formae
2387 4120 2730 4184 reperiuntur,
2753 4131 2876 4183 quae

355 4199 407 4247 in
434 4197 557 4250 solis
585 4199 791 4249 reiectis
816 4198 1049 4263 parthns
1076 4200 1263 4250 iterum
1286 4199 1610 4253 adhibentur.
1636 4200 1796 4251 Isaiae
1821 4199 2029 4250 omnino
2054 4200 2316 4264 proprium
2338 4203 2416 4251 est
2435 4212 2619 4251 nomen
2648 4198 2874 4251 divinum

356 4279 585 4329 Sanetus
608 4280 803 4336 Israel,
830 4278 971 4342 quod
1003 4279 1115 4329 14¹0·
1139 4280 1191 4329 in
1223 4279 1461 4344 receptis,
1500 4280 1612 4330 15¹⁸·
1639 4279 1694 4329 in
1727 4278 1926 4329 reiectis
1953 4279 2200 4343 pericopis
2227 4278 2430 4342 legitur,
2464 4279 2517 4328 in
2545 4281 2657 4330 toto
2685 4277 2876 4342 reliquo

354 4358 415 4408 V.
445 4360 503 4407 Τ.
535 4357 800 4408 dumtaxat
828 4357 927 4408 6¹⁸.
953 4358 1206 4410 vaticinia
1232 4359 1590 4423 praecedentia
1619 4358 1989 4419 confirmantur
2019 4358 2238 4409 formula
2269 4376 2281 4407 :
2313 4372 2371 4409 os
2401 4360 2615 4409 Domini
2640 4358 2872 4409 locutum

356 4440 433 4487 est
459 4438 511 4486 in
540 4438 757 4500 receptis
789 4455 801 4489 ς
840 4442 975 4499 1,20;
1008 4442 1177 4501 21,17;
1204 4444 1339 4499 2253
1370 4444 1499 4499 25,8,
1533 4437 1585 4488 in
1615 4438 1816 4488 reiectis
1852 4440 1989 4500 2433
2019 4441 2158 4499 40,5;
2194 4441 2364 4500 48,¹5;
2394 4465 2457 4474 —
2483 4436 2725 4488 vaticinia
2752 4434 2870 4485 afl'e-

356 4529 542 4575 runtur
570 4523 789 4575 formula
821 4544 832 4575 :
865 4528 943 4575 sic
972 4526 1113 4576 dixit
1136 4528 1397 4577 Dominus
1421 4523 1578 4585 (ΠἹΠἿ
1607 4520 1778 4585 dnm)
1812 4526 1866 4577 in
1887 4526 2102 4589 receptis
2130 4525 2260 4587 ¹2¹⁸·‚
2292 4524 2346 4575 in
2373 4527 2570 4576 reiectis
2598 4524 2741 4583 24¹·;
2763 4536 2870 4574 eae·

354 4602 467 4655 dem
488 4603 671 4655 deinde
694 4602 1053 4655 similitudines
1068 4643 1079 4665 ,
1101 4606 1501 4670 comparationes
1516 4644 1527 4665 ‚
1545 4606 1732 4671 figurae
1752 4609 1846 4657 etc.
1870 4606 1921 4655 in
1943 4606 2171 4670 utrisque
2187 4604 2418 4671 partibus
2437 4604 2748 4657 adhibentur
2766 4606 2856 4654 etc.
