3050 5184
363 282 484 340 234
568 298 642 340 m:
685 297 822 341 vm.
869 297 1122 341 rasum.
1167 297 1360 342 umus
1402 298 1749 342 ins-romeis,
1796 314 1875 324 —-
1916 298 2046 341 mr.
2093 299 2179 341 111.
2234 297 2309 341 ns
2350 297 2523 340 niano
2562 294 2836 339 romemt-

365 435 558 480 auctor
582 427 734 484 testis
763 425 875 484 fere
906 425 1085 483 fuerat
1111 427 1383 498 aequalis3
1417 427 1613 500 Iephte
1636 428 1787 484 enim
1821 437 1877 484 et
1902 431 2137 485 Samson
2164 426 2424 500 aequales
2462 427 2687 482 fuerunt
2720 439 2903 480 sacer·

367 512 510 569 dotis
535 515 660 570 Heli
689 530 755 570 ac
788 515 950 586 proin
977 531 1242 586 suppares
1276 515 1563 572 Samuelis
1591 545 1664 558 -
1688 518 1990 572 Auctorem
2027 531 2231 587 magna
2262 529 2484 586 quoque
2520 527 2649 568 cum
2684 512 2903 568 sinceri-

366 609 480 656 tate
510 601 752 658 fontibus
779 619 898 658 esse
922 618 1101 669 usum,
1135 603 1294 663 facile
1321 602 1608 670 concedet,
1638 602 1735 676 qui
1758 603 1826 660 ad
1854 605 1971 660 eius
1994 603 2224 659 modum
2251 599 2517 658 narrandi
2544 601 2902 656 attentionem

366 688 714 746 converterit.
743 690 796 746 Si
821 690 1027 763 tingere
1050 691 1329 760 voluisset,
1361 707 1451 746 res
1476 692 1825 764 gravissimas
1852 691 2055 746 multas
2088 705 2201 748 non
2226 698 2345 746 tam
2376 689 2568 761 paucis
2595 686 2780 742 verbis
2808 686 2903 742 ab·

367 777 638 832 solvisset.
675 777 930 844 Othniel,
957 781 1170 850 primus
1208 778 1410 848 Iudex,
1442 778 1673 858 victoria
1710 795 1808 835 sua
1850 778 2217 852 quadraginta
2242 793 2419 834 annos
2458 776 2668 848 requiei
2701 774 2906 847 populo

367 874 789 934 procuraverat,
831 865 928 922 sed
967 875 1206 938 quatuor
1236 866 1486 922 versibus
1526 875 1721 923 auctor
1762 868 2205 939 oppressionem,
2235 865 2667 936 poenitentiam,
2708 861 2907 918 libera-

365 953 606 1014 tionem,
645 953 887 1024 quietem
919 964 1127 1010 narrat.
1169 957 1341 1011 Porro
1369 971 1461 1024 ea,
1499 971 1641 1026 quae
1684 954 1754 1010 de
1791 954 2132 1022 idololatria,
2162 952 2518 1026 corruptione
2544 966 2802 1016 morum,
2832 949 2909 1004 in·

364 1040 538 1095 ternis
571 1040 806 1099 dissidiis
843 1051 1060 1110 narrat,
1099 1042 1279 1098 virum
1307 1041 1635 1111 ostendunt,
1676 1042 1774 1114 qui
1816 1043 2019 1114 populo
2062 1058 2163 1098 suo
2204 1040 2447 1098 blandiri
2488 1039 2692 1106 noluit;
2742 1047 2909 1108 atque

369 1127 521 1197 finis,
552 1144 718 1199 quem
756 1129 857 1186 sibi
897 1131 1206 1202 proposuit,
1232 1131 1502 1187 sinceram
1542 1132 1916 1186 narrationem
1946 1130 2271 1201 postulavit3
2323 1129 2467 1186 lictis
2512 1127 2661 1184 enim
2702 1124 2911 1182 fabulis

366 1223 463 1270 aut
487 1216 708 1272 incertis
735 1218 1050 1274 rumoribus
1077 1220 1343 1290 populum
1372 1219 1442 1275 ab
1471 1217 1785 1274 idololatria
1822 1227 1879 1275 et
1916 1217 2059 1274 vitiis
2099 1233 2202 1274 nec
2240 1233 2503 1274 revocare
2538 1230 2640 1272 nec
2668 1213 2909 1270 retinere

365 1303 572 1371 potuit,
602 1303 697 1359 sed
737 1305 845 1360 illis
871 1306 1166 1377 propositis
1184 1306 1402 1362 divinae
1423 1306 1661 1362 iustitiae
1684 1306 1877 1376 poenis
1900 1314 1956 1362 et
1979 1303 2390 1361 misericordiae
2414 1301 2693 1358 beneficiis
2708 1341 2727 1368 ,
2763 1314 2905 1372 quae

366 1389 624 1446 omnihus
652 1394 872 1464 cognita
901 1393 1236 1448 dubitationi
1262 1411 1376 1450 non
1403 1393 1789 1465 relinquebant
1813 1394 2018 1450 locum.

443 1563 502 1617 2.
527 1593 602 1602 --
625 1561 1000 1620 'Historicam
1018 1562 1294 1638 aliquam
1321 1562 1761 1622 auctoritatem
1790 1562 1952 1622 libro
1972 1561 2261 1622 Indicum
2290 1562 2647 1636 competere
2664 1601 2677 1626 ,
2705 1555 2905 1615 etiam

365 1655 793 1716 rationalistae
833 1673 958 1716 non
1005 1657 1188 1733 plane
1218 1661 1468 1734 negant,
1505 1656 1618 1718 sed
1647 1657 1981 1718 relationes
2022 1673 2165 1716 vere
2194 1656 2525 1716 historicas
2552 1653 2629 1712 ab
2669 1650 2903 1711 ultimo

364 1752 574 1828 operis
603 1751 924 1813 redactore
957 1753 1126 1813 iuxta
1156 1758 1401 1813 certum
1431 1753 1766 1813 consilium
1795 1757 2157 1813 retractatas
2189 1756 2585 1827 mutatasque
2616 1753 2681 1808 et
2718 1747 2903 1806 fabu-

365 1846 442 1906 lis
486 1848 738 1907 insertis
787 1847 1117 1926 corruptas
1161 1865 1297 1910 esse
1346 1849 1769 1921 contendunt;
1812 1849 2085 1909 maxime
2123 1852 2337 1908 autem
2376 1847 2454 1907 de
2490 1841 2901 1920 chronologia

363 1948 858 2022 conqueruntur,
907 1963 1095 2022 quam
1132 1945 1464 2006 artificiose
1514 1945 1733 2005 dicunt
1780 1946 2133 2013 confictam,
2189 1947 2378 2021 atque
2428 1942 2505 2002 de
2552 1957 2721 2000 nexu
2758 1938 2899 2000 reli-

362 2039 564 2118 gioso,
591 2058 719 2119 quo
743 2039 1044 2101 historica
1068 2057 1278 2102 rerum
1296 2041 1632 2102 auctoritas
1658 2041 2065 2101 adulteretur.
2088 2039 2565 2116 chronologiam
2582 2036 2743 2096 libri
2772 2052 2895 2094 non

364 2153 572 2196 carere
605 2137 970 2198 difficultate
1001 2136 1324 2198 fatendum
1352 2141 1477 2206 est,
1506 2141 1570 2197 at
1597 2137 1935 2197 artificiose
1974 2137 2241 2196 conficta
2268 2133 2584 2195 immerito
2626 2131 2893 2202 dicitur;

361 2249 556 2293 nexus
599 2250 847 2312 quoque
889 2234 1218 2312 religiosus
1266 2234 1333 2292 in
1377 2238 1510 2293 toto
1539 2233 1702 2293 libro
1731 2233 2062 2311 reperitur,
2093 2236 2159 2292 at
2200 2249 2343 2292 eum
2374 2229 2774 2290 mendaciter
2798 2226 2891 2286 vel

361 2329 683 2389 arbitrario
709 2331 896 2390 rebus
927 2347 1064 2390 esse
1095 2330 1494 2408 impositum,
1527 2330 1933 2389 falsissimum
1959 2334 2073 2389 est.

429 2473 512 2524 De
545 2469 770 2534 fabulis,
813 2485 950 2540 quas
984 2468 1126 2524 libro
1157 2469 1391 2526 insertas
1427 2468 1618 2525 dicunt
1649 2469 2047 2538 rationalistae‚
2074 2485 2187 2524 non
2213 2468 2536 2539 loquemur3
2559 2480 2693 2520 nam
2730 2464 2893 2521 fabu-

358 2560 538 2614 larum
570 2557 794 2612 nomine
819 2557 1135 2629 intelligunt
1169 2557 1434 2612 miracula
1463 2556 1533 2612 ab
1570 2565 1795 2611 auctore
1828 2557 2021 2611 relata.
2060 2585 2131 2596 -—
2156 2554 2465 2610 Difficultas
2497 2552 2890 2626 chronologica

359 2645 493 2700 haec
522 2652 619 2700 est.
655 2645 737 2700 Ab
766 2644 958 2700 Exodo
987 2661 1161 2716 usque
1189 2643 1261 2700 ad
1285 2645 1480 2715 templi
1509 2643 1951 2699 aedificationem
1976 2643 2047 2712 (4.
2076 2658 2220 2698 anno
2240 2641 2562 2710 Salomonis)
2584 2656 2893 2696 numeran-

355 2743 448 2788 tur
471 2740 576 2789 480
609 2733 736 2789 anni
767 2737 819 2800 (3
848 2737 982 2805 Req.
1009 2734 1153 2804 6,1);
1184 2741 1372 2789 noster
1399 2741 1588 2788 autem
1620 2731 1778 2799 liber,
1802 2729 1846 2784 si
1868 2745 2060 2786 omnes
2090 2731 2208 2784 eius
2226 2729 2445 2784 numeri
2472 2735 2889 2798 computantur,

355 2823 592 2893 spatium
621 2816 724 2877 390
761 2837 1036 2876 annorum
1063 2820 1469 2891 complectitur,
1499 2819 1696 2889 quibus
1728 2817 1773 2872 si
1796 2817 2079 2873 adduntur
2117 2817 2248 2872 anni
2286 2815 2777 2888 peregrinationiS,
2812 2817 2890 2870 Io-

354 2924 485 2965 suae
514 2917 570 2964 et
596 2907 876 2964 seniorum
913 2913 1064 2978 (2,7),
1098 2908 1254 2973 Heli,
1285 2907 1576 2976 Samuelis,
1606 2907 1815 2973 SauliS,
1848 2905 2097 2973 DavidiS‚
2128 2904 2252 2976 plus
2274 2909 2380 2959 600
2408 2903 2540 2959 anni
2580 2901 2651 2958 ab
2698 2900 2891 2958 Exodo

353 3013 528 3070 usque
551 2995 622 3053 ad
644 3003 696 3053 4.
731 3013 782 3052 a.
809 2996 1114 3052 Salomonis
1137 2996 1488 3052 effluxerunt.
1513 2993 1601 3049 Ad
1632 3010 1798 3065 quam
1818 2992 2203 3048 difficultatem
2229 2990 2614 3063 explicandam
2632 2989 2893 3046 moderni

357 3107 384 3136 α
410 3083 582 3142 critici
607 3105 632 3136 n
663 3083 809 3140 varia
835 3092 1145 3140 statuerunt
1171 3090 1468 3156 systemata
1485 3124 1500 3150 ‚
1525 3098 1667 3152 quae
1691 3083 1747 3137 in
1778 3097 1843 3136 co
1876 3079 1991 3136 sere
2018 3079 2373 3147 conveniunt,
2404 3076 2554 3151 quod
2584 3077 2892 3150 antiquitus

350 3183 600 3244 tempora
638 3171 1086 3240 generationibus
1121 3177 1192 3226 40
1233 3185 1508 3224 annorum
1536 3167 1763 3225 definita
1807 3183 1925 3224 esse
1963 3177 2238 3234 asserant;
2274 3165 2397 3222 ideo
2424 3167 2482 3221 in
2518 3174 2711 3220 nostro
2750 3165 2890 3221 libro

349 3259 581 3331 aliisque
606 3259 978 3331 chronologiis
1002 3257 1212 3314 biblicis
1237 3272 1533 3313 numerum
1561 3256 2059 3328 quadragenarium
2084 3263 2180 3310 aut
2208 3253 2325 3310 eius
2349 3253 2599 3323 multipla
2638 3261 2739 3307 aut
2775 3254 2891 3308 eius

351 3355 537 3418 partes
564 3349 821 3418 aequales
856 3347 1018 3402 toties
1047 3345 1247 3418 repeti;
1279 3345 1539 3400 ultimum
1580 3359 1705 3399 vero
1740 3342 1863 3398 libri
1894 3343 2069 3397 nostri
2096 3361 2119 3392 ι
2148 3341 2488 3396 redactorem
2516 3361 2566 3404 »,
2594 3341 2725 3410 quia
2756 3341 2889 3396 haec

346 3435 646 3508 ignoravit,
674 3435 810 3490 alios
839 3423 997 3488 simul
1025 3449 1304 3502 numerOS,
1330 3432 1422 3504 qui
1444 3447 1543 3487 nec
1567 3431 1819 3502 multipla
1842 3445 1945 3486 nec
1974 3437 2157 3500 partes
2187 3428 2441 3500 aequales
2465 3428 2889 3500 quadragenarii

349 3531 506 3592 sunt,
543 3537 608 3577 ex
638 3522 745 3578 alio
783 3520 933 3577 fonte
971 3520 1302 3577 desumsisse
1339 3519 1636 3590 omniaque
1670 3521 1747 3574 ita
1784 3517 2195 3589 permiscuisse,
2224 3525 2287 3572 ut
2326 3516 2537 3571 nullam
2575 3515 2747 3570 fidem
2774 3516 2890 3571 eius

346 3610 702 3682 chronologia
731 3619 1032 3664 mercatur.
1075 3615 1152 3665 At
1179 3617 1415 3677 temere,
1451 3607 1569 3662 sine
1612 3607 1725 3662 ullo
1774 3603 2133 3660 fundamento
2178 3603 2290 3658 sive
2334 3603 2731 3673 scriptun-istico
2777 3604 2887 3658 sive

345 3697 601 3771 profano,
625 3713 892 3753 numerus
916 3695 1386 3768 quadragenarius
1422 3694 1681 3750 statuitur
1704 3692 1971 3766 cyclicuS,
2000 3699 2167 3763 atque
2202 3699 2317 3747 tota
2342 3690 2619 3762 Scriptura
2652 3691 2883 3757 clamat,

345 3784 614 3844 eiusmodi
633 3801 927 3841 numerum
952 3784 1218 3857 cyclicum
1237 3783 1406 3839 sacris
1431 3782 1790 3852 scriptoribus
1812 3781 1977 3836 luisse
1996 3779 2354 3850 incognitum.
2373 3777 2686 3834 Difficultas
2704 3779 2888 3850 potius

345 3877 422 3932 ita
443 3885 526 3930 est
547 3873 806 3930 solvenda
823 3914 837 3941 ,
866 3883 928 3928 ut
948 3873 1244 3928 nonnullos
1264 3870 1483 3927 Iudices
1503 3868 1697 3925 eodem
1718 3878 1971 3939 tempore
1989 3866 2082 3922 sed
2104 3867 2163 3922 in
2182 3865 2410 3921 diversis
2428 3875 2609 3921 terrae
2641 3865 2887 3936 partibus

347 3977 578 4018 munere
605 3978 706 4016 suo
737 3961 958 4016 functos
979 3976 1100 4016 esse
1130 3959 1397 4014 dicamus,
1432 3957 1727 4028 Octoginta
1750 3955 1859 4010 illis
1891 3954 2076 4023 anniS,
2104 3954 2301 4025 quibus
2334 3961 2483 4008 terra
2511 3951 2885 4009 meridionalis

343 4055 468 4122 post
495 4049 863 4105 Moabitarum
901 4048 1118 4103 cladem
1151 4045 1356 4118 quievit
1395 4050 1583 4114 (3‚30)‚
1612 4042 1770 4100 labin
1796 4052 2001 4098 terram
2032 4041 2537 4112 septemtrionalem
2568 4041 2883 4112 opprimere

341 4139 548 4209 potuit,
575 4145 636 4192 ut
684 4137 781 4191 illa
826 4151 940 4190 non
968 4136 1072 4190 nisi
1117 4143 1238 4206 post
1277 4131 1571 4188 Debborae
1601 4131 1889 4186 victoriam
1930 4129 2168 4201 quietem
2208 4128 2573 4201 quadraginta
2602 4144 2879 4184 annorum

339 4224 642 4292 invenerit;
665 4224 947 4296 sexaginta
968 4223 1138 4293 igitur
1165 4221 1294 4277 anni
1319 4219 1599 4289 disparent
1620 4221 1752 4286 (4,3·,
1772 4223 1944 4285 5,31).
1972 4217 2238 4274 Similiter
2256 4216 2455 4273 eodem
2480 4224 2733 4288 tempore
2751 4223 2881 4272 Am·

337 4313 582 4368 monitae
599 4320 756 4366 trans
777 4311 1074 4366 Iordanem
1093 4317 1148 4365 et
1167 4307 1488 4362 Philisthaei
1506 4306 1585 4360 cis
1613 4303 1911 4361 Iordanem
1943 4306 2222 4361 Israelitas
2251 4313 2647 4376 oppresserunt
2670 4309 2873 4371 (10‚7);

341 4400 533 4470 Iephte
560 4399 747 4470 igitur,
775 4399 996 4454 Abesan
1011 4441 1024 4466 ‚
1047 4397 1288 4452 Abialon
1312 4402 1368 4450 et
1397 4393 1597 4450 Abdon
1620 4394 1879 4464 aequales
1906 4392 2133 4449 fuerunt
2151 4393 2435 4449 samsonis
2462 4400 2518 4448 et
2536 4393 2685 4458 Heli,
2712 4401 2879 4463 atque

341 4486 542 4540 iterum
560 4487 842 4558 sexaginta
861 4485 989 4540 anni
1018 4485 1320 4555 disparent.
1343 4481 1803 4555 Synclironismos
1829 4489 2015 4536 autem
2043 4480 2169 4536 illos
2194 4479 2313 4534 iure
2336 4479 2682 4535 admittimus
2696 4523 2711 4548 ,
2735 4495 2875 4552 quo-

345 4573 491 4626 niam
531 4581 722 4626 auctor
762 4573 1013 4627 annales
1060 4570 1407 4626 conscribere
1451 4569 1658 4636 noluit3
1686 4575 1940 4640 systema
1967 4569 2133 4638 igitur
2176 4567 2633 4638 chronologicum
2674 4568 2729 4622 in
2760 4566 2873 4622 eius
