3050 5184
426 294 543 355 278
622 310 697 355 na
738 312 873 355 var.
921 311 1177 355 ras-rm.
1225 312 1420 357 tinnis
1460 312 1802 357 msrorucis.
1847 328 1928 341 —
1969 312 2103 355 car.
2150 313 2232 356 1x.
2277 312 2354 355 nt:
2393 312 2566 355 uano
2607 312 2823 356 tunna.

424 448 641 504 auctor
673 444 965 505 voluerit.
1000 448 1341 507 Primanus
1368 444 1508 524 finis
1543 450 1752 505 tamen
1791 446 1927 506 eius
1956 445 2022 504 in
2049 444 2335 506 Achioris
2359 446 2566 505 verbis
2593 446 2890 506 indicatur
2916 462 2928 502 :

430 564 457 593 «
480 540 690 600 Sinon
712 546 807 601 est
828 541 1097 601 offensio
1118 542 1339 620 populi
1366 541 1560 602 huius
1581 559 1794 603 coram
1817 544 1949 602 Deo
1969 559 2104 615 suc,
2132 560 2258 602 non
2290 543 2638 619 poterimus
2662 542 2933 603 resistere

426 636 581 709 illis,
614 638 907 714 quoniam
938 640 1105 699 Deus
1150 655 1368 699 eorum
1413 638 1710 699 desendet
1744 656 1851 698 eos
1885 662 1914 694 »
1951 637 2164 719 (525).

492 740 655 798 Liber
682 740 888 809 Iudith,
917 751 980 798 ut
1004 742 1149 799 infra
1168 741 1545 809 ostendemuS,
1573 741 1936 814 probabiliter
1957 760 2148 799 versus
2175 743 2346 800 finem
2374 743 2530 816 regni
2555 742 2694 798 Iuda
2721 742 2938 812 scriptus

424 836 527 899 est,
558 828 780 901 quando
808 830 1071 887 Chaldaei
1098 830 1211 886 iam
1255 830 1314 885 in
1349 839 1560 887 terram
1587 838 1840 885 sanctam
1882 830 2197 903 irruperant
2241 846 2616 903 magnumque
2653 830 2938 887 incolarum

423 932 718 973 numerum
747 916 1108 973 abduxerant.
1141 918 1247 974 Illo
1275 927 1530 990 tempore
1553 917 1651 974 filii
1682 919 1854 975 Israel
1877 919 2116 974 maxime
2143 917 2404 975 monendi
2439 928 2625 987 erant,
2657 918 2940 974 Dominum

422 1003 629 1076 populo
657 1020 757 1061 suo
780 1006 945 1061 etiam
975 1007 1029 1061 in
1054 1006 1388 1079 gravissimis
1412 1006 1668 1077 periculis
1697 1006 1996 1062 constituto
2025 1021 2128 1062 nec
2146 1004 2387 1063 defuisse
2406 1022 2511 1063 nec
2528 1005 2739 1073 deesse,
2763 1020 2940 1077 quam-

425 1092 520 1146 diu
551 1101 646 1147 aut
695 1091 946 1165 diligenti
990 1094 1157 1161 Legis
1186 1093 1568 1150 observatione
1598 1092 1704 1164 ipsi
1745 1092 2086 1150 adhaerebat
2113 1103 2210 1150 aut
2253 1094 2466 1150 sincera
2503 1094 2856 1150 conversione
2883 1090 2942 1146 ad

424 1180 607 1251 ipsum
635 1195 887 1236 reversus
924 1190 1062 1236 erat.
1089 1184 1227 1236 Tam
1256 1180 1403 1237 clare
1432 1190 1620 1237 autem
1655 1180 1794 1237 haec
1823 1182 2026 1238 veritas
2054 1198 2120 1237 ex
2159 1190 2276 1239 tota
2317 1182 2633 1238 narratione
2676 1182 2867 1238 elucet,
2893 1188 2942 1233 ut

425 1283 551 1323 eam
578 1276 863 1324 auctorem
892 1284 1115 1341 quoque
1144 1269 1442 1326 lectoribus
1466 1268 1710 1325 maxime
1733 1270 2013 1326 inculcare
2036 1270 2276 1326 voluisse
2303 1279 2452 1326 recte
2479 1276 2776 1325 statuatur.

839 1464 873 1547 ἓ
904 1469 1014 1530 37.
1048 1502 1135 1513 —
1164 1466 1259 1529 De
1290 1462 1450 1529 libri
1470 1462 1703 1530 Iudith
1741 1466 2141 1530 auctoritate
2169 1478 2236 1530 et
2271 1463 2546 1553 orzyine.

508 1668 564 1725 1.
592 1700 671 1709 —
696 1667 953 1728 Librum
980 1666 1191 1727 Iudith
1228 1683 1377 1728 vere
1411 1684 1550 1728 esse
1579 1666 1982 1739 historicum,
2017 1685 2142 1728 non
2171 1673 2417 1729 tantum
2447 1670 2582 1727 tota
2619 1666 2946 1743 antiquitas

430 1779 681 1839 semper
712 1764 995 1841 agnovit,
1023 1764 1136 1824 sed
1166 1765 1305 1840 ipsa
1336 1780 1592 1841 quoque
1619 1764 2000 1825 narrationis
2029 1764 2276 1825 indoles
2309 1764 2478 1825 clare
2517 1764 2732 1824 docet.
2765 1762 2948 1832 Quare

430 1876 647 1919 eorum
693 1859 1039 1920 sententiae
1077 1860 1530 1937 improbandae
1581 1866 1758 1931 sunt,
1801 1861 1910 1938 qui
1950 1865 2061 1922 aut
2099 1878 2234 1921 rem
2277 1860 2554 1937 aliquam
2597 1858 2950 1919 historicam

430 1956 679 2033 poetice
703 1960 1063 2017 exornatam
1086 1956 1382 2035 proponi,
1410 1962 1519 2017 aut
1534 1946 1848 2036 integ'ram
1877 1957 2297 2017 narrationem
2315 1958 2654 2016 confictam
2679 1972 2838 2024 esse,
2859 1961 2948 2014 aut

429 2068 556 2111 non
590 2051 667 2112 de
696 2052 1034 2129 praeterita
1064 2052 1173 2113 sed
1206 2051 1285 2113 de
1314 2054 1529 2113 futura
1557 2070 1626 2113 re
1657 2056 1980 2114 auctorem
2007 2070 2192 2131 agere
2218 2057 2461 2130 putant.

496 2158 658 2212 Teste
684 2156 742 2211 S.
772 2157 1113 2228 Hieronymo
1140 2156 1241 2228 ipsi
1273 2156 1482 2224 Iudaei,
1512 2157 1642 2213 licet
1679 2157 1885 2213 librum
1929 2156 2118 2213 Iudith
2164 2156 2220 2212 in
2263 2172 2476 2213 canone
2506 2172 2618 2212 non
2665 2156 2949 2213 haberent.

429 2259 555 2300 eum
584 2264 609 2295 (ι
636 2244 782 2299 inter
809 2244 1101 2299 historicos
1128 2253 1519 2315 computarunt
1547 2266 1610 2311 »ς
1641 2248 1833 2301 Patres
1873 2254 2059 2301 autem
2088 2258 2280 2300 omnes
2307 2246 2382 2301 ita
2411 2242 2484 2300 de
2511 2243 2698 2301 Iudith
2727 2244 2950 2317 loquun-

428 2340 520 2387 tur
553 2340 818 2403 tantaque
851 2348 979 2387 cum
1011 2331 1297 2405 diligentia
1328 2332 1385 2387 in
1414 2342 1675 2399 aetatem,
1716 2348 1824 2404 qua
1853 2348 1941 2388 res
1978 2340 2200 2388 narrata
2237 2331 2528 2401 acciderit,
2559 2332 2873 2404 inquirunt,
2903 2340 2950 2385 ut

429 2418 507 2474 eis
532 2420 1007 2490 persuasissimum
1038 2420 1206 2475 fuisse
1235 2430 1527 2491 appareat,
1558 2436 1747 2477 veram
1777 2420 2064 2477 historiam
2092 2420 2161 2477 ab
2198 2429 2424 2475 auctore
2451 2419 2627 2489 tradi;
2665 2435 2846 2491 neque
2881 2417 2952 2471 di-

434 2522 587 2562 versa
634 2505 739 2562 fuit
784 2508 1149 2578 interpretum
1193 2508 1462 2563 sententia
1503 2508 1688 2563 medio
1714 2524 1870 2563 aevo.
1901 2508 2128 2563 Primus
2155 2508 2433 2563 Lutherus
2461 2508 2787 2563 unanimem
2815 2506 2952 2561 illum

430 2610 761 2651 consensum
786 2595 1032 2651 turbavit
1055 2596 1367 2651 narratione
1396 2596 1544 2650 inter
1579 2596 1737 2651 fictas
1773 2594 1988 2651 fabulas
2025 2594 2327 2652 amandata
2361 2611 2740 2667 sequacesque
2779 2594 2952 2650 habuit

434 2685 594 2753 longe
623 2683 915 2753 plerosque
942 2683 1364 2753 protestanticos
1390 2684 1749 2755 interpreter»,
1781 2682 2091 2753 catholiciS,
2119 2682 2244 2739 licet
2275 2683 2560 2739 historicas
2583 2682 2713 2739 libri
2745 2682 2956 2739 difficul-

432 2778 571 2826 tates
597 2770 815 2839 clariuS,
844 2786 1012 2842 quam
1039 2770 1271 2841 antiqui,
1305 2772 1677 2841 perspicerent
1699 2780 1756 2826 et
1780 2770 1849 2825 de
1871 2780 2140 2842 tempore,
2167 2770 2254 2826 cui
2279 2769 2644 2826 adscribenda
2684 2779 2827 2827 esset
2853 2784 2952 2823 ηε.

432 2860 611 2913 acrius
655 2857 1025 2928 disputarent,
1071 2857 1316 2913 unanimi
1346 2874 1618 2914 consensu
1660 2858 1981 2914 historicam
2029 2858 2155 2915 libri
2203 2858 2588 2916 auctoritatem
2629 2856 2956 2913 tuentibus¹.

431 2946 592 3014 Quod
618 2945 995 3001 testimonium
1023 2946 1385 3001 confirmatur
1401 2946 1738 3001 narrationis
1765 2946 2116 3009 charactere,
2144 2960 2286 3018 quae
2313 2955 2567 3017 tempora
2596 2954 2856 3001 accurate
2883 2943 2957 2997 in-

432 3032 581 3088 dicat
614 3038 720 3102 (1,1
753 3036 895 3100 Gr.,·
934 3034 1067 3103 2,1),
1108 3035 1258 3089 locos
1301 3033 1596 3105 diligenter
1625 3031 1884 3089 describit
1911 3036 2019 3101 (1,1
2053 3049 2200 3104 sqq.;
2239 3040 2326 3103 7‚1
2369 3048 2490 3106 sqq.
2536 3032 2691 3105 Gr.)‚
2730 3032 2958 3089 civitates

432 3138 463 3175 a
488 3117 789 3176 Holoferne
830 3130 1169 3193 expugnatas
1198 3131 1291 3176 aut
1330 3137 1359 3176 a
1400 3120 1621 3176 Iudaeis
1672 3120 1915 3175 munitas
1955 3130 2243 3177 enumerat
2283 3122 2424 3189 (221
2473 3136 2630 3193 sqq.;
2679 3126 2774 3191 ⁴,4
2824 3122 2955 3175 Gr.)‚

434 3208 811 3281 genealogiam
842 3208 1025 3264 Iudith
1071 3207 1243 3263 tradit
1272 3212 1427 3276 (8,1),
1458 3208 1716 3264 Achioris
1741 3216 1990 3281 posteros
2019 3208 2338 3280 superstites
2380 3224 2499 3263 esse
2527 3214 2722 3277 (14,6)‚
2748 3216 2958 3281 quotan-

432 3297 627 3367 nisque
673 3295 875 3351 festum
919 3296 976 3351 in
1021 3296 1351 3351 memoriam
1392 3296 1653 3351 victoriae
1695 3295 1965 3352 celebrari
1999 3300 2202 3363 (1631)
2232 3294 2404 3351 refert
2441 3305 2548 3351 etc.
2592 3326 2664 3337 —·
2707 3296 2887 3365 Quare
2923 3294 2956 3346 si

434 3399 621 3440 veram
658 3382 946 3439 historiam
976 3384 1117 3439 liber
1142 3400 1257 3439 non
1301 3384 1576 3450 continet,
1606 3392 1800 3439 auctor
1827 3382 2093 3440 dicendus
2131 3393 2214 3439 est
2241 3385 2480 3440 lectores
2507 3384 2564 3438 in
2597 3398 2850 3440 errorem
2883 3383 2958 3437 in-

434 3472 638 3527 ducere
665 3470 920 3526 voluisse.
950 3472 1145 3543 Neque
1174 3470 1243 3527 ab
1275 3470 1381 3527 hac
1410 3472 1755 3527 accusatione
1779 3487 1908 3527 eum
1935 3470 2199 3539 liberant,
2233 3472 2328 3544 qui
2355 3487 2484 3528 eum
2524 3470 2856 3542 prophetam
2881 3478 2960 3523 aut

435 3568 653 3632 poetam
682 3559 853 3631 egisse
883 3567 1129 3617 censent.
1163 3560 1355 3631 Neque
1382 3558 1529 3614 enim
1557 3559 1735 3614 ullum
1760 3567 1937 3614 exstat
1961 3558 2307 3629 vaticinium,
2339 3560 2398 3615 in
2425 3575 2536 3631 quo
2565 3559 2658 3615 illa
2682 3558 2832 3616 sacta
2860 3572 2962 3613 esse

435 3655 773 3717 asseruntur,
805 3661 947 3718 quae
986 3646 1130 3704 sacta
1158 3662 1273 3702 non
1302 3655 1431 3702 sunt
1460 3652 1642 3716 (1⁴,63
1679 3648 1879 3717 16,31),
1907 3654 2004 3702 aut
2031 3646 2180 3719 quod
2209 3662 2300 3703 res
2324 3647 2538 3703 futuras
2575 3647 2650 3703 ita
2695 3646 2956 3719 proponit.

437 3746 499 3792 ut
541 3750 731 3791 omnes
783 3735 1018 3791 lectores
1062 3734 1135 3791 de
1176 3735 1486 3805 praeteritis
1534 3735 1620 3806 agi
1641 3736 1988 3807 ‘necessario
2036 3734 2284 3791 credant.
2335 3734 2512 3791 Multo
2556 3737 2745 3790 minus
2795 3742 2961 3789 autem

438 3833 657 3896 poetam
684 3823 963 3895 appellare
998 3830 1284 3879 auctorem
1317 3822 1474 3888 licet,
1506 3830 1675 3893 atque
1701 3822 1798 3878 ille
1829 3832 2050 3878 nostros
2075 3838 2260 3879 mores
2285 3822 2341 3877 in
2371 3823 2764 3893 antiquitatem
2807 3829 2960 3875 trans-

440 3912 571 3981 fert,
605 3912 699 3982 qui
728 3912 783 3966 in
812 3910 997 3967 libello
1023 3919 1217 3967 nostro
1246 3909 1495 3966 fabulam
1520 3924 1908 3981 romanensem
1939 3909 2126 3965 videre
2154 3911 2290 3965 vult.

516 4066 574 4122 2.
606 4094 687 4105 —-
712 4063 883 4122 Inter
918 4062 1225 4121 historicas
1269 4060 1673 4121 difficultates
1707 4061 2076 4139 gravissima
2109 4065 2207 4121 est
2242 4059 2321 4120 de
2361 4066 2678 4138 tempore,
2714 4076 2844 4138 quo
2871 4074 2956 4117 res

497 4237 563 4300 (1)
592 4236 911 4286 Unanimitas
940 4234 1064 4285 haec
1090 4249 1195 4284 non
1222 4234 1424 4284 tollitur
1450 4234 1610 4283 trium
1637 4238 1925 4298 quatuorve
1955 4234 2293 4297 interpretum
2323 4232 2694 4283 catholicorum
2719 4232 2954 4283 dissensu.

440 4316 573 4366 Jahn
599 4319 650 4364 et
673 4316 880 4366 Movet-s
907 4328 1022 4364 cum
1044 4313 1422 4377 protestanticis
1444 4312 1700 4376 plerisque
1729 4312 2072 4363 narrationem
2095 4312 2359 4362 confictam
2383 4312 2586 4372 dieunt3
2615 4314 2732 4363 Ant.
2767 4310 2956 4361 schulz.

438 4398 557 4457 (Das
588 4398 637 4444 B.
670 4394 841 4443 Iudith
878 4394 991 4443 eine
1024 4394 1315 4455 Prophezie.
1349 4390 1624 4454 Wtirzburg
1664 4396 1798 4443 1885.
1832 4394 2173 4443 commentar.
2215 4392 2372 4455 ¹886.)
2403 4392 2601 4455 primus
2633 4392 2769 4441 inter
2801 4400 2960 4439 omnes

440 4473 491 4521 in
516 4473 691 4522 libello
718 4472 1219 4531 nostrovaticinium
1256 4472 1320 4521 de
1351 4470 1527 4520 ultima
1565 4484 1729 4534 pugna
1763 4471 2062 4521 Antichristi
2093 4474 2270 4521 contra
2301 4470 2580 4521 Ecclesiam
2613 4470 2841 4532 detegere
2873 4466 2957 4516 sibi

440 4551 581 4598 visus
615 4556 706 4599 est.
752 4551 947 4607 Quibus
986 4556 1203 4615 quartus
1244 4548 1435 4600 accedit
1473 4551 1560 4599 Fr.
1602 4553 1923 4601 Leston-mant
1967 4550 2034 4613 (la
2067 4550 2360 4600 Divination
2397 4550 2519 4600 chet
2554 4550 2632 4599 les
2675 4546 2956 4601 ChaldeenS.

442 4640 490 4688 p.
520 4632 609 4675 183
632 4628 783 4689 sqq),
809 4630 893 4677 cui
916 4633 1084 4679 tamen
1109 4630 1245 4679 inter
1273 4631 1576 4692 interpretes
1603 4628 1746 4677 locus
1775 4642 1878 4679 non
1906 4628 2138 4680 debetur.
