3050 5184
246 354 528 399 russeum
574 354 988 400 mrsnrnsrss
1030 352 1463 397 occini-:sums
1507 354 1548 395 A
1590 338 1652 395 3.
1701 352 1889 403 usous
1926 352 2005 395 An
2046 337 2103 393 6.
2152 348 2476 393 sancctum.
2566 332 2679 390 155

179 483 357 541 fabrica
381 486 587 541 mundi.
615 486 704 541 Ab
727 485 968 558 Origene
991 499 1213 556 quoque
1239 484 1466 539 omnino
1495 482 1769 554 dependet
1793 485 1852 541 S.
1878 483 2161 539 Hilarius
2182 482 2241 537 in
2268 496 2369 537 suo
2394 492 2679 535 commen-

177 572 294 627 tario
318 572 374 627 in
397 575 672 633 psalmos.
711 594 736 623 α
769 574 898 629 licet
925 581 1192 627 tractatus
1215 570 1466 643 origenis
1493 588 1607 627 non
1630 580 1693 625 ut
1720 572 2015 642 interpres,
2042 569 2138 625 sed
2164 580 2225 625 ut
2250 576 2441 625 auctor
2470 566 2679 637 proprii

177 660 328 728 operis
363 662 705 717 transtulerit
741 682 765 713 n
815 660 894 726 (S.
937 664 1150 729 Hier.).
1200 662 1264 715 ln
1307 660 1488 729 primo
1526 660 1825 727 Evangelio
1868 657 2193 728 explicando
2232 656 2522 728 allegorias
2557 669 2678 709 sec-

175 748 314 807 tatur,
357 740 642 795 meliorem
685 748 872 795 autem
912 754 1106 795 sensus
1151 738 1382 795 literalis
1429 740 1791 809 interpretem
1830 736 1944 810 agit
1983 738 2043 793 in
2072 736 2227 793 libris
2263 736 2333 795 de
2379 737 2671 795 Trinitate.

175 829 337 883 ,ilarii
382 827 682 884 Victorini
727 835 1026 897 supersunt
1065 827 1452 883 commentarii
1496 827 1553 881 in
1598 826 1724 883 Gal.
1766 825 1907 897 Eph.
1961 825 2107 882 Phil.
2158 824 2308 881 haud
2348 824 2663 897 spernendi,

175 916 395 985 quamvis
428 918 484 973 S.
521 916 864 988 Hieronymo
900 931 1014 971 non
1051 914 1378 986 probentur.
1425 917 1510 969 De
1554 917 1611 971 S.
1661 914 1972 970 Ambrosii
2012 912 2419 984 interpretandi
2462 914 2678 970 ratione

175 1002 261 1058 iam
283 1004 580 1076 antiquitus
605 1002 856 1060 diversae
883 1012 1042 1059 erant
1079 1002 1409 1067 sententiae;
1449 1001 1681 1059 summis
1709 1000 1969 1057 laudibus
1992 1016 2123 1057 eum
2150 1011 2420 1056 exornant
2458 1002 2675 1058 Cassio-

176 1090 314 1147 dorus
339 1100 394 1149 et
427 1092 546 1163 ipse
583 1092 868 1163 Pelagius,
909 1089 1004 1147 sed
1045 1106 1173 1147 eum
1206 1111 1231 1141 a
1264 1090 1322 1145 in
1354 1089 1535 1145 verbis
1574 1087 1767 1146 ludere
1806 1100 1861 1145 et
1900 1090 1955 1145 in
1994 1089 2280 1145 sententiis
2318 1088 2618 1147 dormitare
2646 1111 2672 1142 a»

175 1178 287 1235 dixit
309 1183 366 1236 S.
395 1180 772 1253 Hieronymus
799 1180 1001 1246 (Praei.
1038 1179 1096 1235 in
1127 1179 1280 1235 hom.
1311 1178 1464 1250 Orig.
1493 1178 1553 1233 in
1576 1179 1758 1244 Luc.).
1796 1180 2010 1233 Revera
2045 1176 2325 1233 diversam
2354 1176 2677 1233 methodum

175 1277 296 1323 tenet
328 1266 637 1325 secundum
663 1282 890 1340 graecos
923 1267 1289 1337 interpreteS,
1326 1282 1464 1337 quos
1497 1265 1767 1337 sequitur.
1799 1266 1937 1320 Cum
1966 1265 2206 1337 Origene
2242 1264 2519 1335 triplicem
2550 1282 2675 1322 sen-

173 1372 272 1410 sum
294 1356 586 1429 distinguit
610 1364 664 1411 et
689 1370 818 1411 cum
847 1355 1046 1410 eodem
1076 1362 1226 1410 tenet
1244 1395 1258 1422 ‚
1289 1352 1788 1419 contradictioneS,
1824 1368 1961 1424 quas
1988 1368 2183 1409 sensus
2210 1352 2440 1409 literalis
2468 1352 2672 1423 pariat,

173 1446 285 1499 solvi
307 1446 568 1517 mystico;
603 1444 736 1500 alios
765 1441 936 1499 libros
963 1442 1167 1498 literali
1189 1458 1352 1497 sensu
1377 1456 1496 1497 esse
1519 1439 1903 1512 exponendos»,
1934 1440 2015 1496 uti
2042 1439 2333 1507 Genesim,
2366 1441 2507 1496 alios
2536 1456 2676 1514 mys·

175 1534 283 1599 tico,
309 1542 372 1588 ut
393 1532 702 1589 Leviticum
716 1574 730 1600 ,
753 1531 895 1587 alios
917 1530 1144 1597 morali,
1169 1530 1252 1585 uti
1271 1529 1768 1585 Deuteronomium
1788 1527 1987 1601 (Praei.
2010 1530 2069 1584 in
2093 1530 2270 1597 Luc.).
2297 1530 2451 1584 Inter
2470 1530 2525 1585 S.
2550 1534 2679 1584 Am-

175 1620 309 1677 brosii
336 1636 510 1691 opera
537 1620 628 1676 edi
651 1620 794 1676 solet
821 1618 1252 1675 commentarius
1285 1618 1340 1673 in
1371 1616 1639 1673 tredecim
1674 1617 1922 1687 (priores)
1965 1615 2227 1687 epistolas
2254 1615 2543 1685 Paulinas‚
2583 1616 2677 1688 qui

171 1710 300 1765 titulo
317 1709 764 1765 Ambrosias-tri
783 1705 947 1765 hodie
976 1706 1136 1761 citari
1154 1707 1322 1771 solet;
1350 1704 1639 1761 cuiusnam
1657 1704 1755 1774 sit,
1788 1704 2095 1777 ignoratur,
2122 1703 2221 1759 sed
2245 1704 2405 1759 illum
2424 1712 2677 1775 tempore

173 1799 214 1851 S.
238 1797 456 1853 Damasi
481 1800 812 1863 (aea-384.)
837 1810 955 1851 esse
983 1793 1358 1864 conscriptum
1387 1800 1443 1847 et
1468 1793 1615 1848 inter
1636 1792 1835 1848 latinos
1861 1790 2221 1847 Paulinarum
2248 1790 2677 1847 commentarios

175 1886 452 1951 patristicos
481 1885 726 1941 eminere
753 1892 968 1939 certum
996 1891 1098 1939 est.

225 2048 276 2103 2.
317 2080 382 2089 —
409 2050 700 2107 Exeunte
728 2064 898 2107 sAsc.
922 2050 981 2106 4.
1011 2052 1075 2107 et
1099 2047 1358 2109 ineunte
1388 2050 1444 2106 5.
1479 2062 1649 2107 sanc.
1679 2051 1929 2124 praeter
1960 2046 2243 2127 Rufinum
2266 2046 2335 2126 Η·
2358 2049 2523 2125 410.)
2552 2050 2675 2109 duo

169 2142 390 2202 maximi
443 2144 795 2205 floruerunt
849 2144 1226 2221 interpretes
1271 2160 1310 2202 a
1366 2144 1593 2219 quibus
1641 2143 1921 2203 iuniores
1984 2144 2158 2204 latini
2216 2145 2425 2204 media
2475 2150 2675 2206 aetate

167 2239 400 2300 maxime
445 2239 838 2317 dependent,
877 2240 989 2299 SS.
1031 2238 1433 2317 Hieronymus
1465 2238 1535 2317 (ἢ-
1563 2240 1729 2318 420.)
1760 2245 1824 2299 et
1860 2243 2235 2318 Anqustinus
2266 2240 2333 2321 (ἠ-
2356 2242 2552 2318 430.);
2584 2260 2677 2302 re-

169 2330 293 2409 liqui
319 2341 538 2397 autem
559 2336 786 2397 saeculi
807 2338 866 2397 5.
892 2337 1106 2397 Patres
1126 2336 1550 2397 concionatori
1567 2352 1757 2413 quam
1776 2337 2110 2416 interpreti
2135 2343 2281 2398 sunt
2303 2338 2614 2399 utilioreS.

217 2456 516 2525 Tyrannius
545 2454 790 2528 Rufinus
841 2465 1126 2527 tamquam
1173 2455 1409 2528 diligens
1456 2472 1784 2530 graccorum
1830 2458 2359 2515 commentariorum
2405 2458 2677 2529 interpres

167 2540 249 2596 hoc
271 2544 390 2599 loco
418 2543 698 2599 nominari
727 2552 1000 2611 meretur;
1033 2544 1324 2615 explicatio
1361 2544 1506 2600 enim
1546 2543 1994 2601 benedictionum
2034 2546 2482 2603 Patriarcharum
2513 2550 2672 2617 (Gen.

165 2634 260 2697 49),
283 2648 448 2703 quam
481 2633 600 2703 ipse
635 2632 938 2687 secundum
975 2632 1248 2703 triplicem
1271 2647 1495 2688 sensum
1523 2632 1855 2702 elaboravit,
1884 2650 1997 2689 non
2035 2643 2119 2689 est
2156 2635 2345 2707 magni
2386 2636 2674 2704 momenti,

167 2718 240 2771 sed
261 2720 512 2793 origenis
541 2719 798 2775 homiliae
817 2718 1022 2776 multae
1041 2728 1096 2775 et
1115 2721 1499 2776 commentarii
1519 2722 1637 2775 sola
1666 2720 1782 2777 eius
1803 2721 2051 2777 versione
2070 2720 2141 2777 ad
2163 2738 2265 2777 nos
2285 2733 2673 2793 pervenerunt.

168 2804 322 2877 N‘eque
365 2816 562 2863 tamen
605 2822 820 2863 merum
859 2806 1219 2878 interpretem
1260 2808 1406 2879 egit,
1452 2807 1551 2863 sed
1596 2824 1695 2864 sua
1746 2808 2085 2881 primigeniis
2130 2809 2388 2879 operibus
2437 2811 2677 2867 inserere

165 2890 359 2964 illaque,
385 2910 536 2967 quae
559 2896 610 2949 ei
633 2910 746 2949 non
771 2894 1062 2967 placebant
1085 2895 1404 2952 abbreviare
1435 2904 1535 2951 aut
1563 2897 1819 2951 omittere
1845 2912 1955 2951 non
1981 2894 2269 2951 dubitavit.
2292 2926 2363 2937 ——-
2384 2898 2439 2953 S.
2472 2899 2677 2953 Hiero-

165 2996 340 3049 nymus
369 2992 556 3039 totam
592 2997 750 3038 suam
785 2984 957 3039 vitam
996 2983 1110 3039 fere
1147 2982 1300 3039 libris
1337 2983 1505 3039 sacris
1543 2983 1880 3055 explicandis
1916 2992 2033 3040 tam
2069 2984 2215 3039 felici
2254 3000 2382 3040 cum
2421 3000 2676 3042 successu

163 3065 434 3141 dedicavit,
467 3078 532 3125 ut
554 3070 672 3125 iure
699 3070 898 3127 merito
933 3092 958 3121 α
983 3074 1135 3126 Deus
1163 3087 1288 3127 enm
1317 3070 1589 3126 Ecclesiae
1615 3072 1673 3128 in
1703 3070 2041 3143 exponendis
2068 3072 2368 3143 Scripturis
2394 3072 2677 3129 doctorem

163 3157 435 3215 maximum
463 3156 764 3229 providisse
789 3178 814 3210 n
849 3156 1087 3215 dicatur.
1118 3160 1204 3215 De
1229 3157 1484 3231 profectu
1508 3159 1655 3215 enim
1680 3159 1992 3216 studiorum
2014 3160 2543 3231 scripturisticorum
2566 3178 2677 3217 non

163 3250 346 3303 tantum
365 3262 514 3306 nova
541 3245 783 3302 hebraici
805 3255 990 3302 textus
1008 3247 1258 3303 versione
1283 3246 1510 3302 mirifice
1532 3247 1761 3303 meritus
1780 3256 1863 3302 est
1877 3289 1891 3316 ,
1916 3246 2012 3303 sed
2033 3248 2439 3304 commentariis
2459 3265 2680 3321 quoque

163 3331 360 3404 ultimae
395 3332 660 3405 operibus
695 3333 844 3389 haud
883 3350 1082 3405 parum
1119 3350 1184 3390 ea
1220 3336 1513 3405 promovit.
1558 3336 1621 3391 In
1660 3335 2075 3391 commentariis
2103 3336 2477 3407 antiquiorum
2505 3337 2678 3395 inter-

163 3429 346 3485 pretum
375 3420 795 3493 explanationes
825 3420 1118 3495 diligenter
1143 3422 1392 3493 collegit,
1421 3438 1647 3478 sensum
1676 3422 1975 3491 literalem,
2004 3431 2195 3494 utpote
2220 3424 2551 3496 allegoricae
2582 3442 2678 3480 ex-

163 3505 438 3573 plicationis
478 3508 930 3579 fundamentum,
979 3510 1091 3565 fere
1134 3524 1350 3581 semper
1389 3510 1643 3567 sollerter
1687 3510 2001 3583 investigat,
2052 3519 2109 3566 at
2155 3512 2227 3567 ab
2272 3512 2578 3585 allegoricis
2624 3523 2680 3569 et

161 3596 430 3653 moralibus
469 3596 900 3667 expositionibus
949 3597 1178 3653 minime
1229 3597 1522 3665 abhorret3
1569 3597 1627 3653 id
1674 3599 1914 3654 maxime
1963 3599 2011 3654 ei
2054 3600 2399 3670 propositum
2446 3600 2572 3669 suit,
2618 3610 2680 3657 ut

169 3698 184 3725 τ
204 3684 613 3741 eeclesiasticam
642 3684 1082 3756 explanationem
1113 3685 1418 3742 affirmaret
1449 3706 1472 3737 ι
1505 3686 1802 3759 omniaque
1834 3708 1859 3737 α
1888 3686 2037 3741 iuxta
2068 3688 2496 3745 ecclesiasticam
2522 3688 2678 3744 intel-

163 3766 409 3839 ligentiam
439 3772 738 3829 dissereret
761 3792 787 3823 n
826 3772 906 3841 (in
931 3774 1076 3828 Dan.
1110 3779 1234 3837 3‚a7
1251 3796 1266 3842 ς
1298 3773 1356 3828 in
1385 3772 1591 3829 Ezech.
1624 3780 1744 3839 38,1
1781 3791 1939 3847 sqq.;
1968 3779 2133 3843 36‚16
2162 3778 2336 3847 sqq.).
2364 3778 2499 3831 Tros
2524 3792 2677 3832 com-

167 3860 536 3915 mentariorum
579 3860 696 3915 eius
747 3860 947 3917 classes
989 3870 1114 3931 apte
1158 3860 1593 3933 distinguuntur.
1644 3861 1875 3917 Minoris
1922 3862 2267 3917 auctoritatis
2316 3872 2442 3917 sunt
2484 3864 2674 3935 primi,

167 3956 282 4011 quos
305 3946 636 4017 elaboravit,
670 3948 730 4002 in
757 3949 939 4004 Eccle.
973 3957 1026 4004 et
1053 3948 1112 4004 in
1141 3948 1351 4019 aliquot
1383 3950 1526 4005 Novi
1553 3951 1683 4005 Test
1734 3948 1933 4011 lib1·os;
1971 3950 2029 4005 in
2064 3951 2173 4007 illis
2213 3950 2361 4005 enim
2402 3952 2677 4006 variorum

170 4027 498 4103 interpretum
545 4036 846 4091 sententias
893 4036 1185 4107 praecipue
1230 4038 1504 4109 congessit
1541 4053 1645 4094 nec
1685 4052 1843 4093 veras
1870 4052 2088 4108 semper
2125 4045 2182 4093 et
2226 4036 2565 4093 orthodoxas
2607 4038 2677 4094 ab

172 4122 382 4179 erroneis
403 4132 459 4179 et
481 4124 774 4179 haereticis
791 4122 1056 4179 distinxit.
1085 4125 1268 4193 Quare
1293 4125 1373 4181 eis
1395 4125 1559 4196 longe
1584 4132 1865 4197 praestant
1888 4126 2271 4181 commentarii
2293 4126 2353 4181 in
2381 4125 2677 4197 prophetas

172 4206 406 4279 minores3
435 4212 494 4267 in
523 4210 676 4267 hisce
699 4227 856 4267 suam
894 4212 1201 4268 versionem
1231 4212 1430 4268 literali
1454 4228 1621 4268 sensu
1644 4228 1919 4283 exponere
1945 4227 2009 4268 ac
2034 4212 2234 4269 deinde
2256 4212 2673 4269 alexandrinum
2766 4238 2770 4243 ·

171 4298 354 4353 textum
377 4298 652 4370 spirituali
679 4298 856 4371 magis
893 4307 950 4356 et
991 4300 1191 4357 morali
1222 4316 1389 4357 sensu
1429 4302 1726 4371 explanare
1774 4301 1933 4357 solet.
1973 4300 2157 4357 Tertia
2200 4301 2387 4356 classis
2430 4302 2675 4356 continet

173 4388 565 4443 momentarius
590 4388 647 4443 in
675 4387 979 4459 prophetas
1003 4388 1262 4456 maiores,
1295 4405 1434 4460 quos
1461 4389 1769 4445 secundum
1805 4404 1964 4445 suam
1999 4391 2177 4445 solam
2212 4388 2521 4444 versionem
2560 4390 2672 4459 ple-

173 4480 376 4542 rumque
409 4474 661 4547 exponit,
704 4475 836 4531 licet
879 4474 954 4531 ad
997 4476 1416 4533 alexandrinam
1465 4484 1520 4531 et
1566 4476 1702 4532 alias
1748 4491 1974 4548 graecas
2018 4476 2406 4533 translationes
2450 4490 2565 4531 sem
2576 4492 2673 4545 per

172 4551 428 4629 diligenter
453 4562 722 4619 attendat.
750 4562 839 4619 Ad
863 4562 1000 4619 haec
1023 4578 1190 4633 opera
1219 4562 1490 4620 accedunt
1512 4564 1709 4619 saltem
1733 4564 1925 4636 viginti
1947 4573 2063 4619 tres
2086 4564 2349 4633 epistolae
2373 4562 2665 4636 longioreS,

170 4641 218 4695 in
247 4645 425 4716 quibus
452 4651 826 4725 interrogatus
859 4652 1039 4707 varios
1071 4652 1376 4725 Utriusque
1410 4654 1559 4707 Test.
1596 4653 1751 4708 locos
1782 4652 2049 4722 explicat,
2082 4652 2467 4723 interpretatio
2499 4651 2665 4708 latina
