3050 5184
394 262 512 321 338
554 278 627 321 nr:
668 278 804 323 ver.
837 277 1091 322 rasum.
1138 275 1330 319 uanis
1372 272 1715 317 DIDACTICIS.
1749 290 1829 300 -
1853 274 1983 319 cAP.
2015 274 2102 319 iv.
2147 260 2207 317 2.
2253 274 2328 317 ne
2369 272 2424 315 1..
2471 269 2936 315 eccnususna.

400 428 426 457 α
453 408 658 464 criticis
678 430 703 459 n
734 411 1027 479 plerosque
1050 407 1239 471 libros,
1264 405 1594 479 quilinguae
1611 404 1849 474 puritate
1869 405 2118 461 eminent
2139 408 2340 473 (Pent.,
2367 407 2500 471 los„
2525 402 2723 468 Iudic.,
2749 404 2940 469 Sam„

394 496 616 564 Psalm„
648 495 821 551 multa
852 495 1107 551 vaticinia
1148 494 1323 551 Isaiae
1360 496 1513 560 etc.),
1545 492 1734 547 exsilio
1760 492 1871 548 dici
1913 493 2274 559 recentiores;
2315 490 2514 547 eadem
2541 491 2708 562 igitur
2743 498 2944 545 aetate

392 581 561 638 libros
582 584 859 640 conscribi
881 598 1041 655 posse
1061 583 1281 653 puriore
1302 589 1357 636 et
1374 580 1676 651 impuriore
1696 596 1968 647 sermone,
1993 580 2300 637 concedant
2319 587 2558 651 oportet.
2579 582 2755 634 Porro
2771 577 2942 633 omni

392 670 449 724 in
476 672 678 743 populo
706 671 909 743 duplex
939 670 1159 741 liuguae
1182 668 1359 725 forma
1386 667 1624 723 inveniri
1645 668 1802 735 solet,
1834 669 2024 739 purior
2047 676 2104 724 et
2127 667 2415 736 eruditior,
2437 682 2578 737 quae
2606 665 2760 722 libris
2783 667 2940 719 scri-

390 756 587 814 bendis
614 758 860 825 inservit,
894 757 1175 829 popularis
1202 764 1259 812 et
1284 755 1574 827 impurior,
1606 770 1748 826 quae
1775 756 1832 810 in
1855 755 2179 827 quotidiano
2207 770 2310 811 usu
2337 770 2370 811 a
2399 754 2602 827 populo
2627 752 2944 809 adhibetur

391 854 447 900 et
488 860 561 901 ex
600 860 709 917 qua
740 847 798 901 in
827 846 1071 917 linguam
1108 844 1371 914 scriptam
1403 843 1690 915 paullatim
1717 844 1982 899 vocabula
2021 851 2079 899 et
2117 844 2328 899 formae
2355 844 2710 915 recipiuntur.
2749 844 2940 913 Atqui

390 931 533 989 liber
564 942 754 989 noster
790 943 872 989 est
894 933 1088 988 concio
1116 932 1185 987 ad
1214 932 1479 1002 populum
1510 930 1728 999 babita;
1758 931 1816 987 in
1843 946 1950 1002 qua
1980 932 2242 988 Salomon
2269 931 2438 1003 igitur
2467 931 2712 1001 linguam
2741 944 2940 1001 popu-

390 1021 566 1075 larem
594 1018 861 1077 adhibere
889 1020 1083 1091 potuit,
1118 1020 1195 1075 ita
1222 1026 1284 1075 ut
1310 1020 1514 1075 mirum
1542 1034 1656 1073 non
1689 1019 1788 1085 sit,
1821 1018 1970 1091 quod
2007 1020 2198 1075 formis
2234 1018 2674 1090 dictionibusque
2708 1026 2938 1081 utatur,

392 1124 563 1179 quae,
593 1110 720 1180 quia
748 1108 808 1163 in
830 1106 1141 1163 iunioribus
1163 1114 1379 1163 tantum
1409 1105 1566 1163 libris
1593 1107 1963 1177 reperiuntur,
1995 1124 2025 1162 e
2052 1105 2335 1163 chaldaica
2365 1108 2552 1179 lingua
2577 1114 2940 1163 transumtae

390 1194 710 1267 creduntur,
756 1194 1007 1267 quamvis
1044 1193 1367 1251 chaldaicae
1404 1210 1518 1249 non
1556 1194 1684 1250 sint.
1725 1194 2012 1250 Praeterea
2052 1194 2434 1266 philosophico
2471 1193 2710 1266 quodam
2749 1194 2939 1250 modo

390 1292 585 1341 auctor
612 1292 799 1339 noster
825 1282 1015 1338 thema
1050 1298 1212 1338 suum
1249 1282 1513 1353 explicat3
1548 1291 1884 1353 quapropter
1921 1281 2200 1338 vocabulis
2239 1283 2528 1339 abstractis
2563 1282 2696 1337 satis
2727 1282 2942 1337 multis

389 1371 581 1439 utitur,
604 1370 801 1443 quibus
824 1370 1003 1427 necin
1028 1369 1303 1425 historicis
1327 1386 1428 1424 nec
1452 1371 1507 1423 in
1533 1370 1757 1439 poeticis
1779 1379 1874 1425 aut
1895 1370 2229 1441 propheticis
2247 1370 2403 1427 libris
2422 1379 2504 1426 est
2527 1370 2696 1426 locus.
2727 1372 2941 1442 ltaque

390 1467 780 1531 argumentum
804 1458 911 1514 boc
933 1473 998 1513 ex
1028 1458 1213 1529 lingua
1243 1456 1559 1512 desumtum
1588 1458 1740 1513 velut
1766 1456 2045 1513 infirmum
2074 1458 2273 1514 merito
2299 1459 2591 1514 relicimus.

469 1614 529 1671 4.
563 1645 641 1653 —
672 1612 737 1669 ln
770 1610 941 1669 Novo
977 1608 1142 1668 Test.
1178 1607 1441 1684 quidem
1468 1624 1586 1666 nec
1615 1608 1793 1667 ullibi
1835 1608 2138 1686 allegatur
2165 1608 2570 1669 Ecclesiastes
2601 1626 2718 1669 nec
2747 1616 2936 1669 certa

388 1706 469 1767 ad
494 1724 643 1766 eum
671 1705 901 1783 legitur
930 1704 1187 1777 allusio;
1219 1703 1631 1764 nihilominus
1661 1702 1732 1763 de
1758 1705 1968 1765 divina
1998 1708 2128 1765 eius
2163 1710 2524 1766 auctoritate
2557 1710 2800 1767 constat
2831 1710 2936 1766 te-

389 1803 688 1862 stimonio
728 1802 1021 1877 antiquae
1062 1816 1405 1878 synagogae
1453 1802 1515 1859 et
1556 1801 1895 1873 Ecclesiae,
1932 1819 2088 1879 quae
2113 1819 2332 1862 omnes
2365 1806 2656 1877 conatuS‚
2686 1804 2930 1879 quibus

389 1898 601 1959 divina
631 1897 776 1957 libri
801 1896 1132 1975 inspiratio
1158 1897 1664 1973 impugnabatur,
1693 1898 1902 1956 statim
1933 1903 2390 1976 represserunt.

455 2010 688 2067 Saeculo
720 2018 769 2067 1.
800 2026 855 2081 p.
882 2008 1015 2065 Chr.
1048 2009 1216 2080 aliqui
1245 2007 1461 2064 rabbini
1490 2008 1695 2065 librum
1725 2017 1980 2065 nostrum
2005 2011 2151 2066 inter
2173 2011 2518 2083 apocryphos
2543 2012 2791 2085 relegare
2819 2030 2928 2067 vo-

386 2101 637 2163 luerunt,
684 2118 710 2149 α
739 2098 867 2168 quia
910 2097 1029 2151 eius
1064 2096 1228 2152 verba
1270 2113 1328 2152 se
1354 2096 1594 2151 invicem
1633 2102 1946 2154 everterent
1979 2106 2038 2153 et
2073 2096 2144 2153 ad
2181 2099 2434 2155 haeresin
2471 2098 2814 2156 adducerent
2855 2124 2922 2164 »ς

386 2186 695 2241 accuratius
718 2193 905 2240 autem
938 2200 1055 2239 rem
1090 2184 1487 2256 investigantes
1524 2202 1550 2237 ι
1581 2185 1638 2239 in
1665 2185 1938 2255 principio
1975 2194 2031 2241 et
2066 2186 2126 2241 in
2153 2186 2264 2242 fine
2292 2186 2408 2243 eius
2435 2187 2580 2243 tradi
2621 2199 2924 2260 praecepta

385 2273 547 2345 Legis
574 2295 599 2324 »
632 2272 965 2328 invenerunt
990 2271 1227 2344 ideoque
1253 2288 1380 2328 eum
1403 2272 1462 2327 in
1487 2288 1702 2327 canone
1739 2273 2086 2330 retinuerunt
2125 2274 2319 2345 (Sinai
2354 2271 2604 2347 Scltiffer
2634 2276 2925 2333 Koheleth

384 2376 437 2431 p.
470 2367 537 2415 77
562 2376 687 2432 sqq.
713 2358 797 2415 cl'r
824 2360 882 2415 S.
914 2361 1080 2415 Hier.
1104 2359 1159 2415 in
1182 2360 1367 2416 Eccle.
1402 2365 1603 2427 12¹8).
1636 2361 1948 2433 Quotannis
1968 2370 2155 2417 autem
2181 2362 2242 2417 in
2262 2362 2401 2417 l'csto
2429 2362 2926 2420 tabernaculorum

382 2447 589 2504 librum
611 2448 667 2503 in
690 2448 981 2521 synagogis
1004 2448 1247 2519 legentes
1267 2447 1588 2516 ostendunt,
1619 2457 1826 2519 quanta
1847 2449 1900 2503 in
1920 2448 2248 2505 auctoritate
2267 2466 2394 2505 eum
2421 2449 2677 2506 habeant.
2707 2484 2782 2493 -
2803 2454 2926 2509 Nec

380 2535 436 2591 in
465 2538 621 2591 Novo
650 2537 800 2591 Test.
834 2534 1059 2607 quidem
1087 2551 1189 2591 nec
1216 2536 1285 2590 ab
1314 2535 1631 2607 apostolicis
1653 2536 1910 2591 Patribus
1939 2535 2296 2593 Ecclesiastes
2325 2553 2590 2610 umquam
2612 2539 2921 2611 allegatur:

382 2640 509 2678 eum
552 2632 740 2679 tamen
778 2638 997 2693 semper
1022 2624 1079 2677 in
1118 2639 1330 2679 canone
1366 2622 1670 2679 christiano
1706 2622 1874 2679 fuisse
1917 2632 2134 2681 certum
2175 2634 2289 2694 est,
2320 2635 2490 2697 atque
2526 2628 2673 2682 inter
2707 2630 2928 2699 primos

379 2710 552 2765 libros
587 2720 702 2776 est,
732 2711 826 2784 qui
860 2711 1093 2766 ineunte
1132 2716 1184 2766 3.
1224 2726 1368 2767 saec.
1415 2710 1529 2765 iam
1565 2712 1976 2767 commentariis
2013 2720 2146 2767 sunt
2181 2712 2442 2769 illustrati
2485 2719 2536 2781 (a
2575 2715 2668 2771 SS.
2699 2718 2924 2787 hippo-

380 2799 514 2871 lyto,
544 2798 814 2871 Gregorio
842 2800 1131 2865 Neocaes,
1164 2798 1432 2869 Blonysio
1470 2799 1629 2854 Alex.
1663 2804 1823 2866 etc.);
1871 2798 2196 2856 Theodorus
2225 2804 2539 2873 Mopsuesc.
2572 2810 2782 2869 autem,
2823 2808 2926 2876 qui

372 2884 494 2941 'eius
522 2885 867 2942 divinitatem
891 2886 1253 2958 impugnavit,
1278 2885 1574 2941 damnatus
1593 2895 1676 2941 est
1703 2902 1732 2941 a
1752 2888 1920 2943 Conc.
1947 2888 2014 2944 V.
2037 2889 2410 2945 oecumenico.
2437 2889 2523 2945 Ab
2549 2890 2642 2945 illo
2665 2899 2928 2963 tempore

376 2972 567 3029 divina
595 2975 713 3029 eius
747 2974 1050 3029 auctoritas
1092 2989 1311 3045 semper
1348 2981 1431 3029 est
1471 2974 1656 3045 agnita
1703 2991 1878 3046 usque
1926 2973 1998 3030 ad
2036 2984 2292 3031 exortum
2328 2976 2792 3047 rationalismum,
2823 2983 2922 3052 qui

377 3061 711 3132 multiplices
738 3076 955 3117 errores
982 3062 1036 3116 in
1065 3078 1129 3117 eo
1152 3059 1413 3133 detegere
1436 3061 1540 3117 sibi
1568 3062 1716 3117 visus
1741 3071 1844 3119 est.

454 3213 511 3269 5.
542 3244 617 3253 -
644 3210 1061 3270 Difficultates
1112 3216 1355 3282 autem,
1398 3228 1554 3290 quas
1597 3212 1790 3290 aliqui
1834 3213 2231 3274 obscuriores
2267 3218 2476 3276 textus
2514 3220 2730 3276 contra
2769 3217 2916 3277 libri

374 3306 854 3382 inspirationem
881 3311 1113 3379 creant,
1138 3312 1425 3368 accurata
1444 3310 1784 3369 verborum
1811 3310 2222 3387 explicatione
2251 3311 2386 3371 sine
2407 3329 2635 3389 magno
2659 3316 2918 3389 negotio

372 3406 791 3465 removentur.

442 3515 603 3570 Teste
624 3514 685 3570 S.
719 3517 1081 3585 Hieronymo
1111 3515 1283 3587 aliqui
1321 3516 1542 3573 rabbini
1579 3518 1688 3573 iam
1717 3516 2170 3587 offendebantur,
2207 3538 2232 3573 ι
2269 3536 2336 3577 eo
2365 3520 2516 3592 quod
2556 3520 2919 3579 Ecclesiastes

369 3616 541 3657 vanas
564 3611 836 3658 assereret
862 3602 965 3658 Dei
999 3612 1311 3670 creaturaS,
1346 3613 1403 3661 et
1430 3614 1617 3661 totum
1647 3614 1867 3675 putaret
1895 3622 1998 3678 pro
2021 3606 2222 3675 nihilo,
2255 3616 2312 3663 et
2336 3616 2528 3679 potum
2557 3618 2614 3665 et
2637 3610 2830 3667 cibum
2861 3622 2916 3669 et

371 3687 594 3745 delicias
620 3688 929 3761 praeferret
956 3690 1213 3747 omnibus
1237 3713 1262 3743 n
1308 3695 1393 3759 (ln
1426 3693 1606 3749 Eccle.
1651 3699 1854 3762 12,13)‚
1885 3702 2052 3767 atque
2091 3704 2236 3752 teste
2261 3696 2320 3753 S.
2359 3696 2698 3755 Plaicasmo
2733 3700 2912 3765 (haer.

374 3782 518 3843 134.)
562 3777 733 3849 aliqui
772 3777 1143 3833 Ecclesiasten
1173 3781 1561 3851 reprobarunt,
1593 3782 1720 3853 quia
1773 3802 1800 3832 α
1839 3798 2184 3855 paganorum
2225 3792 2284 3839 et
2321 3784 2756 3856 Epicuraeorum
2785 3788 2916 3844 hae-

374 3865 478 3919 resi
510 3884 535 3915 n
572 3862 807 3931 faveret,
838 3864 1089 3921 moderni
1118 3868 1495 3923 rationalistae
1522 3868 1750 3925 demum
1783 3870 1952 3926 etiam
1991 3871 2188 3927 mundi
2215 3873 2617 3941 aeternitatem,
2647 3876 2914 3933 materia-

372 3952 614 4021 lismum‚
644 3951 977 4007 fatalismum
1006 3962 1109 4009 etc.
1142 3971 1171 4009 a
1202 3955 1593 4012 concionatore
1629 3965 1820 4011 nostro
1854 3956 2044 4014 doceri
2071 3969 2342 4015 asserunt.
2373 3961 2525 4031 Quas
2550 3960 2914 4021 difficultates

373 4039 530 4094 facile
553 4056 982 4110 removeremuS,
1014 4040 1058 4095 si
1088 4040 1329 4097 admisso
1355 4042 1681 4117 dialogismo
1705 4046 1891 4100 omnia
1920 4061 2003 4109 ea,
2037 4062 2179 4117 quae
2202 4048 2368 4117 impia
2391 4064 2510 4105 esse
2537 4048 2818 4121 videntur,
2843 4068 2912 4109 ex

372 4142 603 4197 persona
632 4128 787 4201 impii
817 4128 886 4183 ab
910 4138 1135 4184 auctore
1167 4130 1403 4200 proferri
1429 4140 1485 4186 ct
1511 4132 1569 4186 in
1596 4133 1810 4203 reliquo
1841 4132 1983 4189 libro
2012 4134 2240 4190 rel'utari
2269 4133 2598 4193 diceremus.
2627 4141 2704 4194 At
2728 4136 2908 4196 dialo-

370 4214 531 4285 gismi
556 4215 771 4271 nullum
800 4216 1089 4289 vestigium
1116 4216 1300 4290 detegi
1338 4217 1606 4287 diximuS‚
1641 4217 1877 4291 ideoque
1915 4221 1982 4290 is,
2018 4223 2110 4293 qui
2139 4239 2265 4279 eum
2293 4222 2639 4294 admitteret,
2673 4226 2912 4284 arbitra—

369 4302 463 4357 riis
502 4303 965 4372 explicationibus
996 4306 1138 4361 viam
1182 4315 1481 4373 sterneret,
1516 4324 1688 4379 quum
1727 4308 1935 4377 omnia,
1965 4324 2107 4381 quae
2139 4310 2322 4367 minus
2351 4312 2590 4382 placent,
2631 4328 2908 4385 personae

370 4390 526 4460 impii
552 4391 778 4446 attribui
808 4402 1053 4461 possent.
1088 4394 1281 4465 ltaque
1325 4396 1652 4467 praecipuas
1687 4395 2024 4453 abiectiones
2061 4396 2270 4454 directe
2307 4398 2548 4455 refutare
2590 4402 2902 4473 malumus,

371 4486 430 4531 ut
459 4476 595 4531 nihil
627 4476 696 4533 ab
722 4480 1049 4536 Ecclesiaste
1079 4480 1262 4537 doceri
1294 4482 1680 4551 ostendamus,
1699 4482 1846 4555 quod
1874 4485 2088 4542 veritati
2109 4502 2220 4541 non
2243 4487 2315 4542 sit
2337 4502 2662 4544 consonum.

438 4564 519 4631 α.)
554 4568 851 4623 Auctorem
883 4583 1017 4623 vana
1051 4584 1169 4625 esse
1200 4570 1383 4625 omnia
1414 4580 1754 4627 asserentem
1782 4588 1892 4627 non
1927 4571 2123 4629 favisse
2153 4574 2639 4643 manichaeismo,
2673 4577 2904 4635 demon·
