3050 5184
618 342 696 387 nn
735 343 1150 389 ramur-suem
1194 342 1551 389 Attenuant-o
1589 344 1665 387 nr
1707 344 2079 391 mammons.
2505 332 2615 391 183

123 496 146 535 a
169 479 380 539 Latinis
411 479 709 539 Levitieus
747 477 1116 555 appellatur,
1153 500 1182 532 «
1215 477 1362 555 quia
1400 476 1655 556 proprie
1697 481 1761 537 et
1798 478 2201 555 peculiariter
2236 483 2433 539 totam
2462 478 2613 538 levi-

124 574 205 633 tici
237 576 559 635 ministerii
603 576 870 635 formam
907 575 1190 635 continet
1233 598 1261 630 »
1305 572 1394 654 (S.
1429 574 1648 655 Chrys.
1683 574 1947 653 Synops.
1981 574 2043 635 S.
2068 575 2183 655 S.).
2218 576 2413 647 Quam
2451 579 2615 635 arete

124 688 238 729 cum
267 672 680 750 praecedente
709 671 872 731 libro
901 670 1259 745 cohaereat,
1294 672 1533 731 clarum
1564 675 1677 731 est.
1714 672 1961 731 Etenim
1999 674 2335 749 postquam
2374 672 2451 732 de
2484 671 2615 731 foe-

123 766 259 826 deris
286 769 686 830 tabernaculo
716 771 925 828 actum
955 771 1080 837 est,
1113 768 1180 828 in
1210 785 1338 845 quo
1366 770 1535 827 Deus
1575 768 1873 828 continuo
1911 768 2201 829 habitans
2231 769 2469 847 populo
2500 785 2615 828 suo

121 881 379 939 praesens
409 866 750 926 adfuturus
779 867 974 935 esset,
1008 863 1086 925 de
1131 863 1256 924 illis
1304 864 1428 925 iam
1477 867 1611 924 erat
1651 864 2000 942 agendum,
2031 882 2186 944 quae
2216 883 2291 925 ex
2316 883 2426 925 sua
2450 872 2619 943 parte

121 959 208 1033 filii
221 960 400 1023 Israel
415 960 548 1023 Deo
565 966 730 1022 inter
753 964 910 1041 ipsos
937 958 1243 1021 habitanti
1267 966 1575 1039 praestare
1600 968 1657 1019 ec
1686 960 1897 1039 quibus
1914 965 2197 1022 continua
2217 962 2621 1041 divinaprae·

122 1064 270 1117 sentia
301 1078 422 1119 sese
453 1058 661 1135 diqnos
697 1058 946 1117 reddere
981 1056 1332 1118 debuerunt.
1369 1059 1588 1135 Magna
1622 1057 1886 1134 quidem
1916 1062 2013 1118 est
2040 1063 2525 1136 praeceptorum
2555 1058 2617 1116 in

123 1152 210 1213 hoc
233 1156 388 1217 libro
417 1155 802 1216 traditorum
831 1154 1120 1226 varietaS,
1154 1154 1266 1214 sed
1294 1170 1409 1232 pro
1440 1153 1675 1231 duplici
1704 1154 1944 1227 officio,
1979 1154 2151 1231 quod
2181 1155 2414 1233 populo
2444 1154 2619 1213 incu-

122 1250 244 1323 buit,
274 1253 336 1312 in
364 1253 526 1313 duas
555 1252 788 1312 classes
817 1255 964 1331 apte
994 1250 1482 1321 distribuuntur,
1515 1254 1586 1310 ut
1616 1250 1778 1311 duae
1808 1250 1935 1309 sint
1960 1250 2106 1311 libri
2136 1255 2363 1329 partes

169 1364 302 1421 Pus
327 1380 524 1423 Paron
567 1364 889 1435 (1,1-10,2o)
919 1364 994 1420 de
1021 1364 1128 1434 iis,
1162 1378 1316 1437 quae
1350 1365 1464 1418 Deo
1502 1364 1660 1419 inter
1683 1362 1845 1433 filios
1879 1362 2069 1419 Israel
2101 1362 2416 1419 habitanti
2438 1379 2619 1436 prae-

121 1452 296 1507 standa
323 1458 494 1519 sunt,
529 1454 567 1507 i.
600 1469 652 1509 e.
680 1451 750 1508 de
775 1451 1090 1519 sacrificiis,
1122 1450 1254 1523 agit.

173 1548 210 1593 1.
235 1540 648 1597 Sacrificiorum
675 1540 861 1595 variae
889 1546 1290 1595 enumerantur
1313 1538 1523 1609 species
1553 1546 1610 1594 et
1636 1537 1777 1593 ritus
1803 1537 2193 1607 describuntur
2221 1542 2501 1608 (1,1-6,7),

168 1632 207 1680 2.
233 1626 438 1683 deinde
461 1642 845 1699 personarum,
874 1640 972 1698 per
995 1642 1133 1697 quas
1161 1624 1442 1682 offerenda
1469 1634 1616 1694 sunt,
1643 1626 1683 1681 i.
1717 1641 1768 1680 e.
1800 1625 2173 1694 sacerdotum,
2204 1625 2266 1682 in
2292 1626 2361 1681 iis
2388 1625 2620 1682 offeren-

283 1714 370 1771 dis
395 1730 642 1771 munera
665 1722 722 1770 et
747 1714 868 1769 iura
897 1713 1212 1770 indicantur
1246 1714 1561 1784 (6,8-7,36)‚

168 1808 206 1856 3.
232 1804 654 1875 primorumque
681 1801 1030 1858 sacerdotum
1057 1800 1401 1857 consecratio
1430 1808 1486 1855 et
1512 1800 1789 1856 institutio
1818 1808 2117 1857 narrantur
2144 1804 2490 1870 (8,1-10,20).

167 1898 386 1948 Atrnu
417 1906 578 1947 rans
607 1894 972 1957 (11,1-27,34)
1003 1889 1078 1945 de
1089 1888 1400 1944 ‘munditie
1426 1888 1500 1943 ob
1529 1888 1805 1944 divinam
1828 1891 2243 1961 praesenciam
2272 1889 2580 1961 requisita.

171 1979 292 2034 t.1n
327 1979 552 2051 integro
587 1977 792 2049 populo
829 1977 1134 2048 requiritur
1159 1975 1461 2031 mundities
1499 1984 1724 2032 externa
1763 1976 1985 2047 legalis,
2015 1975 2255 2047 ideoque
2294 1991 2359 2032 ea
2390 1991 2619 2032 enume-

283 2076 505 2132 rantur,
539 2065 742 2138 quibus
777 2065 1093 2121 conservari
1131 2062 1297 2119 debet
1333 2066 1721 2132 (11,1·18,30);
1754 2062 1825 2119 ad
1863 2072 2149 2119 externam
2186 2070 2372 2119 autem
2401 2062 2617 2119 interna

281 2152 520 2211 accedat
549 2160 771 2224 oportet
803 2157 1188 2222 (19,1-20‚27).

165 2248 204 2295 2.
233 2246 294 2298 ln
321 2239 712 2298 sacerdotibus
737 2240 919 2297 maior
945 2240 1246 2311 requiritur
1274 2237 1578 2294 mundities
1606 2247 1831 2295 externa
1861 2246 1917 2295 et
1952 2238 2199 2307 interna,
2230 2238 2466 2310 ideoque
2494 2252 2617 2310 spe-

287 2330 453 2386 cialia
483 2336 778 2401 praecepta
805 2328 1098 2384 observare
1122 2326 1326 2383 debent
1349 2330 1735 2395 (21,1-22,33).

167 2423 210 2471 3.
237 2419 513 2490 Populum
538 2424 594 2472 et
617 2414 931 2472 sacerdotes
953 2423 1204 2487 spectant
1229 2415 1445 2485 reliqua
1479 2422 1799 2485 praecepta,
1820 2416 1903 2470 uti
1939 2414 2107 2471 etiam
2138 2414 2530 2485 promissiones
2565 2422 2621 2471 et

283 2504 737 2571 maledictioneS,
770 2520 868 2575 pro
897 2503 1060 2576 Legis
1088 2502 1474 2559 observatione
1501 2510 1599 2557 aut
1626 2502 1923 2558 violatione
1948 2507 2328 2572 (23,1-27,34>.

173 2668 220 2723 5.
247 2699 324 2708 -
351 2666 632 2736 Quartus
659 2664 822 2723 liber
849 2662 926 2723 ab
965 2661 1406 2723 Alexandrinis
1435 2660 1699 2741 Ἀριθμοί,
1728 2679 1766 2720 a
1796 2662 2026 2722 Latinis
2066 2660 2310 2721 Numeri
2346 2661 2617 2739 appella—

117 2766 210 2829 tur,
241 2784 270 2813 α
299 2762 452 2839 quia
481 2762 547 2820 in
578 2777 656 2819 eo
685 2760 882 2820 totius
913 2758 1130 2838 populi
1162 2773 1470 2819 numerus
1499 2758 1861 2819 continetur
1888 2758 2059 2818 tribu
2098 2774 2474 2835 unaquaque
2514 2758 2615 2817 Iu-

117 2856 380 2935 daeorum
419 2856 773 2917 secundum
809 2855 924 2915 Dei
963 2858 1376 2933 praeceptum
1413 2855 1725 2914 recensita
1766 2877 1795 2909 »
1841 2852 1967 2933 (Ps.
2011 2853 2239 2914 Athen.
2281 2852 2611 2931 Synops.);

115 2954 284 3028 aptius
322 2958 543 3015 tamen
588 2971 625 3013 a
669 2952 948 3012 rabbinis
991 2951 1314 3012 interdum
1348 2972 1378 3003 «
1409 2958 1476 3011 in
1511 2952 1746 3011 deserto
1778 2974 1807 3005 »
1843 2948 2125 3030 (πει-Ποῖ.)
2156 2953 2437 3021 vocatur,
2474 2949 2617 3027 quia

118 3048 306 3127 integri
333 3050 511 3111 illius
541 3049 876 3127 temporiS‚
911 3065 1034 3125 quo
1065 3048 1176 3107 filii
1207 3047 1400 3107 Israel
1429 3048 1495 3106 in
1526 3047 1775 3108 deserto
1806 3046 2185 3126 peregrinati
2216 3049 2397 3119 sunt,
2427 3044 2617 3106 histo-

118 3144 240 3205 riam
267 3146 572 3208 continet.
2366 3150 2377 3159 ‘

169 3266 523 3338 legislatione
547 3265 702 3322 enim
723 3264 994 3333 sinaitica,
1024 3279 1190 3335 quam
1218 3262 1444 3320 exhibet
1471 3264 1766 3333 LeviticuS,
1796 3264 2044 3320 narratio
2072 3264 2289 3320 itineris
2310 3264 2617 3335 interrupta

119 3360 210 3407 erat
229 3370 456 3426 eamque
475 3368 626 3409 nunc
643 3352 933 3409 continuat
951 3358 1144 3407 auctor
1167 3359 1336 3423 atque
1356 3366 1388 3407 a
1405 3367 1597 3407 mense
1628 3357 1680 3407 1.
1710 3351 1843 3407 anni
1868 3357 1923 3407 2.
1944 3366 2121 3422 usque
2150 3351 2218 3407 ad
2238 3367 2313 3406 m.
2342 3358 2427 3407 11.
2450 3366 2501 3406 a.
2524 3357 2613 3408 40.

121 3440 350 3507 perducit.
379 3444 576 3514 Neque
611 3448 800 3497 tamen
841 3440 984 3496 serie
1011 3439 1270 3495 continua
1301 3438 1592 3495 historiam
1619 3447 1838 3507 narrat,
1872 3438 1968 3494 sed
2006 3437 2201 3495 eadem
2239 3439 2481 3507 ratione,
2510 3454 2617 3510 qua

121 3526 310 3599 longum
325 3538 545 3600 tempus
569 3544 600 3585 a
630 3526 855 3599 Iosephi
872 3534 1054 3583 morte
1080 3542 1255 3598 usque
1281 3523 1354 3582 ad
1373 3527 1582 3598 Moysis
1604 3526 1950 3583 nativitatem
1974 3527 2197 3583 silentio
2225 3527 2614 3599 praetermisit,

121 3616 254 3673 etiam
275 3617 498 3690 triginta
521 3624 735 3688 septem
759 3614 1220 3688 peregrinationis
1243 3629 1418 3670 annos
1441 3613 1763 3670 brevissime
1785 3614 2040 3671 absolvit.
2066 3615 2177 3670 Pro
2199 3614 2311 3670 fine
2339 3614 2489 3669 enim
2516 3629 2616 3669 suo

124 3701 192 3755 illa
215 3704 324 3761 sola
351 3706 460 3761 fata
491 3705 682 3776 populi
708 3704 794 3760 sui
821 3718 1051 3759 narrare
1087 3702 1289 3769 voluit,
1321 3718 1463 3774 quae
1501 3702 1753 3773 proxime
1789 3711 1845 3757 et
1872 3701 2083 3758 directe
2122 3700 2195 3757 ad
2236 3702 2471 3758 salutem
2514 3717 2615 3773 per

125 3790 366 3848 Israelitas
390 3792 648 3849 omnibus
683 3791 940 3865 gentibus
973 3788 1412 3846 conservandam
1448 3790 1798 3861 spectabant,
1839 3798 1896 3845 at
1932 3790 2466 3845 murmurationibus
2508 3789 2619 3843 suis

123 3892 282 3935 ‘mnes
301 3880 400 3949 illi,
431 3880 528 3953 qui
555 3879 660 3936 viri
687 3896 754 3935 ex
783 3882 1033 3952 Aegypto
1060 3877 1267 3950 egressi
1295 3886 1472 3946 erant,
1503 3877 1765 3949 indignos
1792 3892 1911 3932 sese
1937 3875 2324 3945 reddiderant,
2358 3875 2455 3947 qui
2476 3874 2618 3931 divi-

122 3979 226 4019 nam
249 3968 632 4024 revelationem
657 3974 1078 4031 conservarent,
1109 3974 1276 4038 atque
1315 3965 1460 4021 iusto
1489 3965 1596 4020 Dei
1630 3962 1837 4020 iudicio
1877 3963 2237 4022 condemnati
2277 3973 2431 4030 sunt,
2474 3963 2621 4019 utin

124 4050 308 4108 deserto
333 4064 694 4112 morerentur.
721 4056 906 4125 Quare
935 4056 1181 4127 Moyses,
1213 4061 1508 4126 postquam
1536 4052 1867 4109 sententiam
1892 4053 2064 4108 latam
2090 4052 2300 4119 retulit,
2328 4052 2446 4107 eins
2474 4066 2621 4106 exse-

129 4140 370 4197 unionem
407 4142 819 4214 praetermittit,
847 4156 1028 4213 neque
1066 4141 1374 4213 quidquam
1409 4139 1478 4195 de
1519 4148 1637 4197 tota
1675 4140 1773 4195 ina
1814 4140 2167 4212 generatione
2204 4138 2376 4193 tradit
2404 4146 2621 4210 praeter

133 4228 419 4292 paucissima
459 4230 632 4299 faeta,
662 4244 804 4302 quae
845 4232 1027 4285 Deum
1067 4228 1234 4284 etiam
1274 4235 1396 4283 tum
1436 4228 1601 4300 Legis
1638 4227 2014 4284 observationi
2055 4226 2366 4299 invigilasse
2394 4224 2614 4280 docent.

127 4310 458 4374 Gener-atione
497 4328 684 4375 autem
718 4318 816 4373 iila
841 4325 1062 4373 mortua
1099 4318 1318 4389 Moyses
1359 4315 1737 4372 narrationem
1772 4330 1932 4371 suam
1960 4315 2192 4370 resumit
2231 4322 2287 4369 et
2314 4313 2385 4369 de
2423 4314 2618 4369 ultimo

129 4404 544 4473 peregrinationis
571 4422 719 4462 anno
747 4404 880 4461 satis
911 4403 1028 4460 fuse
1057 4404 1193 4476 agit.

191 4549 526 4615 Secundum
554 4556 860 4634 temporis
887 4554 1197 4614 rationem
1223 4558 1350 4614 tres
1381 4552 1523 4612 libri
1554 4555 1973 4615 Numerorum
1997 4557 2206 4631 partes
2229 4551 2623 4630 distinguun-

132 4646 234 4713 tur,
265 4663 510 4723 quarum
539 4668 858 4713 summum
887 4653 1328 4729 argumentum
1357 4650 1478 4710 hoc
1507 4654 1603 4711 est
1636 4668 1651 4710 ε
