3050 5184
748 317 821 360 or.
863 316 1307 361 APOCALYPSEOS
1348 299 1752 360 Expmcinnin
1797 315 2072 360 amoni-3.
2555 299 2670 356 617

140 450 433 520 supponit,
459 448 672 519 integra
702 445 817 502 lere
856 445 927 502 de
957 446 1157 502 futuris
1182 445 1351 504 rebus
1378 446 1518 516 agit,
1553 461 1690 516 quas
1729 446 1952 501 incertis
1986 455 2205 501 tantum
2233 445 2560 500 coniecturis
2587 451 2670 498 at-

142 536 359 606 tingere
386 535 533 602 lieet,
565 533 791 590 evidens
816 541 923 599 est,
952 547 1281 588 eonsensum
1311 533 1515 588 exoriri
1543 549 1656 588 non
1677 533 1944 603 potuisse,
1966 533 2072 588 nisi
2095 533 2426 603 interpretes
2452 529 2670 596 codem,

142 638 259 693 quo
285 629 500 687 auctor,
522 621 721 692 spiritu
748 619 1070 692 prophetico
1090 620 1408 676 dicerentur
1429 619 1701 675 instructi.
1729 620 2136 692 Apoealypseos
2154 618 2322 692 igitur
2348 618 2670 682 obscuritas»,

142 724 311 780 quam
348 709 535 764 nullus
572 708 857 779 hucusque
887 709 1159 777 interpres
1186 707 1508 773 illustravit,
1551 715 1879 778 argumento
1919 707 2078 762 nobis
2106 716 2216 774 est,
2248 721 2372 761 eam
2408 704 2476 760 de
2509 701 2674 760 rebus

142 811 309 867 agere
352 795 575 865 l'uturis,
609 811 747 867 quas
787 797 842 851 S.
875 793 1111 864 Spiritus
1138 795 1344 850 ultimis
1386 802 1601 849 tantum
1647 794 1923 849 Ecclesiae
1955 793 2310 864 temporibus
2355 791 2674 847 manifestas

150 899 271 938 esse
300 883 493 938 voluit.

210 969 497 1025 Obiieiunt
532 968 759 1041 quidem
790 968 1091 1025 adversarii
1126 973 1211 1035 a.)
1246 989 1271 1020 α
1302 969 1421 1024 cito
1448 989 1473 1020 η
1502 967 1855 1038 adimplenda
1883 984 1912 1024 a
1946 969 2002 1023 S.
2036 971 2245 1024 Ioanne
2281 967 2388 1022 dici
2415 965 2674 1020 vaticinia

144 1063 281 1124 (m.
314 1063 377 1124 33
408 1062 555 1124 226.
593 1062 677 1112 1⁰.
717 1060 837 1124 20);
877 1065 935 1111 at
969 1054 1303 1112 vocabulum
1337 1054 1477 1111 illud
1514 1054 1826 1128 urgendum
1867 1070 1985 1111 esse
2017 1070 2301 1127 negamus.
2342 1053 2560 1109 Etenim
2605 1049 2674 1106 ad

142 1159 323 1200 unum
350 1159 542 1200 omnes
569 1145 897 1215 interpretes
924 1143 1181 1199 catholici
1217 1142 1328 1198 duo
1357 1143 1446 1198 vel
1477 1143 1586 1199 tria
1618 1143 1814 1198 ultima
1841 1143 2038 1198 saltem
2066 1143 2246 1214 capita
2271 1141 2342 1197 de
2368 1140 2678 1196 novissimis

143 1231 423 1286 Ecclesiae
448 1231 791 1303 temporibus
826 1230 1169 1302 intelligunt3
1198 1231 1313 1286 iam
1348 1247 1478 1286 vero
1516 1229 1653 1286 illud
1687 1249 1714 1281 α
1743 1233 1860 1286 cito
1895 1251 1920 1282 u
1955 1234 2123 1298 (22⁶)
2151 1231 2318 1286 etiam
2353 1228 2548 1284 ultima
2583 1226 2676 1281 illa

142 1317 328 1390 capita
370 1320 781 1390 complectitur3
808 1317 1005 1374 eodem
1051 1318 1219 1390 igitur
1262 1333 1457 1386 sensu,
1496 1334 1608 1389 quo
1652 1317 1722 1374 de
1759 1317 1999 1384 ultimiS,
2040 1317 2110 1374 de
2151 1317 2376 1392 reliquis
2412 1314 2678 1370 vaticiniis

140 1405 410 1477 explicari
444 1413 624 1476 potest
665 1421 731 1461 ac
774 1404 959 1462 debet.
1000 1407 1217 1461 Revera
1249 1425 1275 1457 α
1318 1407 1644 1477 mysterium
1671 1405 1975 1477 iniquitatis
2005 1425 2030 1457 u
2049 1446 2066 1474 ,
2097 1403 2247 1477 quod
2282 1405 2341 1459 in
2382 1403 2676 1459 novissimo

140 1502 400 1564 tempore
430 1492 720 1549 manifeste
748 1493 1059 1564 apparebit,
1084 1493 1388 1563 apostolico
1411 1492 1792 1564 tempor-eiam
1810 1490 2146 1563 operabatur
2167 1489 2270 1559 (cfr
2289 1498 2322 1548 2
2349 1490 2544 1546 Thess,
2565 1493 2673 1554 2.);

142 1589 380 1636 eatenus
405 1580 575 1652 igitur
602 1582 719 1635 cito
740 1581 1039 1650 implentur
1068 1580 1321 1636 vaticinia
1344 1581 1723 1652 apocalyptica
1739 1622 1753 1648 ,
1780 1588 2052 1651 quatenus
2076 1595 2271 1634 eorum
2293 1577 2540 1649 impletio
2566 1577 2677 1632 iam

142 1678 401 1738 tempore
424 1667 727 1738 apostolico
757 1675 839 1722 est
862 1667 1119 1723 inchoata
1148 1675 1319 1738 atque
1348 1667 1501 1722 omni
1533 1666 1807 1723 Ecclesiae
1835 1675 2086 1738 tempore
2114 1667 2486 1723 continuatur.
2506 1693 2578 1706 —
2600 1663 2676 1730 b.)

148 1776 175 1803 a
209 1759 291 1809 At
324 1755 535 1810 inutilia
564 1753 793 1810 fuissent
820 1754 1099 1821 vaticinia,
1127 1755 1414 1826 inquiunt,
1446 1754 1493 1809 si
1516 1753 1588 1808 de
1615 1754 1826 1810 ultimis
1852 1754 2194 1824 temporibus
2221 1752 2510 1810 dumtaxat
2545 1767 2678 1823 age-

143 1849 277 1896 rent
311 1861 363 1896 ¹0.
394 1844 479 1895 De
506 1841 614 1896 fine
654 1849 711 1898 et
750 1841 986 1897 utilitate
1026 1841 1433 1913 Apocalypseos
1459 1842 1648 1911 statim
1691 1839 1970 1910 dicemus;
2006 1841 2113 1896 hoc
2153 1840 2278 1896 loco
2313 1841 2680 1910 interrogasse

141 1927 387 1996 sufficit,
404 1944 541 1984 num
562 1929 1033 2001 protevangelium
1060 1928 1251 2001 primis
1274 1927 1593 1999 parentibus
1620 1935 1746 2000 post
1771 1942 1966 1983 eorum
1993 1935 2279 1999 peceatum
2300 1927 2495 1982 datum
2519 1925 2682 1982 fuerit

141 2015 370 2084 inutile,
404 2017 534 2072 licet
570 2032 683 2071 non
724 2017 827 2072 nisi
856 2024 979 2087 post
1018 2015 1201 2071 nescio
1227 2024 1363 2087 quot
1391 2015 1564 2071 millia
1593 2030 1870 2071 annorum
1893 2015 2107 2086 impleri
2133 2013 2386 2070 debuerit
2407 2029 2588 2084 neque
2612 2013 2681 2068 ab

143 2104 257 2159 illis
299 2103 459 2175 plene
502 2103 734 2176 intelligi
778 2103 1037 2174 potuerit.
1064 2134 1135 2144 —
1172 2107 1245 2170 c.)
1273 2103 1447 2158 Porro
1489 2109 1748 2181 monent,
1782 2101 1849 2158 ab
1891 2102 2054 2157 huius
2090 2103 2392 2157 sententiae
2436 2100 2684 2173 patronis

141 2191 371 2246 admitti
406 2189 606 2247 debere
631 2191 975 2247 chiliasmum
1014 2191 1084 2247 ab
1123 2189 1362 2246 Ecclesia
1404 2189 1752 2246 damnatum.
1791 2188 2241 2259 Respondemus,
2267 2188 2472 2244 multos
2510 2187 2681 2242 inter-

142 2287 356 2350 pretes,
390 2279 483 2350 qui
514 2279 619 2335 hoc
648 2287 884 2352 systema
905 2276 1227 2346 defendunt,
1257 2277 1608 2334 chiliasmum
1637 2291 2044 2348 quemcumque
2071 2277 2272 2332 acriter
2301 2274 2592 2346 repudiare
2620 2290 2685 2330 ac

142 2367 313 2440 proin
339 2367 618 2423 immerito
648 2366 792 2422 hane
822 2366 1183 2422 obiectionem
1212 2363 1477 2436 proferri;
1506 2363 1751 2420 secundo
1780 2373 1966 2419 autem
1997 2365 2118 2419 loco
2144 2378 2431 2435 negamus,
2463 2377 2684 2418 omnem

140 2455 424 2511 chiliasmi
464 2453 699 2511 formam
728 2455 795 2510 ab
824 2454 1068 2510 Ecclesia
1112 2469 1230 2509 esse
1270 2453 1593 2509 damnatam
1631 2451 1733 2520 (cl'r
1758 2454 1816 2508 S.
1849 2457 2004 2524 Auq.
2049 2467 2213 2506 serm.
2243 2456 2436 2519 259‚2;
2463 2449 2581 2505 Civ.
2609 2452 2681 2504 D.

142 2545 287 2598 XX.
314 2549 344 2596 7
365 2551 420 2598 et
442 2543 745 2598 Franzelin
772 2541 841 2598 de
867 2543 994 2597 Div.
1014 2540 1181 2596 Trad.
1205 2557 1260 2612 p.
1283 2545 1423 2612 204).
1448 2571 1513 2581 —-
1537 2539 1623 2608 d.)
1646 2542 1888 2595 Demum
1916 2538 2198 2603 obiiciunt,
2224 2553 2383 2610 capp.
2413 2543 2473 2591 17
2483 2579 2494 2590 .
2517 2545 2572 2592 et
2597 2541 2680 2592 18.

141 2633 393 2686 Romam
420 2629 697 2686 ethnicam
727 2645 845 2685 esse
873 2627 1320 2701 intelligendam,
1348 2644 1411 2684 ac
1439 2627 1604 2700 proin
1629 2635 1806 2683 totam
1835 2625 2206 2697 Apocalypsin
2237 2624 2308 2680 de
2335 2622 2608 2679 iudaismo
2634 2632 2689 2678 et

142 2717 525 2790 polytheismo
586 2717 815 2772 devictis
861 2732 1044 2788 agere.
1094 2716 1202 2772 Sed
1254 2715 1536 2771 conclusio
1579 2714 1747 2770 latius
1795 2721 1974 2786 patet;
2015 2713 2136 2768 iure
2177 2712 2324 2767 enim
2381 2712 2683 2783 quaeritur,

140 2821 339 2861 annon
383 2804 479 2861 illa
522 2803 740 2860 ethnica
784 2807 962 2860 Roma
1009 2803 1079 2860 sit
1123 2803 1301 2875 figura
1340 2805 1544 2876 (typus)
1569 2803 1657 2857 vel
1702 2801 2015 2876 symbolum
2055 2799 2443 2871 metropole0S,
2477 2799 2536 2854 in
2581 2814 2686 2870 qua

142 2891 414 2949 residebit
440 2891 841 2960 Antichristus,
869 2891 952 2947 vel
980 2891 1163 2962 potius
1194 2899 1358 2965 typus
1386 2897 1483 2945 aut
1524 2889 1838 2963 symbolum
1879 2889 2037 2961 regni
2063 2886 2466 2944 antichristiani
2494 2885 2684 2957 ipsius.

138 2983 299 3038 Num
348 2980 469 3052 quis
506 2977 752 3046 dubitat,
794 2980 1094 3034 Dominum
1126 2979 1357 3045 (matth.
1388 2981 1505 3044 24.)
1535 2975 1605 3033 de
1631 2977 1839 3033 ultimis
1864 2975 2210 3048 temporibus
2257 2990 2376 3030 esse
2419 2974 2688 3043 locutum,

140 3083 495 3142 quamquam
534 3067 800 3122 nonnulla
838 3083 904 3122 ex
928 3067 995 3121 iis
1010 3109 1023 3135 ‚
1056 3081 1195 3138 quae
1214 3065 1379 3140 dixit,
1403 3062 1729 3135 imperfecto
1751 3074 1805 3120 et
1823 3065 2006 3138 typico
2026 3063 2196 3120 modo
2213 3062 2271 3118 in
2295 3061 2451 3117 urbis
2468 3070 2690 3117 sanctae

142 3155 537 3214 destructione
567 3163 725 3210 erant
752 3153 1069 3226 implenda?

558 3337 601 3428 ξ
630 3346 692 3406 3.
727 3377 813 3388 ·—-
837 3341 933 3405 De
967 3339 1461 3428 Apocalypseos
1490 3339 1630 3425 fine
1665 3339 1938 3426 eiusque
1967 3337 2278 3404 utilitate.

230 3529 290 3586 1.
322 3556 401 3570 —
432 3524 716 3584 Asiaticis
747 3523 1032 3602 proxime
1054 3522 1339 3582 ecclesiis
1358 3523 1525 3582 Deus
1550 3540 1663 3600 per
1687 3521 1751 3582 S.
1778 3523 2080 3582 Ioannem
2101 3521 2522 3600 Apocalypsin
2544 3520 2692 3581 dare

138 3621 389 3694 voluit,
424 3625 491 3680 ut
516 3637 621 3680 eas
651 3621 718 3679 in
744 3618 1129 3697 gravissimis
1151 3617 1449 3696 periculis
1478 3619 1720 3695 positas
1746 3617 1827 3679 ad
1851 3635 2072 3697 puram
2106 3617 2474 3686 servandam
2501 3616 2692 3676 fidem

141 3717 681 3793 sustinendasque
707 3715 1181 3793 persecutiones
1214 3714 1654 3774 exhortaretur
1687 3721 1752 3774 et
1789 3715 2200 3787 confortaret3
2245 3714 2350 3774 cui
2383 3713 2492 3772 fini
2521 3729 2694 3772 asse-

140 3813 415 3894 quendo
436 3813 755 3891 integrum
778 3829 939 3890 opus
966 3827 1153 3888 quam
1183 3810 1419 3888 optime
1450 3815 1548 3870 est
1573 3810 1956 3889 adaptatum.

224 3921 440 3974 Versus
458 3916 629 3972 finem
658 3921 705 3970 1.
732 3928 877 3971 saec.
912 3914 1173 3970 ecclesiae
1198 3914 1361 3969 Asiae
1382 3913 1515 3969 Min.
1545 3913 1602 3970 in
1630 3916 1846 3987 magnis
1864 3911 2286 3969 difficultatibus
2311 3911 2689 3967 versabantur.

148 4009 437 4064 Haereses
458 4003 919 4072 antinomisticae‚
952 4017 1091 4074 quas
1114 4003 1207 4058 SS.
1238 4001 1490 4070 lacobus,
1525 3999 1714 4072 Iudas,
1741 4003 1939 4057 Petrus
1967 3999 2213 4070 epistolis
2239 3999 2353 4054 suis
2383 4000 2496 4054 iam
2520 3999 2694 4070 impu·

144 4100 486 4166 gnaverant,
514 4092 685 4146 victas
712 4105 911 4146 manus
936 4087 1188 4146 nondum
1218 4086 1507 4158 dederant,
1534 4096 1702 4160 atque
1730 4087 1967 4160 gnostici
1993 4102 2242 4152 errores,
2274 4102 2512 4158 quorum
2542 4085 2697 4141 initia

144 4185 207 4239 S.
234 4179 445 4236 Paulus
457 4177 817 4246 refutaverat,
837 4177 1003 4233 latius
1020 4191 1238 4249 serpere
1260 4176 1530 4246 novisque
1559 4175 1660 4232 sub
1691 4174 1882 4230 formis
1909 4173 2168 4229 ecelesias
2185 4173 2308 4229 illas
2327 4182 2544 4230 vastare
2567 4189 2697 4229 coe-

148 4275 376 4341 perant.
411 4265 623 4336 Quibus
648 4264 881 4321 internis
908 4264 1161 4320 hostibus
1192 4271 1545 4320 accesserunt
1587 4271 1846 4318 externae
1873 4260 2308 4332 persecutiones;
2335 4262 2697 4317 neronianam

149 4363 354 4413 secuta
382 4361 503 4410 erat
528 4354 704 4409 altera
720 4391 735 4422 ‚
764 4367 940 4424 eaque
966 4351 1023 4406 in
1048 4352 1341 4422 provinciis
1366 4351 1650 4406 cruentior
1675 4348 1886 4404 ultimis
1905 4347 2211 4402 Domitiani
2241 4349 2427 4415 annis;
2451 4349 2700 4420 plerique

154 4441 417 4515 Apostoli
442 4450 623 4497 morte
651 4447 880 4498 cruenta
910 4439 1081 4496 vitam
1108 4439 1393 4506 finierant3
1417 4441 1473 4495 S.
1498 4439 1762 4504 IoanneS‚
1788 4435 1882 4507 qui
1910 4434 2062 4490 solus
2089 4443 2374 4507 superstes
2394 4435 2558 4491 fuisse
2577 4453 2698 4493 cre·

154 4533 337 4599 ditur,
366 4530 425 4586 in
456 4529 647 4586 exsilio
678 4526 916 4599 degebat
942 4527 1107 4598 longe
1133 4524 1203 4580 ab
1232 4525 1477 4582 eeclesiis
1506 4538 1636 4580 suae
1663 4539 1830 4578 curae
1867 4523 2192 4579 commissis.
2221 4523 2367 4593 Quid
2395 4524 2596 4580 mirum
2613 4569 2626 4594 ‚
2657 4525 2700 4580 si

156 4620 381 4688 tidelm,
406 4618 501 4689 qui
529 4615 809 4680 nondum,
836 4613 977 4669 sicut
1004 4628 1106 4669 nos
1136 4613 1303 4669 hodie
1320 4656 1333 4682 ,
1360 4613 1651 4668 continuas
1681 4610 1934 4668 victorias
1963 4610 2034 4668 ab
2073 4611 2320 4666 Ecclesia
2347 4611 2418 4666 de
2445 4613 2702 4669 omnibus
