3050 5184
393 315 510 374 152
637 326 917 373 msromA
959 326 1320 371 exsensum.
1368 343 1446 352 —
1487 324 1621 368 cAr.
1670 324 1756 367 tv.
1803 322 2126 368 cA'rnoLch
2169 322 2679 367 lsrssnrnnrxrio.

394 476 562 531 quam
590 476 691 531 par
717 468 828 527 est,
863 458 1127 515 limitibus
1155 455 1609 529 circumscribens
1637 455 1823 527 aliqua
1858 456 2132 525 vaticinia,
2164 472 2307 527 quae
2336 456 2392 510 in
2418 456 2488 512 N.
2520 458 2587 509 T.
2613 453 2685 510 de
2712 453 2955 509 Christo

395 548 754 619 explicantur,
785 548 834 603 ei
863 546 1152 603 dumtaxat
1178 544 1589 601 accommodari
1627 543 1866 613 censuit3
1896 544 2183 601 Canticum
2220 546 2380 600 Cant.
2424 559 2646 615 quoque
2684 541 2956 611 aliosque

393 637 592 705 libroS‚
625 637 749 708 quia
789 635 1230 707 metaphoricum
1266 641 1362 689 aut
1388 632 1556 688 etiam
1592 632 1877 703 proprium
1907 647 2102 687 eorum
2133 648 2356 687 sensum
2392 648 2509 688 non
2534 630 2697 696 vidit,
2730 645 2803 687 ex
2846 646 2957 685 ca-

391 739 538 780 none
565 724 850 793 expunxit.
873 724 1130 779 Ceterum
1153 721 1352 793 reliqui
1376 722 1569 776 Patres
1595 736 1790 776 omnes
1820 719 2063 777 mediam
2100 720 2257 792 quasi
2287 719 2432 775 viam
2460 719 2607 775 inter
2632 719 2959 791 origenem

394 820 450 867 et
474 812 833 867 Theodorum
867 813 1166 883 Mopsuest.
1207 817 1530 877 tenuerunt,
1562 808 1689 865 licet
1726 824 1794 863 ex
1835 824 2029 863 eorum
2073 807 2445 881 frequentiore
2472 808 2561 865 vel
2603 808 2793 863 minus
2826 806 2959 865 fre-

394 908 596 972 quente
623 900 914 973 allegorica
937 898 1302 969 explicatione
1325 898 1654 966 innotescat,
1686 912 1926 968 quanam
1954 912 2021 953 ex
2049 896 2238 952 schola
2270 895 2594 967 prodierint.

393 1068 436 1157 ἓ
469 1075 576 1135 10.
597 1107 688 1119 --
711 1066 1076 1155 Praecipui
1107 1064 1501 1157 interpretes
1541 1064 1895 1133 orientales
1928 1086 1973 1131 a
1998 1072 2063 1132 3.
2096 1064 2421 1155 usquead
2446 1072 2511 1132 6.
2550 1064 2957 1132 saeculum.

475 1257 533 1313 1.
567 1288 646 1297 —-
675 1252 1077 1313 Alexandrini
1108 1250 1297 1328 primi
1327 1250 1619 1311 videntur
1646 1250 1869 1325 fuisse,
1899 1250 2007 1328 qui
2036 1252 2505 1312 commentariis
2534 1256 2640 1311 aut
2670 1250 2963 1311 scholiis

396 1353 673 1429 integros
720 1350 916 1409 libros
956 1366 1163 1409 sacros
1204 1348 1627 1426 explicarunt;
1660 1351 1847 1423 atque
1886 1363 2045 1406 SAEC.
2078 1348 2138 1407 3.
2172 1348 2337 1407 inter
2374 1366 2480 1408 eos
2524 1348 2965 1411 eminuerunt

398 1448 674 1509 Clemens
689 1446 863 1507 Alex.
885 1445 954 1525 (†
963 1442 1159 1527 211),
1186 1445 1466 1519 Oriqenes
1482 1443 1550 1523 (†
1574 1442 1743 1523 254.)
1761 1444 2021 1520 eiusque
2043 1443 2392 1521 discipulus
2407 1445 2473 1505 S.
2498 1443 2837 1522 Dionysius
2854 1448 2959 1507 M.

394 1542 463 1622 (†
505 1542 696 1623 265.),
745 1544 844 1603 cui
891 1543 1050 1602 alter
1091 1541 1446 1619 praeclarus
1500 1541 1783 1618 Origenis
1831 1540 2209 1619 discipuluS‚
2252 1541 2319 1601 S.
2372 1541 2689 1619 Greyorius
2748 1546 2959 1605 Neoc.

394 1641 902 1717 Thaumaturgus
933 1637 1002 1717 (†
1029 1636 1195 1718 270.)
1226 1638 1454 1698 merito
1484 1638 1869 1715 adiungitur.

461 1754 734 1823 Quoniam
754 1753 815 1808 in
841 1750 1284 1809 Introductione
1303 1767 1454 1823 spec.
1484 1751 1883 1823 praeclariores
1910 1750 2358 1818 commentario&
2384 1752 2479 1823 qui
2500 1752 2556 1807 in
2578 1752 2847 1825 singulos
2880 1758 2967 1812 li-

389 1840 521 1899 bros
549 1858 581 1897 a
609 1840 868 1897 Patribus
899 1848 956 1895 et
995 1838 1298 1897 iunioribus
1323 1839 1719 1911 interpretibus
1744 1838 2032 1895 catholicis
2068 1839 2365 1911 conscripti
2392 1848 2538 1908 sunt,
2570 1845 2965 1900 enumerabi-

392 1944 534 1998 mus,
563 1929 622 1983 in
645 1928 752 1984 hae
775 1942 1066 2001 exegeseos
1096 1927 1322 1983 historia
1361 1928 1677 1999 generalem
1714 1926 2001 1983 dumtaxat
2026 1926 2281 1983 laborum
2306 1936 2661 2000 conspectum
2692 1930 2965 1989 exhibe-

393 2018 590 2081 bimuS,
625 2016 822 2088 quibus
847 2032 946 2087 pro
983 2030 1082 2071 sua
1126 2016 1358 2086 quisque
1396 2022 1551 2086 parte
1584 2014 1655 2071 ad
1692 2016 2005 2086 profectum
2040 2014 2350 2069 studiorum
2395 2017 2965 2087 scripturisticorum

389 2105 760 2161 contulerunt.
791 2104 1012 2159 Primus
1039 2103 1350 2175 exegeticae
1375 2102 1603 2157 scholae
1629 2102 2017 2158 alexandrinae
2042 2099 2303 2158 fundator
2328 2104 2447 2159 iure
2475 2112 2737 2160 censetur
2767 2112 2965 2165 Pan-

391 2201 603 2249 taenus
631 2192 694 2263 (†
728 2190 895 2263 206.)‚
928 2206 1094 2263 quem
1123 2191 1328 2247 multos
1365 2192 1793 2247 commentarios
1829 2191 1887 2245 in
1914 2193 1970 2247 S.
2002 2190 2342 2261 Scripturam
2381 2193 2657 2264 scripsisse
2686 2203 2971 2255 testatur

389 2282 444 2337 S.
473 2281 869 2351 Hieronymum,
901 2286 958 2334 et
985 2278 1339 2350 allegoricam
1366 2278 1877 2350 interpretationem
1924 2286 2195 2334 sectatum
2230 2292 2351 2335 esse
2390 2278 2563 2335 refert
2598 2284 2971 2343 Anastasius

389 2368 615 2424 Sinaita.
648 2372 908 2421 Attamen
929 2366 1248 2437 paucissima
1275 2381 1505 2437 operum
1530 2367 1647 2421 eius
1681 2374 1971 2436 supersunt
2000 2365 2305 2438 fragmenta
2334 2365 2569 2439 ideoque
2598 2367 2791 2439 primo
2814 2372 2971 2431 loco

391 2454 756 2511 nominandus
785 2462 868 2509 est
903 2454 1019 2509 eius
1062 2453 1362 2524 discipulus
1394 2454 1650 2509 Clemens
1679 2454 1885 2521 Alex„
1919 2454 2015 2525 qui
2040 2469 2152 2510 non
2179 2462 2397 2510 tantum
2436 2456 2493 2510 in
2528 2456 2807 2527 operibus
2854 2478 2971 2517 su-

396 2541 712 2613 perstitibus
741 2541 1083 2614 (cohortatio
1103 2540 1170 2597 ad
1199 2542 1391 2611 Gent.,
1420 2540 1807 2614 Paedag0g11S‚
1835 2543 2135 2608 stromata)
2164 2542 2431 2612 plurimos
2460 2544 2711 2599 omnium
2754 2546 2971 2606 libro-

389 2646 514 2685 rum
537 2646 824 2686 sacrorum
853 2638 1034 2684 textus
1062 2628 1224 2685 ass'ert
1252 2639 1306 2684 et
1335 2629 1614 2684 interdum
1647 2629 1908 2699 explicat,
1940 2628 2036 2685 sed
2064 2630 2234 2685 etiam
2268 2632 2325 2685 in
2364 2631 2475 2686 suis
2510 2638 2637 2687 octo
2664 2634 2973 2711 Hypoty-

389 2734 596 2789 poseon
646 2718 799 2774 libris
851 2718 1229 2772 universarum
1289 2717 1699 2789 Scripturarum
1754 2716 1949 2772 breves
2003 2716 2155 2773 dedit
2206 2718 2624 2788 explicationeS,
2688 2738 2975 2792 quarum

387 2807 688 2862 nonnullae
724 2806 906 2863 latine.
939 2804 1187 2860 redditae
1225 2821 1322 2875 per
1349 2803 1739 2863 cassiodorum
1768 2804 1930 2859 nobis
1966 2814 2095 2859 sunt
2130 2814 2484 2862 conservatae
2522 2808 2571 2875 (α
2600 2806 2969 2871 Adumbra-

384 2893 562 2949 tiones
589 2894 648 2949 in
681 2900 728 2949 1.
756 2895 906 2949 Petr.
933 2897 1082 2959 etc.).
1116 2896 1239 2963 lpse
1263 2892 1394 2961 iam,
1431 2908 1603 2963 quum
1638 2913 1663 2943 α
1690 2892 1803 2947 fere
1824 2900 2002 2947 totam
2029 2893 2366 2963 Scripturam
2389 2895 2757 2967 aenigmatice
2796 2900 2871 2971 (i.
2911 2922 2973 2959 e.

386 2981 678 3055 allegoriis)
707 2980 893 3037 futura
922 2982 1309 3051 praenuntiare
1341 3001 1365 3031 n
1412 2989 1680 3049 censeret,
1710 2981 1880 3036 nimio
1914 2981 2307 3052 allegoriarum
2348 2981 2531 3037 studio
2559 2982 2630 3038 ad
2660 3000 2981 3047 erroneas

384 3068 652 3140 quasdam
683 3068 1070 3138 explicationes
1097 3065 1369 3123 adductus
1397 3076 1499 3123 est.
1531 3069 1661 3123 Eius
1688 3066 1990 3139 discipulus
2020 3068 2121 3123 fuit
2150 3068 2439 3141 Oriqenesn
2476 3090 2501 3120 α
2532 3086 2725 3143 quem,
2750 3073 2979 3151 inquit

388 3156 446 3210 S.
473 3156 846 3227 Hieronymus
875 3154 968 3219 (de
991 3156 1214 3211 Nomin.
1248 3154 1403 3211 hebr.
1445 3154 1674 3225 Praef.),
1704 3163 1827 3223 post
1854 3156 2151 3227 Apostolos
2188 3156 2555 3213 Ecclesiarum
2592 3161 2977 3233 magistrum

387 3257 553 3297 nemo
581 3242 688 3297 nisi
709 3241 996 3311 imperitus
1023 3242 1246 3315 negabit
1273 3264 1296 3293 υ
1334 3285 1346 3297 .
1377 3244 1462 3297 De
1480 3244 1596 3297 eius
1624 3251 1921 3313 systemate
1951 3242 2361 3299 hermeneutico
2381 3261 2547 3316 supra
2571 3244 2843 3307 diximus
2874 3266 2977 3311 at-

387 3346 496 3401 que
521 3331 688 3385 etiam
707 3330 1078 3399 exposuimus,
1121 3346 1263 3401 quae
1292 3332 1409 3385 eius
1438 3329 1510 3385 de
1549 3345 1762 3385 canone
1790 3330 2063 3387 sententia
2107 3332 2273 3387 fuerit
2301 3343 2356 3387 et
2384 3341 2733 3404 quantopere
2760 3337 2979 3399 hexa-

383 3417 487 3487 plis
513 3418 626 3472 suis
654 3417 723 3472 de
747 3417 1100 3473 alexandrina
1131 3418 1380 3473 versione
1405 3420 1636 3473 meritus
1664 3418 1762 3483 sit;
1796 3417 1893 3473 sed
1927 3419 2217 3490 exegeticis
2245 3435 2467 3491 quoque
2500 3419 2807 3481 laboribus
2842 3434 2983 3487 suis

383 3520 512 3558 eum
537 3504 792 3559 omnibus
819 3506 932 3559 fere
961 3505 1353 3576 interpretibus
1382 3505 1741 3562 orientalibus
1782 3514 1837 3561 et
1879 3505 2311 3563 occidentalibus
2356 3508 2535 3564 facem
2571 3515 2977 3580 praetulisse.

385 3591 505 3646 iure
531 3592 809 3648 asseritur.
849 3592 1097 3663 Triplicis
1121 3595 1336 3665 generis
1366 3591 1589 3649 fuerunt
1614 3593 1732 3648 eius
1770 3608 1937 3664 opera
1964 3596 2246 3661 exegetica
2278 3604 2421 3651 teste
2458 3600 2515 3652 S.
2546 3596 2981 3677 Hierony—mm

384 3678 608 3733 scholiis
633 3695 694 3733 ea
725 3696 866 3750 quae
889 3679 1122 3735 obscura
1152 3690 1207 3735 et
1235 3678 1484 3735 difficilia
1513 3680 1846 3736 videbantur
1865 3683 2183 3737 summatim
2206 3681 2557 3755 breviterque
2582 3692 2981 3755 perstrinxit,

387 3765 624 3821 homiliis
653 3766 722 3822 ad
745 3776 968 3838 captum
997 3769 1282 3823 rudiorum
1315 3784 1434 3822 sese
1463 3766 1759 3823 demittens
1788 3769 2019 3825 selectas
2046 3771 2332 3841 pericopas
2359 3770 2639 3827 rhetorico
2684 3780 2985 3847 quodam

385 3852 553 3909 modo
579 3854 887 3925 explicavit,
911 3856 966 3910 in
991 3856 1159 3927 τόμοις
1187 3857 1225 3910 i.
1259 3871 1310 3910 e.
1333 3856 1747 3912 commentariis
1764 3857 1877 3911 suis
1910 3876 1933 3909 ι
1966 3865 2084 3912 tota
2106 3858 2313 3929 ingenii
2336 3859 2421 3913 sui
2438 3860 2557 3915 vela
2586 3860 2989 3931 spirantibus

387 3941 562 3997 ventis
588 3940 742 3997 dedit
769 3950 824 3997 et
851 3943 1115 3999 recedens
1144 3961 1176 3999 a
1203 3951 1350 3997 terra
1373 3942 1621 3999 medium
1638 3944 1694 3998 in
1715 3944 1941 4016 pelagus
1960 3944 2173 4017 aufugit
2194 3967 2218 3996 »
2248 3945 2532 4013 omnibuS‚
2564 3963 2991 4031 quaecunque

385 4029 664 4100 ingenium
701 4038 759 4085 et
796 4030 1028 4086 eruditio
1067 4030 1520 4102 suppeditabant,
1558 4031 1628 4086 ad
1668 4031 2025 4088 illustrandas
2066 4033 2374 4103 Scripturas
2410 4036 2707 4107 congestiS.
2742 4042 2983 4103 hlium·

382 4118 786 4187 exegetieorum
813 4132 1043 4189 operum
1072 4134 1201 4189 pars
1235 4117 1308 4174 ad
1337 4134 1440 4173 nos
1473 4118 1742 4189 pervenit,
1773 4119 1841 4174 iis
1878 4126 2063 4176 autem
2090 4120 2516 4177 adnumeremus
2544 4133 2787 4193 oportet
2826 4133 2979 4192 lon-

381 4218 505 4273 gam
531 4204 838 4275 epistolam,
864 4221 973 4276 qua
996 4214 1192 4262 contra
1216 4205 1435 4261 Iulium
1459 4204 1819 4278 Africanum
1844 4206 1907 4279 (†
1928 4207 2078 4281 221.)
2102 4210 2383 4265 Susannae
2410 4208 2701 4267 historiam
2728 4214 2979 4281 desen-

382 4289 478 4346 dit.
512 4292 766 4363 Origenis
795 4292 1260 4362 praeclarissimus
1285 4292 1587 4363 discipulus
1621 4293 1728 4350 fuit
1761 4298 1821 4351 S.
1850 4296 2175 4366 Dionysius
2197 4300 2303 4364 M„
2334 4298 2430 4368 qui
2462 4296 2591 4354 lieet
2624 4299 2687 4355 in
2722 4319 2981 4375 genere

379 4377 624 4448 magistri
652 4379 734 4435 sui
784 4390 1021 4451 systema
1059 4381 1254 4447 tenuit,
1289 4382 1520 4435 nimium
1552 4392 1741 4437 tamen
1778 4384 2166 4456 allegoriarum
2207 4383 2451 4440 studium
2491 4385 2729 4443 missum
2790 4394 2971 4457 fecit,

382 4465 710 4521 Paucissima
749 4474 966 4522 tantum
991 4466 1111 4523 eius
1151 4478 1444 4537 supersunt
1471 4470 1780 4539 exegetica,
1810 4487 1914 4526 nec
1962 4472 2138 4527 multo
2170 4472 2326 4542 plura
2372 4472 2595 4528 alterius
2630 4475 2936 4555 discipuli
2956 4534 2971 4547 ,

382 4552 437 4606 S.
469 4552 741 4622 Greqorz’z'
763 4559 958 4617 Nece„
989 4555 1144 4609 cuius
1171 4555 1542 4627 Metaphrasin
1574 4558 1633 4612 in
1660 4560 2023 4615 Ecclesiasten
2058 4580 2083 4610 α
2117 4558 2340 4615 brevem
2368 4558 2595 4633 quidem
2625 4564 2731 4619 sed
2774 4576 2975 4633 valde

383 4638 573 4693 utilem
605 4660 630 4689 n
663 4650 850 4695 censet
877 4644 933 4697 S.
965 4643 1352 4705 Hieronvmus.
