3050 5184
452 281 568 340 564
612 295 685 340 DE
728 295 867 339 Novi
910 295 1073 338 TEST.
1108 293 1295 338 unlus
1336 293 1680 338 nmAc‘rImS.
1714 311 1792 320 —-
1819 294 1946 338 CAP.
1995 296 2065 338 11.
2113 293 2190 338 DE
2233 297 2416 340 EPtsr.
2461 294 2627 338 PAULI
2669 291 2915 335 sumtus,

697 441 763 481 ex
794 425 889 492 iis,
926 441 1068 496 quae
1094 427 1250 480 Deus
1274 425 1333 479 in
1364 424 1586 480 Christo
1613 433 1668 480 et
1709 425 1763 480 in
1809 417 2062 500 Ephesiis
2104 426 2286 482 effecit
2315 425 2650 496 (1,20-2,1o),
2679 433 2731 479 et
2754 431 2926 493 quanta

698 515 769 568 sit
796 515 1037 580 vocatio,
1071 521 1317 583 apparet,
1347 513 1395 568 si
1420 528 1616 568 eorum
1639 521 1813 568 status
1837 514 2102 583 pristinus
2131 529 2258 569 cum
2288 521 2573 585 praesente
2599 518 2925 582 comparatur.

698 616 807 670 quo
840 599 969 655 facti
996 608 1126 656 sunt
1150 601 1298 656 cives
1316 601 1471 671 regni
1494 599 1804 656 messianici
1827 605 2120 668 (2,11-20).

525 693 575 742 3.
608 691 876 748 Precatur
900 689 1113 756 Deum,
1147 697 1210 744 ut
1241 686 1463 760 Ephesii
1498 688 1557 743 in
1593 703 1692 744 sua
1731 689 2018 745 vocatione
2051 698 2462 746 conserventur.
2493 689 2670 757 Quam
2703 695 2764 742 ut
2795 685 2930 756 pluris

698 777 1015 838 aestiment,
1048 775 1302 845 exponit,
1336 791 1443 846 quo
1477 775 1538 830 in
1569 776 1690 831 loco
1723 775 1841 846 ipse
1865 792 2028 832 suum
2056 777 2430 848 apostolatum
2461 777 2532 831 ad
2559 783 2743 848 gentes
2770 773 2926 830 habeat

705 861 959 933 (3,1-13),
992 871 1157 935 atque
1182 861 1381 918 deinde
1406 862 1609 918 iterum
1632 864 1814 918 Deum
1841 873 2030 935 rogat,
2061 872 2123 920 ut
2151 864 2421 934 Ephesios
2442 866 2500 920 in
2527 863 2634 920 tide
2657 861 2930 919 corroboret

703 955 995 1020 (3‚14-2o).

436 1029 439 1033 ’
528 1039 590 1094 In
608 1043 788 1110 parte
804 1039 1201 1110 paraenetica
1232 1042 1483 1106 (⁴‚1-6‚u)
1507 1041 1806 1110 Apostolus

528 1133 575 1181 1.
610 1142 676 1181 ex
706 1126 889 1196 priore
916 1135 1073 1196 parte
1102 1125 1416 1198 dogmatica
1447 1125 1698 1194 deducit,
1731 1126 1976 1197 Ephesiis
2005 1129 2275 1184 unitatem
2302 1129 2580 1184 internam
2609 1141 2724 1182 esse
2750 1139 2932 1178 sermn-

700 1213 848 1282 dam,
876 1229 1047 1284 quum
1071 1229 1266 1268 omnes
1284 1214 1397 1268 iam
1414 1229 1588 1268 unum
1607 1230 1808 1285 corpus
1832 1215 2191 1286 constituant,
2213 1225 2384 1289 atque
2406 1217 2584 1288 ipsam
2603 1213 2932 1269 membrorum

700 1300 1079 1356 diversitatem
1104 1301 1175 1355 ad
1198 1299 1434 1356 eandem
1459 1301 1729 1357 unitatem
1759 1302 2074 1372 conspirare
2104 1302 2310 1360 debere
2335 1307 2594 1372 (4,1-16).

526 1394 576 1442 2.
604 1391 923 1464 Sequuntur
953 1388 1159 1444 monita
1200 1388 1508 1462 generalia,
1543 1397 1606 1443 ut
1637 1405 1751 1444 non
1789 1389 2023 1460 amplius
2059 1389 2202 1445 sicut
2238 1391 2444 1447 ethnici
2475 1391 2662 1447 vivant
2697 1393 2931 1457 (an-30:

702 1476 798 1531 sed
827 1476 1058 1531 virtutes
1087 1475 1414 1532 christianas
1442 1486 1733 1532 exerceant
1763 1482 2114 1547 (4‚:31-5‚²20);
2141 1478 2338 1549 quibus
2357 1477 2662 1534 succedunt
2683 1477 2869 1533 monita
2886 1473 2934 1528 cle

700 1563 909 1618 mutuis
936 1563 1136 1618 officiis
1170 1563 1468 1634 coniugum
1485 1607 1498 1632 ‚
1522 1564 1766 1620 filiorum
1799 1573 1854 1619 et
1883 1574 2205 1636 parentum,
2232 1581 2518 1622 servorum
2549 1575 2606 1622 et
2635 1565 2934 1622 dominorum
2994 1601 2995 1604 η

701 1651 1017 1722 (5,21-e,9).
2994 1719 2995 1726 ἵ

526 1739 589 1794 In
615 1739 851 1810 epiloqo
882 1743 1147 1806 (6,10-24)
1177 1755 1367 1794 omnes
1397 1739 1743 1807 exhortatur,
1771 1747 1832 1794 ut
1867 1749 2156 1813 tamquam
2196 1741 2365 1796 sortes
2401 1740 2609 1797 Christi
2643 1741 2831 1796 milites
2859 1754 2935 1810 pu·
2994 1731 2995 1764 ³

454 1835 648 1896 guent,
684 1833 849 1898 atque
875 1824 944 1881 ad
974 1825 1277 1898 Tychicum
1305 1841 1399 1882 eos
1433 1826 1694 1894 remittit,
1719 1829 1815 1898 qui
1842 1827 1913 1882 de
1946 1829 2060 1883 suis
2089 1828 2256 1884 rebus
2282 1844 2378 1886 eos
2404 1829 2672 1886 certiores
2699 1830 2766 1884 sit
2791 1825 2934 1882 reddi·

454 1922 628 1970 turus.

533 2075 593 2132 4.
624 2106 702 2116 -
732 2073 833 2132 IV.
867 2075 955 2132 De
991 2088 1339 2134 Aurnnxru
1370 2074 1671 2151 epistolae
1703 2091 1826 2134 non
1869 2075 2209 2147 dubitabit,
2243 2075 2351 2153 qui
2379 2077 2661 2154 antiquis
2697 2074 2934 2136 traditio-

454 2171 553 2228 nis
580 2169 845 2229 testibus
876 2168 1067 2228 fidem
1097 2168 1313 2242 habet,
1343 2187 1540 2247 quum
1568 2171 1864 2232 continuo
1895 2172 1958 2231 in
1983 2172 2296 2232 Ecclesiae
2318 2191 2436 2234 usu
2461 2173 2613 2233 inde
2638 2173 2713 2233 ab
2734 2175 2936 2251 aposto·

455 2265 579 2325 lica
604 2270 805 2326 aetate
844 2265 1059 2325 fuerit.
1094 2265 1257 2335 Quae
1290 2265 1579 2326 moderni
1610 2289 1639 2320 «
1667 2267 1864 2327 critici
1899 2291 1928 2322 »
1963 2273 2180 2329 contra
2207 2285 2344 2330 eam
2373 2269 2751 2341 attulerunt,
2781 2269 2933 2346 plera·

455 2379 577 2438 que
618 2361 966 2422 attentione
1009 2378 1135 2421 non
1179 2351 1323 2422 sunt
1365 2361 1582 2440 digna;
1629 2380 1774 2423 nam
1817 2381 1896 2423 ne
1940 2365 2060 2442 ipsi
2113 2365 2372 2444 quidem
2413 2367 2582 2426 inter
2625 2383 2694 2426 se
2733 2380 2935 2425 consen-
2994 2401 2995 2448 1

456 2459 647 2536 tiunt,
696 2462 911 2518 utrum
952 2457 1399 2534 gnosticismus
1438 2458 1505 2516 in
1551 2475 1624 2519 ea
1664 2459 1991 2532 doceatur,
2033 2478 2111 2520 an
2150 2462 2584 2540 impugnetur.
2627 2457 2935 2523 Similitudo
2994 2449 2995 2452 ’

452 2559 697 2625 autem,
730 2571 897 2631 quae
927 2554 1094 2614 inter
1118 2554 1414 2631 epistolas
1442 2554 1521 2615 ad
1553 2554 1784 2633 Ephes.
1813 2560 1878 2616 et
1903 2557 1984 2618 ad
2011 2557 2245 2618 Coloss.
2279 2557 2795 2636 deprehenditur,
2819 2553 2936 2616 nibil

452 2650 619 2711 aliud
649 2650 1064 2722 demonstrat,
1092 2651 1218 2710 nisi
1251 2667 1356 2710 eas
1378 2650 1542 2711 eirca
1569 2651 1742 2711 idem
1769 2657 2022 2730 tempus
2051 2670 2188 2714 esse
2217 2655 2628 2732 conscriptas.

521 2773 786 2828 Exeuntis
821 2787 966 2827 saec.
1015 2777 1069 2826 2.
1108 2779 1307 2841 testeS‚
1348 2772 1446 2843 qui
1482 2771 1774 2844 epistolam
1808 2783 2061 2830 nostram
2097 2791 2129 2831 a
2165 2776 2340 2832 Paulo
2377 2775 2631 2846 Ephesiis
2659 2777 2938 2832 destinatam

451 2859 671 2928 dicunt,
704 2875 870 2930 supra
898 2859 1012 2914 iam
1044 2858 1487 2928 nominavimus3
1520 2861 1836 2932 antiquiora
1868 2870 1997 2916 sunt
2022 2862 2338 2918 testimonia
2373 2864 2434 2919 in
2463 2867 2697 2920 Patrum
2725 2859 2936 2934 apostoli·
2994 2867 2995 2880 ¹

450 2963 643 3004 corum
681 2946 958 3017 operibus
992 2946 1329 3016 Praeprimis
1358 2947 1628 3004 memoria
1662 2946 1894 3021 dignum
1919 2957 2028 3018 est,
2055 2945 2212 3021 'quod
2249 2951 2309 3006 in
2342 2953 2639 3009 Doctrina
2675 2949 2938 3007 duodecim

450 3040 656 3107 Apost.
688 3042 720 3090 3
746 3032 849 3100 (cfr
875 3034 1045 3089 etiam
1072 3037 1131 3090 S.
1152 3037 1339 3089 Barn.
1372 3051 1460 3105 ep.
1496 3041 1562 3090 19
1590 3043 1646 3090 et
1671 3038 1910 3093 constit.
1939 3041 2145 3108 Apost.
2173 3039 2299 3094 VII.
2328 3044 2411 3106 13)
2432 3039 2646 3096 claram
2665 3040 2938 3095 allusionem

448 3122 522 3178 ad
550 3123 697 3195 Epis.
730 3127 908 3188 6,5-9
939 3121 1259 3178 habeamus
1286 3123 1387 3176 Vix
1416 3123 1601 3178 minus
1624 3125 1805 3179 clarae
1832 3133 1961 3179 sunt
1990 3125 2288 3182 allusiones
2313 3127 2370 3181 in
2395 3129 2454 3183 S.
2482 3125 2796 3184 Clementis
2815 3129 2938 3180 Rom.

452 3217 477 3265 1
508 3211 635 3266 Cor.
664 3215 735 3265 46
771 3209 934 3282 (ΕρΙι.
965 3213 1082 3277 4,4)
1112 3218 1166 3266 et
1204 3215 1237 3264 2
1266 3209 1391 3265 Cor.
1430 3214 1494 3264 14
1524 3211 1698 3282 (Eph.
1743 3217 1889 3279 1,22.
1922 3217 2021 3281 233
2057 3219 2206 3283 5,31.
2249 3212 2364 3285 32),
2402 3222 2618 3270 certum
2654 3229 2858 3287 quoque
2883 3219 2938 3264 est

446 3299 504 3354 S.
544 3297 840 3366 Iqmtium
880 3300 962 3352 M.
1004 3295 1095 3364 (ad
1131 3296 1318 3370 Polyc.
1358 3303 1413 3353 5.
1454 3304 1505 3354 6.
1547 3297 1631 3354 cfr
1665 3299 1810 3369 Eplt.
1843 3305 2002 3368 5,25;
2035 3306 2194 3368 6,11;
2226 3331 2296 3342 -—
2333 3300 2405 3357 ad
2443 3303 2649 3372 Ephes.
2691 3305 2852 3360 Inscr.
2883 3297 2942 3354 cfr

448 3385 596 3457 Eplz.
629 3391 718 3452 1‚3
746 3383 891 3456 sqq.)
919 3392 975 3439 et
1010 3385 1069 3441 S.
1106 3385 1506 3458 Polycarpum
1545 3384 1638 3454 (ad
1670 3387 1909 3458 Philipp.
1945 3395 1994 3445 1.
2030 3395 2116 3445 10.
2163 3395 2227 3447 12
2257 3388 2340 3446 ci'r
2369 3389 2516 3462 Eplc.
2551 3397 2651 3460 2,8
2683 3407 2788 3464 sq.;
2819 3394 2940 3457 5,21;
2994 3413 2995 3454 3

446 3479 595 3540 4,·36)
624 3481 873 3527 nostram
900 3473 1192 3544 epistolam
1220 3473 1558 3531 adhibuisse.
1587 3474 1798 3544 Quibus
1825 3475 1968 3532 adde
1993 3475 2302 3534 haereticos
2326 3494 2473 3534 saec.
2495 3483 2574 3548 2.,
2604 3480 2940 3536 Marcionem·

448 3559 545 3632 qui
576 3559 899 3630 epistolam,
940 3559 1068 3615 licet
1107 3560 1332 3616 titulum
1368 3569 1667 3630 mutasset,
1708 3563 1962 3635 agnovit,
2001 3567 2338 3621 Naassenos
2377 3564 2500 3633 (cfr.
2547 3565 2860 3638 Philosoph.
2891 3563 2939 3614 V.
2994 3573 2995 3640 ξ

448 3655 501 3704 7.
530 3647 605 3720 8),
639 3645 979 3704 Basiliden»
1007 3644 1113 3714 (cfr
1148 3647 1355 3704 Philus.
1389 3650 1513 3704 Vll.
1547 3654 1660 3718 26),
1699 3651 2092 3708 Valentinum
2120 3653 2350 3726 eiusque
2373 3655 2614 3712 asseclas
2637 3655 2760 3724 (cfr.
2789 3651 2940 3709 Philo·
2994 3643 2995 3708 ἦ

445 3735 605 3808 soph.
636 3735 732 3791 vl.
766 3741 850 3790 34.
884 3739 973 3801 35)
1002 3743 1108 3790 etc.

514 3823 726 3892 Quibus
754 3825 1079 3881 testimoniis
1106 3841 1217 3879 non
1256 3824 1602 3904 obstantibus
1638 3825 1784 3880 inter
1826 3828 2076 3896 paulinas
2112 3835 2332 3901 praeter
2369 3830 2679 3901 pastorales
2719 3828 2818 3883 alia
2853 3833 2938 3874 non
2994 3821 2995 3826 ’

444 3921 553 3976 est,
593 3914 749 3968 cuius
782 3912 1125 3969 authentiam
1158 3932 1181 3962 α
1212 3913 1388 3968 critici
1418 3933 1443 3964 n
1480 3912 1731 3969 acerbius
1763 3914 2110 3988 impugnent.
2149 3918 2282 3973 Illos
2311 3917 2536 3990 quidem
2565 3919 2819 3972 omittere
2845 3921 2938 3978 pos·
2994 3959 2995 3972 ,

444 4015 661 4069 sumus,
688 4001 781 4072 qui
808 4000 1099 4073 epistolam
1123 4005 1305 4056 aetate
1326 4000 1720 4056 Gnosticorum
1749 4009 1805 4058 et
1836 4003 2314 4074 Manichaeorum,
2349 4005 2534 4060 medio
2562 4007 2679 4060 fere
2707 4015 2840 4058 saec.
2867 4003 2934 4049 2..

444 4097 693 4144 exortam
721 4088 937 4156 dicunt,
968 4088 1077 4145 huc
1106 4103 1282 4161 usque
1324 4089 1472 4144 enim
1511 4090 1660 4143 inter
1703 4090 1830 4149 illos
1876 4089 2125 4148 nondum
2169 4093 2458 4162 convenit,
2505 4101 2695 4148 utrum
2737 4093 2824 4157 22
2859 4087 2932 4139 aut
2994 4107 2995 4138 ι

442 4181 537 4245 3,9
561 4169 669 4232 etc.
715 4177 1101 4249 gnosticismus
1140 4177 1407 4232 doceatur
1448 4180 1673 4242 (Renan
1717 4182 1849 4245 etc.)
1895 4193 1966 4234 an
2014 4179 2372 4252 impugnetur
2417 4179 2776 4253 (Hilqenseld
2813 4177 2932 4228 etc·-
2994 4175 2995 4228 Ῐ

440 4267 701 4320 Attamen
734 4265 829 4319 alii
850 4273 1099 4321 nostram
1130 4279 1259 4320 cum
1296 4279 1383 4334 ep.
1424 4263 1497 4319 ad
1535 4263 1746 4320 Coloss,
1794 4276 2181 4336 comparantes
2225 4276 2438 4324 tantam
2478 4267 2764 4324 inveniunt
2803 4273 2934 4330 argu·
2994 4281 2995 4292 ἒ

440 4352 642 4418 menti,
666 4367 840 4408 nexus
865 4351 1145 4419 idearum,
1180 4351 1576 4409 vocabulorum
1605 4359 1712 4408 etc.
1757 4353 2208 4424 similitudinem,
2243 4365 2302 4411 ut
2329 4363 2576 4412 nostram
2613 4360 2806 4410 vocent
2833 4361 2930 4400 ver·

440 4435 635 4493 hosam
681 4439 945 4510 epistolae
988 4440 1058 4496 ad
1103 4440 1313 4496 coloss.
1360 4439 1871 4510 amplificationem,
1919 4457 2060 4513 quae
2099 4441 2157 4498 in
2200 4459 2266 4498 eo
2310 4443 2601 4501 dumtaxat
2643 4435 2928 4497 dissentiat·

441 4525 591 4592 quod
617 4525 1019 4598 haereticorum
1047 4529 1435 4584 refutationem
1462 4529 1711 4597 omittat3
1746 4528 1916 4585 Paulo
1945 4537 2132 4586 autem
2161 4531 2447 4604 indignam
2473 4545 2591 4588 esse
2623 4529 2804 4586 dicunt
2828 4534 2924 4578 eam

440 4611 714 4668 scribendi
744 4615 1043 4686 rationem,
1072 4631 1213 4688 quae
1240 4614 1581 4673 admittenda
1611 4625 1782 4688 esset,
1813 4616 1858 4673 si
1892 4618 2124 4687 epistola
2162 4617 2235 4676 ad
2272 4619 2476 4692 Ephes.
2519 4621 2660 4676 toret
2695 4610 2920 4688 genuina.
