3050 5184
427 316 542 375 292
586 332 659 377 DE
692 334 829 378 VET.
872 336 1127 379 TESTAM.
1161 336 1355 379 Limus
1392 336 1742 381 msronlcis.
1775 354 1852 365 --
1882 337 2010 380 CAP.
2059 336 2139 379 XI.
2177 336 2253 379 DE
2283 335 2367 379 LI..
2402 334 2898 379 RAcmAssonmt.

427 462 597 519 Iudae
625 475 893 533 mortem;
925 468 1174 538 quamvis
1196 469 1343 523 enim
1372 468 1442 523 de
1468 469 1641 524 solius
1671 467 1784 524 sere
1808 466 1976 524 Iudae
2005 467 2168 524 rebus
2197 467 2363 535 gestis
2381 476 2538 539 agat,
2569 467 2683 521 eius
2717 474 2940 520 mortem

424 564 541 605 non
562 562 980 609 commemorat.
1013 556 1135 624 Quo
1163 563 1415 625 tempore
1444 554 1670 611 demum
1698 555 2086 628 compendium
2109 556 2180 611 sit
2209 554 2442 623 sactum,
2469 554 2648 609 minus
2679 554 2826 609 clare
2851 550 2940 605 de-

426 636 575 693 finiri
601 648 798 709 potest,
826 649 974 697 recte
1003 650 1190 697 autem
1218 658 1530 714 supponere
1553 642 1711 699 nobis
1751 643 2018 711 videmur,
2050 642 2188 699 illud
2211 643 2323 699 iam
2354 650 2486 698 ante
2511 658 2564 697 a.
2614 646 2735 698 124.
2766 638 2942 695 termi-

428 734 619 782 natum
649 744 797 797 esse3
826 745 1009 801 neque
1040 731 1186 785 enim
1208 724 1571 801 improbabile
1601 739 1705 798 est,
1732 730 2073 803 synedrium,
2103 745 2275 801 quum
2302 746 2352 785 a.
2388 734 2510 785 124.
2547 728 2701 784 brevi
2729 724 2944 799 epistola
3022 749 3023 765 ¹

430 813 608 882 priore
636 816 841 885 (1.1-10
870 821 944 883 a.)
972 816 1374 873 Alexandrinos
1402 817 1474 873 ad
1493 820 1753 874 encaenia
1779 818 2058 887 invitaret,
2091 816 2271 873 eidem
2299 817 2532 873 alteram
2560 814 2824 872 fusiorem
2849 814 2948 885 epi·

427 902 629 957 stolam
654 912 710 957 et
736 911 991 958 nostrum
1016 904 1407 975 compendium
1431 905 1726 973 addidisse,
1759 914 1820 961 ut
1845 906 2224 961 invitationem
2248 918 2406 961 suam
2433 911 2676 977 urgeret.

506 1052 564 1110 3.
596 1084 678 1095 —
702 1052 962 1112 Plenam
990 1053 1181 1114 fidem
1208 1053 1570 1115 historicam
1611 1038 1806 1134 priori
1847 1054 2009 1115 libro
2047 1054 2298 1127 deberi,
2329 1053 2522 1115 hodie
2560 1070 2784 1113 omnes
2821 1069 2952 1111 con-

431 1147 681 1207 cedunt.
726 1152 927 1225 Atque
965 1150 1245 1228 protecto
1288 1152 1634 1212 multarum
1671 1168 1879 1211 rerum
1919 1156 2302 1211 narratarum
2344 1150 2523 1210 testis
2563 1150 2680 1209 fuit
2723 1153 2950 1209 auctor.

432 1242 585 1303 alias
612 1260 686 1303 ex
715 1244 997 1306 fontibus
1026 1246 1149 1306 fide
1186 1246 1395 1325 dignis
1433 1248 1642 1308 hausit
1684 1247 2202 1324 documentisque
2241 1246 2511 1324 publicis
2547 1245 2952 1305 confirmavit.

432 1339 756 1400 Immerito
777 1344 991 1402 autem
1022 1343 1079 1402 ei
1109 1343 1408 1403 obiicitur
1432 1345 1645 1403 «mira
1673 1344 2079 1404 historiarum
2101 1348 2500 1403 externarum
2531 1342 2952 1419 ignorantia».
3024 1361 3025 1395 ³

499 1451 873 1527 Quadraginta
902 1452 1191 1511 dumtaxat
1219 1471 1491 1511 annorum
1519 1456 1758 1526 spatium
1785 1456 2170 1527 complectitur
2196 1463 2406 1523 auctor,
2438 1462 2492 1509 et
2521 1454 2788 1525 quoniam
2823 1462 2957 1507 tem-

432 1554 564 1608 pore
594 1542 815 1597 loannis
842 1544 1087 1613 Hyrcani
1117 1544 1265 1612 vixit,
1292 1559 1406 1600 non
1434 1552 1516 1599 est
1545 1542 1796 1611 dubium,
1829 1545 1960 1616 quin
1989 1544 2229 1600 Simonis
2248 1543 2468 1609 saltem,
2498 1543 2672 1611 patris
2705 1540 2956 1613 Hyrcani.

432 1626 598 1686 rebus
618 1629 955 1701 gestistestis
983 1630 1313 1685 interfuerit.
1344 1630 1554 1687 Eodem
1583 1641 1766 1687 autem
1797 1630 1992 1699 modo,
2025 1646 2136 1701 quo
2165 1630 2408 1704 Hyrcani
2432 1644 2521 1685 res
2549 1628 2846 1685 annalibus
2875 1643 2959 1698 pu·

430 1712 585 1770 blicis
598 1724 729 1773 sunt
742 1716 983 1773 insertae
1006 1720 1072 1783 (1.
1098 1724 1300 1785 1634),
1321 1719 1484 1774 etiam
1506 1720 1673 1773 trium
1695 1719 1940 1790 priorum
1961 1718 2166 1773 ducum
2187 1717 2468 1788 praeclara
2489 1716 2736 1772 facinora
2759 1714 2958 1787 publice

430 1818 551 1857 esse
568 1804 900 1876 conscripta,
922 1804 1051 1860 satis
1070 1808 1215 1862 clare
1235 1806 1474 1861 insinuat
1494 1810 1562 1871 (Ι.
1580 1812 1720 1869 9323
1733 1848 1748 1873 ,
1773 1815 1939 1877 atque
1953 1804 2143 1861 exiliis
2161 1804 2454 1860 annalibus
2473 1813 2530 1860 et
2545 1803 2794 1859 archivis
2805 1802 2962 1871 publi.

429 1890 509 1945 cis
525 1888 857 1947 documenta
882 1892 1080 1962 bausit,
1104 1909 1247 1965 quae
1268 1894 1441 1949 multa
1465 1894 1626 1949 affert
1649 1896 1712 1965 (Ι.
1745 1899 1871 1961 8,23
1896 1908 2052 1966 sqq.·‚
2080 1899 2241 1960 10‚18
2262 1908 2384 1965 sqq.
2412 1896 2480 1947 25
2509 1906 2666 1963 sqq.;
2695 1896 2824 1947 12.ss
2844 1906 2956 1960 sqq.

430 1982 501 2032 20
528 1994 683 2050 sqq.;
719 1984 879 2049 1:3‚36
906 1995 1061 2053 sqq.;
1098 1988 1257 2047 1430
1284 1996 1440 2052 sqq.;
1476 1986 1600 2049 15,2
1629 1996 1750 2053 sqq.
1789 1986 1852 2037 16
1875 1984 2043 2052 sqq.).
2075 2011 2145 2020 —
2180 1980 2380 2035 Tribus
2409 1978 2678 2049 exemplis
2717 1978 2958 2034 nonnulli

432 2065 723 2121 ostendere
742 2068 955 2135 volunt,
988 2078 1272 2123 auctorem
1302 2078 1618 2124 exterarum
1639 2070 1881 2140 gentium
1909 2067 2197 2123 historiam
2215 2067 2528 2139 ignorasse,
2555 2065 2652 2121 sed
2673 2066 2958 2121 immerito.

432 2154 575 2208 Nam
603 2152 980 2210 Alexandrum
1028 2158 1101 2210 M.
1136 2164 1262 2211 ante
1292 2164 1530 2212 mortem
1557 2172 1790 2228 regnum
1819 2156 1963 2210 inter
2005 2154 2174 2210 duces
2213 2170 2332 2210 esse
2379 2154 2677 2224 partitum,
2726 2152 2785 2208 id
2830 2152 2961 2223 quod

433 2249 623 2296 noster
647 2243 843 2297 asserit
873 2244 939 2309 (1.
976 2246 1108 2311 1‚7)‚
1142 2260 1206 2299 ex
1232 2243 1455 2299 incertis
1484 2251 1541 2298 et
1564 2242 2013 2299 dissentientibus
2043 2242 2370 2297 testimoniis
2409 2242 2774 2312 profanorum
2807 2240 2964 2295 histo-

436 2328 673 2383 ricorum
690 2371 703 2391 ,
736 2330 831 2399 qui
874 2346 1069 2385 omnes
1105 2339 1298 2386 nostro
1323 2339 1451 2386 sunt
1477 2330 1814 2387 recentiores
1831 2374 1845 2401 ‚
1877 2346 1990 2385 non
2018 2338 2198 2399 potest
2243 2343 2538 2384 erroneum
2582 2326 2961 2383 demonstrari.

438 2418 548 2471 Res
565 2430 823 2472 romanas
850 2426 1134 2474 auctorem
1162 2418 1463 2490 ignorasse,
1494 2426 1702 2474 temere
1731 2417 2012 2483 asseritur,
2045 2432 2174 2471 nam
2203 2425 2396 2472 auctor
2423 2432 2487 2473 ea
2517 2416 2664 2483 sola,
2701 2432 2860 2489 quae
2887 2418 2965 2469 lu·

436 2502 553 2558 clas
580 2502 654 2559 de
682 2506 968 2560 Romanis
1012 2506 1317 2571 audierat,
1350 2504 1588 2561 fideliter
1627 2504 1834 2561 referre
1863 2504 2055 2560 voluit.
2087 2507 2280 2575 Neque
2309 2502 2536 2559 demum
2566 2503 2687 2559 eius
2719 2506 2966 2575 ignoran-

436 2592 568 2645 tiam
595 2592 833 2662 probant
854 2592 968 2648 Arii
997 2593 1142 2667 regis
1168 2594 1567 2664 Spartanorum
1597 2594 1924 2664 (Μελ-265.)
1961 2592 2189 2663 epistola
2219 2589 2289 2647 ad
2320 2606 2599 2646 summum
2627 2588 2964 2647 sacerdotem
3028 2584 3029 2609 ¹

436 2679 633 2735 Oniam
662 2680 707 2734 Ι.
742 2685 1060 2747 (323.-300.)
1090 2689 1184 2735 aut
1215 2681 1536 2737 Ionatbanis
1563 2679 1790 2752 epistola
1833 2681 1902 2736 ad
1945 2682 2246 2749 Spartanos
2284 2680 2348 2744 (1.
2389 2680 2655 2747 12,6·23),
2698 2679 2828 2750 quia
2857 2677 2966 2732 illas

437 2764 671 2823 fideliter
698 2766 985 2823 dumtaxat
1006 2768 1348 2839 transcripsit
1376 2768 1531 2823 nullo
1556 2765 1756 2823 iudicio
1781 2767 1850 2823 de
1873 2782 2066 2823 earum
2096 2766 2316 2823 assertis
2343 2780 2622 2835 expresso.

517 2922 576 2979 4.
607 2952 687 2963 —
714 2922 801 2979 De
835 2920 1093 2979 alterius
1120 2918 1267 2979 libri
1297 2920 1672 2980 auctoritate
1701 2918 2000 2979 historica
2027 2918 2229 2977 maior
2257 2921 2353 2977 est
2381 2917 2838 2987 controversia;
2871 2914 2965 2974 sed

440 3016 562 3075 fide
590 3015 843 3093 dignam
874 3034 1008 3075 esse
1040 3019 1451 3077 narrationem
1483 3016 1680 3092 ipsam
1714 3014 1810 3094 (11.
1845 3012 2072 3092 3.-15.)
2109 3031 2233 3073 non
2263 3013 2544 3091 negabit,
2581 3014 2694 3091 qui
2735 3014 2818 3074 ad
2847 3014 2968 3072 eius

441 3111 749 3188 originem
785 3111 1143 3172 attenderit.
1197 3110 1431 3182 Quodsi
1470 3110 1811 3172 adversarii
1860 3110 2064 3188 prima
2107 3110 2366 3187 quidem
2401 3109 2608 3185 capita
2649 3110 2762 3187 (ΙΙ.
2793 3110 2966 3169 3.-6.“.

442 3224 585 3265 cum
614 3208 659 3265 Ι.
697 3209 942 3277 1,10-64
970 3208 1119 3267 satis
1156 3224 1534 3277 consonare,
1569 3207 1842 3284 reliquas
1869 3211 2082 3267 autem
2118 3206 2390 3266 duorum
2429 3204 2744 3265 librorum
2771 3222 2968 3265 narra-

444 3303 644 3361 tiones
674 3320 873 3379 quum
905 3304 969 3362 in
999 3305 1185 3364 rebus
1214 3304 1405 3381 gestis
1434 3308 1572 3363 tum
1601 3304 1667 3362 in
1695 3320 1914 3363 earum
1940 3320 2105 3363 nexu
2129 3306 2195 3362 et
2213 3300 2616 3378 chronologia
2642 3300 2969 3361 dissentire

444 3399 862 3469 contendunt,
896 3418 1021 3459 non
1061 3401 1211 3460 satis
1250 3399 1676 3469 considerant,
1723 3404 2012 3459 auctores
2047 3398 2364 3458 interdum
2390 3396 2466 3457 de
2497 3396 2821 3458 similibus
2849 3396 2972 3473 qui-

446 3494 588 3554 dem
626 3494 737 3555 sed
778 3495 1043 3555 diversis
1070 3496 1579 3575 expeditionibus
1618 3496 1794 3573 loqui
1836 3499 2021 3573 atque
2054 3494 2299 3555 diversa
2335 3495 2411 3554 ab
2452 3493 2544 3552 eis
2575 3494 2772 3553 statui
2809 3508 2970 3552 aerae

446 3590 859 3651 seleucidicae
879 3638 892 3662 ‚
926 3609 1112 3668 quam
1140 3596 1509 3671 sequuntur,
1547 3592 1726 3651 initia
1747 3590 1794 3648 ².

514 3704 785 3759 Minorem
810 3704 981 3759 fidem
998 3704 1141 3760 libro
1170 3711 1221 3761 2.
1256 3704 1439 3760 Mach.
1470 3704 1595 3759 ideo
1625 3704 1863 3759 maxime
1893 3702 2101 3759 habent
2122 3702 2449 3771 adversarii,
2477 3702 2608 3773 quia
2635 3702 2818 3757 multa
2844 3702 2898 3754 in
2917 3714 2972 3752 eo

446 3800 738 3847 narrantur
764 3792 1048 3847 miracula.
1078 3794 1338 3848 Ceterum
1367 3795 1530 3847 lason
1560 3807 1748 3847 rerum
1777 3789 1948 3845 Iudae
1988 3790 2172 3846 Macb.
2203 3788 2309 3845 fuit
2345 3789 2531 3855 testis;
2571 3788 2816 3844 sedecim
2844 3786 2972 3842 enim

447 3878 735 3935 dumtaxat
759 3894 934 3934 annos
962 3880 1205 3951 quinque
1232 3880 1345 3935 suis
1374 3879 1530 3934 libris
1559 3877 1998 3949 comprehendit,
2026 3893 2167 3949 quos
2196 3886 2323 3933 ante
2353 3876 2526 3931 Iudae
2563 3886 2806 3933 mortem
2835 3889 2970 3929 com-

448 3968 655 4038 posuit;
684 3967 910 4023 iasonici
934 3976 1119 4022 autem
1156 3968 1337 4037 operis
1366 3967 1818 4037 epitomatorem,
1850 3965 1940 4022 cui
1963 3974 2152 4021 nostra
2191 3964 2436 4021 narratio
2473 3963 2728 4031 debetur,
2759 3974 2975 4019 munere

448 4071 547 4109 suo
570 4053 863 4111 infideliter
899 4052 1151 4111 functum
1180 4070 1331 4121 esse,
1363 4054 1449 4122 vel
1473 4052 1600 4108 ideo
1629 4052 1848 4108 admitti
1877 4053 2089 4123 nequit,
2115 4053 2244 4123 quia
2269 4050 2482 4107 sontem
2509 4066 2674 4107 suum
2703 4048 2956 4105 indicavit

510 4240 575 4301 (2)
610 4240 817 4289 Diversa
846 4252 993 4289 aerae
1024 4238 1403 4289 Seleucidarum
1443 4235 1593 4285 initia
1629 4233 1694 4285 ab
1721 4232 2017 4285 auctoribus
2051 4240 2090 4284 1.
2125 4239 2178 4285 et
2209 4241 2256 4284 2.
2291 4234 2453 4284 nach.
2487 4233 2672 4291 statui.
2701 4228 2975 4282 communis

449 4322 525 4369 est
553 4318 657 4369 fere
685 4319 915 4367 omnium
950 4318 1287 4379 interpretum
1319 4314 1598 4373 sententia,
1627 4314 1742 4363 licet
1777 4313 1828 4363 in
1866 4314 2025 4363 initiis
2053 4313 2350 4363 definiendis
2381 4312 2707 4362 dissentiant.
2735 4306 2972 4362 Probabi-

450 4399 547 4449 lius
579 4407 620 4447 1.
648 4398 813 4448 Maeli.
840 4410 951 4446 eam
979 4398 1183 4445 inchoat
1205 4410 1233 4443 a
1262 4409 1379 4445 vere
1408 4396 1493 4447 (m.
1524 4394 1699 4455 Nisan)
1727 4406 1773 4442 a.
1809 4397 1928 4449 312,
1959 4392 2047 4442 sed
2076 4399 2122 4443 2.
2169 4393 2332 4442 flach.
2372 4392 2436 4443 ab
2464 4394 2741 4441 auctumno
2779 4390 2868 4453 (m.
2897 4386 2970 4435 Ti-

450 4477 603 4535 scbri)
633 4476 855 4527 eiusdem
884 4489 931 4525 a.
964 4478 1075 4524 812.
1108 4474 1363 4537 (Petav.);
1395 4472 1481 4521 alii
1512 4472 1694 4521 volunt
1727 4478 1766 4521 1.
1795 4472 1958 4521 Mach.
1984 4486 2093 4523 eam
2133 4471 2372 4521 inchoare
2397 4470 2463 4520 ab
2489 4472 2768 4520 auctumno
2797 4482 2838 4516 a.
2871 4470 2969 4515 312.

340 4604 351 4612 ,
452 4565 504 4605 et
527 4562 572 4603 2.
600 4555 758 4605 Maeli.
790 4554 855 4603 ab
880 4559 1157 4605 auctumuo
1185 4568 1231 4603 a.
1264 4557 1371 4602 311.
1404 4550 1732 4614 (sanctem),
1763 4550 1852 4600 alii
1880 4557 1920 4600 1.
1954 4551 2117 4600 Mach.
2150 4564 2181 4600 a
2203 4564 2322 4601 vere
2345 4564 2390 4600 a.
2422 4552 2530 4600 3¹2.
2565 4554 2616 4600 et
2644 4555 2689 4599 2.
2724 4546 2886 4597 Hacb.
2916 4544 2970 4591 ab

454 4636 724 4683 auctumno
748 4646 796 4682 a.
826 4636 933 4683 311.
965 4632 1201 4695 (Ideler).
