3050 5184
632 307 705 352 aa
744 307 903 352 unm
944 309 1311 354 sarii-:mma
1349 309 1711 356 Ακῦυκεκτο
1751 313 1824 356 m·
1869 313 2190 358 nivrslous.
2568 295 2688 355 349

394 441 679 496 stultitiam
712 440 1058 498 idololatriae
1096 445 1356 514 (15,-19).
1394 475 1465 486 -
1500 444 1592 501 Ad
1625 445 1814 502 thema
1855 445 2080 502 demum
2122 461 2378 505 reversus
2419 442 2684 510 ostendit,

394 526 617 598 quinam
646 528 757 584 sint
783 531 1083 601 sapientiae
1121 540 1180 586 et
1206 532 1547 602 insipientiae
1582 532 1822 600 t'metus,
1855 531 2132 590 diversam
2161 541 2369 590 sortem
2407 531 2687 588 Israelita-

394 629 513 670 rum
543 626 598 672 et
622 619 1017 690 Aegyptiorum
1044 635 1143 690 per
1169 619 1389 691 singula
1417 635 1749 692 comparans
1779 624 2173 691 (lea-1930).

240 769 293 826 4.
316 800 389 811 —
411 769 705 839 Quamvis
734 786 915 848 reges
940 771 1387 849 principesque
1408 771 1574 832 haud
1599 773 1796 833 semel
1827 773 2205 851 alloquatur,
2232 777 2449 834 auctor
2473 775 2689 832 tamen

172 862 439 924 omnibus
468 866 602 926 suis
630 867 1093 928 contribulibus
1122 868 1357 928 librum
1387 869 1740 930 destinasse
1771 874 1938 929 recte
1974 869 2231 941 dicitur,
2265 873 2334 930 ut
2359 885 2578 930 omnes
2611 867 2689 928 ad

174 959 508 1021 sectandam
556 963 935 1040 sapientiam
972 961 1409 1025 exhortaretur
1440 951 1637 1041 'atque
1679 966 1758 1026 ab
1801 966 2121 1043 apostasia
2167 965 2690 1042 idololatriaeque

174 1057 425 1132 periculo
454 1063 787 1120 averteret.

232 1171 408 1243 Longe
430 1174 607 1228 maior
631 1173 755 1229 libri
785 1189 943 1246 ρει-ε,
972 1191 1147 1246 quum
1182 1175 1469 1232 historiam
1506 1177 1679 1233 lsrael
1707 1181 1986 1234 accurate
2013 1177 2295 1248 cognitam
2326 1181 2628 1247 supponat,
2658 1189 2691 1228 a

170 1257 285 1314 solis
312 1259 525 1316 ludaeis
559 1262 739 1333 potuit
762 1262 1025 1335 intelligi,
1060 1263 1156 1318 sed
1185 1263 1282 1318 illo
1310 1269 1592 1335 tempore,
1621 1280 1733 1336 quo
1767 1264 1907 1320 liber
1937 1265 2174 1336 scriptus
2202 1273 2314 1332 est,
2348 1261 2568 1318 Iudaeis
2588 1275 2694 1316 nec

172 1339 307 1418 reges
333 1363 433 1404 nec
457 1347 737 1422 principes
772 1365 878 1406 nec
905 1350 1115 1406 iudices
1144 1359 1325 1407 terrae
1356 1361 1515 1408 erant
1547 1353 1686 1422 (1‚1;
1713 1357 1826 1421 6,1.
1852 1357 1938 1420 9);
1972 1361 2308 1424 quapropter
2333 1351 2695 1406 admittamus

170 1449 369 1492 necesse
402 1445 513 1506 est,
548 1444 835 1494 auctorem
872 1447 970 1494 aut
998 1439 1279 1496 vocabulis
1316 1439 1437 1496 istis
1462 1440 1662 1496 latiore
1695 1455 1860 1496 sensu
1887 1440 2086 1495 sumtis
2124 1455 2318 1496 omnes
2345 1437 2709 1511 designasse..

172 1523 252 1592 qui
278 1525 603 1580 auctoritate
632 1541 983 1598 quacumque
1010 1527 1068 1582 in
1096 1526 1343 1583 subditas
1373 1527 1613 1584 familias
1646 1536 1750 1584 etc.
1785 1525 2098 1601 pollebant,
2125 1536 2224 1584 aut
2244 1524 2693 1598 compellationi-

169 1609 258 1664 bus
282 1611 388 1668 illis
418 1614 570 1669 velut
600 1621 802 1670 ornatu
840 1613 1087 1686 quodam
1123 1615 1397 1671 sermonis
1431 1631 1552 1672 esse
1581 1629 1772 1684 usum3
1805 1615 1971 1672 simili
2004 1615 2152 1671 enim
2184 1614 2353 1670 modo
2389 1613 2694 1684 prophetae

170 1714 369 1771 quoque
394 1701 451 1756 in
482 1702 781 1772 vaticiniis,
816 1718 959 1774 quae
986 1702 1119 1758 solis
1149 1703 1414 1760 Israelitis
1437 1711 1600 1760 erant
1625 1703 1917 1774 destinata,
1949 1713 2204 1761 externas
2227 1704 2480 1759 nationes
2507 1717 2692 1774 reges-

169 1803 261 1858 que
286 1788 539 1846 ethnicos
578 1789 896 1862 frequenter
924 1791 1304 1862 alloquuntur.
1337 1789 1692 1848 contribules
1729 1793 1896 1866 igitur
1925 1807 2118 1848 omnes
2145 1791 2217 1847 ad
2245 1790 2544 1861 sapientiae
2573 1798 2692 1844 stu-

169 1876 305 1933 dium
338 1878 686 1947 exhortatur,
724 1879 879 1934 cuius
918 1877 1132 1935 fructus
1164 1879 1457 1951 praecipue
1492 1879 1784 1948 describit,
1817 1879 1946 1952 quia
1978 1889 2098 1936 tum
2135 1880 2402 1952 temporis
2438 1878 2691 1934 consola-

171 1965 296 2021 tione
330 1966 384 2022 in
426 1965 597 2022 rebus
632 1965 903 2036 adversi3‚
938 1966 1140 2039 quibus
1188 1967 1604 2038 premebantur,
1645 1967 1968 2040 indigebant
2007 1976 2063 2025 et
2104 1969 2411 2040 apostasiae
2451 1967 2693 2038 periculo

168 2061 309 2109 erant
336 2054 589 2126 expositi.

350 2261 385 2342 ξ
422 2265 533 2324 20.
568 2296 656 2308 —
683 2261 779 2324 De
823 2257 983 2324 libri
1006 2259 1400 2348 Sapientiae
1430 2259 1722 2342 animle,
1757 2259 2176 2348 inteqritate,
2211 2258 2489 2348 oriqine.

240 2465 288 2523 l.
317 2495 395 2510 -
420 2463 595 2525 Libri
618 2463 977 2541 Sapientiae
1006 2462 1235 2534 unitim,
1262 2479 1458 2540 quam
1481 2464 1663 2541 pauci
1689 2465 1770 2524 ob
1799 2463 1945 2542 styli
1975 2464 2405 2524 diversitatem
2434 2470 2497 2524 et
2524 2464 2696 2524 idea·

168 2577 293 2620 rum
329 2561 797 2622 dissonantiam
840 2561 1406 2639 impugnaverunt,
1452 2561 1594 2638 ipso
1637 2561 1856 2636 potius
1903 2560 2152 2620 interno
2194 2560 2484 2621 idearum
2533 2578 2695 2621 nexu

169 2661 337 2735 atque
366 2659 519 2736 styli
552 2658 614 2717 in
646 2662 783 2718 toto
812 2657 977 2718 libro
1008 2656 1431 2717 similitudine
1464 2661 1638 2716 extra
1666 2657 1948 2734 prudens
1980 2657 2244 2717 dubium
2273 2657 2551 2735 ponitur.

226 2771 403 2829 Medio
432 2786 581 2828 saec.
618 2777 702 2828 18.
746 2773 811 2828 C.
843 2775 912 2826 F.
943 2770 1316 2841 Houbiqant,
1346 2771 1552 2843 Congr.
1584 2771 1766 2838 Orat.,
1797 2769 2004 2826 librum
2041 2771 2098 2825 in
2125 2768 2266 2826 duas
2299 2778 2483 2841 partes
2510 2769 2693 2840 scidit,

166 2860 305 2916 cuius
340 2860 587 2933 priorem
630 2864 821 2928 (1.-9),
873 2858 999 2932 quia
1046 2859 1461 2930 simplicitatem
1509 2856 1827 2914 hebraicam
1868 2855 2118 2914 redoleat
2153 2857 2696 2931 parallelismumque

170 2949 425 3018 poeticum
462 2948 731 3016 retineat,
776 2947 1061 3004 Salomoni
1098 2947 1313 3002 auctori
1355 2945 1629 3014 attribuit,
1675 2947 1908 3002 alteram
1951 2946 2210 3018 (ια-19.)
2255 2961 2457 3018 graeco
2499 2947 2698 3018 prioris

169 3039 321 3105 partis
348 3037 661 3108 interpreti.
695 3035 948 3092 Ulterius
990 3035 1267 3107 progressi
1305 3034 1684 3090 rationalistae
1715 3033 1869 3090 ideas
1902 3050 2123 3107 quoque
2149 3035 2294 3090 iuter
2325 3050 2386 3091 se
2411 3034 2698 3091 dissentire

170 3124 263 3181 rati
284 3125 489 3184 librum
517 3125 576 3180 in
603 3123 715 3180 duo
746 3123 831 3178 vel
862 3124 969 3180 tria
1000 3123 1263 3202 opuscula
1294 3121 1732 3195 discerpserunt,
1764 3132 1862 3178 aut
1883 3131 2064 3179 totum
2092 3137 2232 3194 opus
2259 3121 2638 3196 anthologiam
2667 3141 2698 3178 e

170 3215 319 3269 variis
344 3211 830 3270 dissertationibus
853 3209 1151 3267 conflatam
1174 3210 1453 3266 dixerunt.
1480 3214 1747 3267 Attamen
1773 3213 1948 3282 stylus
1975 3209 2187 3267 levibus
2213 3227 2328 3268 non
2354 3210 2701 3269 obstantibus

168 3299 497 3370 differentiis,
532 3316 673 3373 quae
691 3301 750 3356 in
770 3299 922 3356 omni
953 3299 1067 3355 iere
1094 3297 1237 3356 libro
1265 3297 1780 3371 deprehenduntur,
1806 3301 1988 3372 operis
2011 3299 2282 3355 unitatem
2303 3308 2508 3356 tuetur.
2542 3300 2700 3357 Idem

170 3388 302 3446 enim
326 3390 535 3462 ubique
554 3403 683 3446 vere
708 3401 938 3460 graecus
956 3386 1129 3455 color,
1154 3403 1264 3459 quo
1289 3387 1535 3458 reliquos
1558 3386 1731 3443 libros
1755 3386 2150 3443 alexandrinae
2174 3386 2433 3444 editionis
2451 3397 2697 3476 superat,

170 3475 299 3533 idem
335 3479 546 3550 ubique
586 3475 1111 3546 homoeoptotorum
1144 3484 1199 3531 et
1233 3475 1752 3546 paronomaSIarum
1787 3474 2060 3544 studium,
2101 3475 2331 3530 eaedem
2371 3492 2532 3532 voces
2561 3493 2700 3533 con-

169 3567 593 3638 structionesque
621 3565 887 3632 rariores;
920 3579 1099 3635 neque
1128 3563 1186 3619 in
1220 3564 1396 3620 altera
1426 3571 1584 3635 parte
1619 3562 2024 3634 parallelismus
2052 3561 2237 3632 deest,
2275 3564 2402 3619 licet
2431 3563 2502 3620 ob
2530 3581 2700 3638 argu·

171 3656 325 3710 menti
351 3653 733 3711 diversitatem
764 3652 943 3708 rarius
969 3650 1301 3708 adhibeatur
1320 3652 1359 3707 ¹.

233 3743 457 3799 lntimus
524 3740 775 3798 idearum
828 3755 1005 3795 nexus
1061 3739 1171 3795 iam
1229 3755 1297 3794 ex
1353 3749 1656 3811 conspectu
1715 3738 1922 3795 tradito
1988 3748 2245 3811 apparet3
2308 3755 2503 3812 parum
2551 3749 2701 3797 recte

168 3838 337 3886 autem
382 3829 666 3897 obiicitur,
706 3829 767 3884 in
802 3829 989 3900 priore
1032 3836 1188 3900 parte
1236 3827 1529 3883 historiam
1547 3869 1562 3896 ,
1611 3843 1753 3899 quae
1789 3828 1848 3884 in
1887 3827 2059 3884 altera
2095 3829 2435 3900 praevaleat,
2478 3844 2702 3899 prorsus

170 3919 549 3986 praetermitti,
574 3917 765 3986 procul
796 3917 944 3972 enim
973 3915 1142 3971 dubio
1165 3914 1325 3971 licuit
1347 3917 1566 3972 auctori
1605 3915 1963 3986 sapientiam,
2001 3931 2168 3988 quam
2202 3936 2228 3968 α
2258 3915 2640 3972 ratiocinando
2672 3936 2697 3969 ι

172 4006 656 4073 commendaverat,
694 4023 719 4058 ι
760 4003 1219 4075 exemplificando
1260 4024 1285 4056 ι
1320 4003 1627 4060 celebrare.
1660 4005 1853 4074 Neque
1879 4003 2084 4060 rectius
2121 4011 2400 4074 monetur,
2427 4003 2484 4059 in
2519 4005 2702 4076 priore

221 4159 285 4218 (t)
312 4158 491 4208 Paucis
530 4155 777 4220 exemplis
808 4159 1001 4205 asserta
1031 4153 1417 4205 confirmamus.
1446 4155 1906 4205 Parallelismum
1939 4155 2216 4218 poeticum
2242 4153 2296 4202 in
2329 4153 2492 4204 altera
2517 4159 2662 4219 parte
2686 4174 2700 4207 ε

176 4239 339 4293 1134.
379 4242 451 4286 11.
482 4243 558 4288 13.
583 4241 765 4294 22-253
800 4239 957 4294 12‚12.
995 4240 1077 4294 18;
1116 4238 1243 4291 13,1.
1274 4239 1303 4284 3
1332 4247 1410 4298 sq.
1446 4239 1500 4284 18
1539 4247 1646 4298 sq.;
1681 4237 1904 4294 1⁴‚2,12;
1939 4239 2071 4294 15,11
2103 4236 2201 4284 etc.
2227 4259 2291 4270 -
2317 4235 2704 4299 Homoioptota

172 4317 215 4360 vt
234 4317 649 4377 paronomasiae
675 4330 695 4365 .·
730 4319 857 4372 tm.
888 4319 919 4364 2
948 4314 1173 4364 εὗώδωσε
1202 4342 1263 4354 -
1301 4315 1568 4364 διώδευσαν
1585 4351 1598 4376 ,
1633 4317 1771 4370 11,12
1808 4313 2012 4369 ἀπόντες
2035 4313 2087 4362 δὲ
2113 4313 2197 4362 καὶ
2225 4311 2480 4379 παρόντες,
2510 4321 2620 4374 12,5
2649 4318 2703 4366 ἐκ

174 4391 317 4452 aleon
336 4393 625 4457 μυσταθείας
644 4411 761 4454 σου,
798 4399 937 4451 12,ιῖ
961 4394 1147 4450 ἔκδικος
1175 4393 1303 4442 κατὰ
1330 4393 1537 4452 ἀδίκων,
1581 4395 1718 4450 12‚t5
1743 4393 1925 4449 δίκαιος
1952 4419 2014 4428 -
2035 4392 2229 4448 δικαίως
2255 4417 2318 4429 -
2347 4395 2672 4446 καταδικάσας
2689 4434 2701 4458 ,

180 4479 304 4532 1235
336 4487 411 4542 sq.
451 4475 618 4528 παισίν
650 4501 713 4511 -
750 4473 1023 4538 ἐμπαιγμόν
1058 4499 1121 4509 -
1157 4472 1394 4536 παιγνίοις
1424 4476 1520 4522 etc.
1556 4497 1619 4510 —
1653 4471 1844 4521 Eadem
1881 4470 2152 4522 vocabula
2192 4473 2442 4532 rariora,
2481 4488 2614 4540 quae
2651 4475 2704 4523 in

179 4553 329 4611 priore
356 4560 495 4620 parte
524 4573 536 4604 :
567 4549 957 4617 παντοδύναμος,
981 4551 1299 4618 κακότεχνος,
1333 4551 1609 4615 ἀπότομος,
1639 4552 1846 4614 γενέσεις
1884 4551 2149 4614 (qenera),
2181 4554 2514 4617 συγγνωστός,
2547 4571 2703 4618 παρα·

178 4628 343 4694 desan,
368 4633 798 4686 καταδυναστιύειν
826 4635 924 4683 etc.
