<?xml version="1.0" encoding="UTF-8"?>
<!DOCTYPE html PUBLIC "-//W3C//DTD XHTML 1.0 Transitional//EN"
    "http://www.w3.org/TR/xhtml1/DTD/xhtml1-transitional.dtd">
<html xmlns="http://www.w3.org/1999/xhtml" xml:lang="en" lang="en">
 <head>
  <title>
</title>
<meta http-equiv="Content-Type" content="text/html;charset=utf-8" />
  <meta name='ocr-system' content='tesseract 3.04.00' />
  <meta name='ocr-capabilities' content='ocr_page ocr_carea ocr_par ocr_line ocrx_word'/>
</head>
<body>
  <div class='ocr_page' id='page_1' title='image "./historicaeetcri00corngoog_0603.png"; bbox 0 0 3050 5184; ppageno 0'>
   <div class='ocr_carea' id='block_1_1' title="bbox 665 316 2597 390">
    <p class='ocr_par' dir='ltr' id='par_1_1' title="bbox 665 316 2597 390">
     <span class='ocr_line' id='line_1_1' title="bbox 665 316 2597 390; baseline -0.002 -4"><span class='ocrx_word' id='word_1_1' title='bbox 665 342 741 386; x_wconf 76' lang='lat' dir='ltr'>nn</span> <span class='ocrx_word' id='word_1_2' title='bbox 782 343 1013 387; x_wconf 65' lang='lat' dir='ltr'>numus</span> <span class='ocrx_word' id='word_1_3' title='bbox 1055 344 1353 388; x_wconf 78' lang='lat' dir='ltr'>EPISTOLIS</span> <span class='ocrx_word' id='word_1_4' title='bbox 1392 347 1449 388; x_wconf 79' lang='lat' dir='ltr'>a.</span> <span class='ocrx_word' id='word_1_5' title='bbox 1494 345 1670 390; x_wconf 69' lang='lat' dir='ltr'>parm</span> <span class='ocrx_word' id='word_1_6' title='bbox 1711 345 2008 390; x_wconf 75' lang='lat' dir='ltr'>Arosrou.</span> <span class='ocrx_word' id='word_1_7' title='bbox 2481 316 2597 384; x_wconf 76' lang='lat'>593</span> 
     </span>
    </p>
   </div>
   <div class='ocr_carea' id='block_1_2' title="bbox 91 473 2598 2567">
    <p class='ocr_par' dir='ltr' id='par_1_2' title="bbox 91 473 2598 2567">
     <span class='ocr_line' id='line_1_2' title="bbox 159 473 2594 549; baseline -0 -23"><span class='ocrx_word' id='word_1_8' title='bbox 159 473 215 526; x_wconf 90' lang='lat' dir='ltr'>ln</span> <span class='ocrx_word' id='word_1_9' title='bbox 244 473 772 544; x_wconf 83' lang='lat' dir='ltr'>septemtrionalibus</span> <span class='ocrx_word' id='word_1_10' title='bbox 800 474 963 530; x_wconf 88' lang='lat' dir='ltr'>Asiae</span> <span class='ocrx_word' id='word_1_11' title='bbox 993 475 1126 530; x_wconf 79' lang='lat' dir='ltr'>Min.</span> <span class='ocrx_word' id='word_1_12' title='bbox 1162 475 1411 546; x_wconf 86' lang='lat' dir='ltr'>partibus</span> <span class='ocrx_word' id='word_1_13' title='bbox 1438 477 1804 549; x_wconf 82' lang='lat' dir='ltr'>Evangelium</span> <span class='ocrx_word' id='word_1_14' title='bbox 1834 485 1962 532; x_wconf 88' lang='lat' dir='ltr'>ante</span> <span class='ocrx_word' id='word_1_15' title='bbox 1989 477 2212 532; x_wconf 82' lang='lat' dir='ltr'><strong>tertiam</strong></span> <span class='ocrx_word' id='word_1_16' title='bbox 2242 473 2402 530; x_wconf 91' lang='lat' dir='ltr'>Pauli</span> <span class='ocrx_word' id='word_1_17' title='bbox 2429 486 2594 544; x_wconf 86' lang='lat' dir='ltr'>expe-</span> 
     </span>
     <span class='ocr_line' id='line_1_3' title="bbox 99 557 2597 636; baseline 0.001 -25"><span class='ocrx_word' id='word_1_18' title='bbox 99 557 335 616; x_wconf 82' lang='lat' dir='ltr'><strong>ditionem</strong></span> <span class='ocrx_word' id='word_1_19' title='bbox 362 569 729 633; x_wconf 86' lang='lat' dir='ltr'>propagatum</span> <span class='ocrx_word' id='word_1_20' title='bbox 759 577 875 618; x_wconf 88' lang='lat' dir='ltr'>non</span> <span class='ocrx_word' id='word_1_21' title='bbox 901 570 1011 630; x_wconf 67' lang='lat' dir='ltr'>est,</span> <span class='ocrx_word' id='word_1_22' title='bbox 1042 578 1075 617; x_wconf 91' lang='lat' dir='ltr'>a</span> <span class='ocrx_word' id='word_1_23' title='bbox 1100 578 1231 618; x_wconf 88' lang='lat' dir='ltr'>vero</span> <span class='ocrx_word' id='word_1_24' title='bbox 1256 563 1425 635; x_wconf 85' lang='lat' dir='ltr'>igitur</span> <span class='ocrx_word' id='word_1_25' title='bbox 1450 564 1740 634; x_wconf 89' lang='lat' dir='ltr'>aberrant,</span> <span class='ocrx_word' id='word_1_26' title='bbox 1769 565 1862 636; x_wconf 90' lang='lat' dir='ltr'>qui</span> <span class='ocrx_word' id='word_1_27' title='bbox 1889 573 2138 620; x_wconf 73' lang='lat' dir='ltr'>nostram</span> <span class='ocrx_word' id='word_1_28' title='bbox 2165 562 2458 634; x_wconf 88' lang='lat' dir='ltr'>epistolam</span> <span class='ocrx_word' id='word_1_29' title='bbox 2487 561 2597 614; x_wconf 85' lang='lat' dir='ltr'>iam</span> 
     </span>
     <span class='ocr_line' id='line_1_4' title="bbox 98 643 2598 723; baseline 0 -23"><span class='ocrx_word' id='word_1_30' title='bbox 98 665 141 700; x_wconf 80' lang='lat' dir='ltr'>a.</span> <span class='ocrx_word' id='word_1_31' title='bbox 166 653 243 702; x_wconf 81' lang='grc'>59.</span> <span class='ocrx_word' id='word_1_32' title='bbox 274 650 531 720; x_wconf 81' lang='lat' dir='ltr'><strong>scriptam</strong></span> <span class='ocrx_word' id='word_1_33' title='bbox 558 665 677 706; x_wconf 87' lang='lat' dir='ltr'>esse</span> <span class='ocrx_word' id='word_1_34' title='bbox 704 658 949 704; x_wconf 88' lang='lat' dir='ltr'>censent.</span> <span class='ocrx_word' id='word_1_35' title='bbox 982 652 1161 706; x_wconf 89' lang='lat' dir='ltr'>Immo</span> <span class='ocrx_word' id='word_1_36' title='bbox 1191 643 1485 719; x_wconf 82' lang='lat' dir='ltr'>ecclesiae,</span> <span class='ocrx_word' id='word_1_37' title='bbox 1526 651 1728 723; x_wconf 87' lang='lat' dir='ltr'>quibus</span> <span class='ocrx_word' id='word_1_38' title='bbox 1769 650 2044 708; x_wconf 84' lang='lat' dir='ltr'>destinata</span> <span class='ocrx_word' id='word_1_39' title='bbox 2073 659 2156 707; x_wconf 88' lang='lat' dir='ltr'>est</span> <span class='ocrx_word' id='word_1_40' title='bbox 2197 649 2456 722; x_wconf 89' lang='lat' dir='ltr'>epistola,</span> <span class='ocrx_word' id='word_1_41' title='bbox 2485 647 2598 702; x_wconf 90' lang='lat' dir='ltr'>iam</span> 
     </span>
     <span class='ocr_line' id='line_1_5' title="bbox 98 733 2598 810; baseline 0.001 -23"><span class='ocrx_word' id='word_1_42' title='bbox 98 735 411 806; x_wconf 84' lang='lat' dir='ltr'><strong>aliquamdiu</strong></span> <span class='ocrx_word' id='word_1_43' title='bbox 436 738 760 793; x_wconf 79' lang='lat' dir='ltr'>exstiterant</span> <span class='ocrx_word' id='word_1_44' title='bbox 788 753 966 809; x_wconf 86' lang='lat' dir='ltr'>eoque</span> <span class='ocrx_word' id='word_1_45' title='bbox 1000 747 1280 809; x_wconf 90' lang='lat' dir='ltr'>tempore,</span> <span class='ocrx_word' id='word_1_46' title='bbox 1312 754 1423 810; x_wconf 90' lang='lat' dir='ltr'>quo</span> <span class='ocrx_word' id='word_1_47' title='bbox 1464 739 1834 805; x_wconf 82' lang='lat' dir='ltr'>scribebatur,</span> <span class='ocrx_word' id='word_1_48' title='bbox 1864 739 1934 796; x_wconf 92' lang='lat' dir='ltr'>ob</span> <span class='ocrx_word' id='word_1_49' title='bbox 1974 739 2299 810; x_wconf 81' lang='lat' dir='ltr'><strong>religionem</strong></span> <span class='ocrx_word' id='word_1_50' title='bbox 2337 751 2496 792; x_wconf 89' lang='lat' dir='ltr'>suam</span> <span class='ocrx_word' id='word_1_51' title='bbox 2529 733 2598 790; x_wconf 89' lang='lat' dir='ltr'>ab</span> 
     </span>
     <span class='ocr_line' id='line_1_6' title="bbox 99 821 2592 897; baseline 0.002 -23"><span class='ocrx_word' id='word_1_52' title='bbox 99 821 300 878; x_wconf 79' lang='lat' dir='ltr'>ethnicis</span> <span class='ocrx_word' id='word_1_53' title='bbox 326 839 551 897; x_wconf 81' lang='lat' dir='ltr'>gravem</span> <span class='ocrx_word' id='word_1_54' title='bbox 589 826 1028 896; x_wconf 82' lang='lat' dir='ltr'>persecutionem</span> <span class='ocrx_word' id='word_1_55' title='bbox 1068 835 1160 881; x_wconf 90' lang='lat' dir='ltr'>aut</span> <span class='ocrx_word' id='word_1_56' title='bbox 1204 826 1558 897; x_wconf 75' lang='lat' dir='ltr'>perferebant</span> <span class='ocrx_word' id='word_1_57' title='bbox 1593 836 1689 884; x_wconf 89' lang='lat' dir='ltr'>aut</span> <span class='ocrx_word' id='word_1_58' title='bbox 1733 827 1932 882; x_wconf 90' lang='lat' dir='ltr'>saltem</span> <span class='ocrx_word' id='word_1_59' title='bbox 1979 825 2250 882; x_wconf 86' lang='lat' dir='ltr'>timebant</span> <span class='ocrx_word' id='word_1_60' title='bbox 2289 831 2399 894; x_wconf 80' lang='lat'>(1‚6</span> <span class='ocrx_word' id='word_1_61' title='bbox 2435 839 2592 895; x_wconf 85' lang='lat' dir='ltr'>sqq.;</span> 
     </span>
     <span class='ocr_line' id='line_1_7' title="bbox 98 910 2593 987; baseline 0.002 -26"><span class='ocrx_word' id='word_1_62' title='bbox 98 915 201 972; x_wconf 60' lang='lat'>&amp;14</span> <span class='ocrx_word' id='word_1_63' title='bbox 232 927 387 983; x_wconf 86' lang='lat' dir='ltr'>sqq.;</span> <span class='ocrx_word' id='word_1_64' title='bbox 414 918 567 978; x_wconf 52' lang='lat'>41⁴.</span> <span class='ocrx_word' id='word_1_65' title='bbox 602 917 721 983; x_wconf 71' lang='grc'>16),</span> <span class='ocrx_word' id='word_1_66' title='bbox 755 929 897 984; x_wconf 89' lang='lat' dir='ltr'>quae</span> <span class='ocrx_word' id='word_1_67' title='bbox 932 914 1257 970; x_wconf 81' lang='lat' dir='ltr'>universalis</span> <span class='ocrx_word' id='word_1_68' title='bbox 1298 912 1403 969; x_wconf 84' lang='lat' dir='ltr'>fuit</span> <span class='ocrx_word' id='word_1_69' title='bbox 1442 915 1576 986; x_wconf 85' lang='lat'>(5,9)</span> <span class='ocrx_word' id='word_1_70' title='bbox 1603 931 1786 986; x_wconf 87' lang='lat' dir='ltr'>neque</span> <span class='ocrx_word' id='word_1_71' title='bbox 1813 915 1996 973; x_wconf 88' lang='lat' dir='ltr'>subito</span> <span class='ocrx_word' id='word_1_72' title='bbox 2027 913 2274 987; x_wconf 84' lang='lat' dir='ltr'>quodam</span> <span class='ocrx_word' id='word_1_73' title='bbox 2293 910 2468 984; x_wconf 90' lang='lat' dir='ltr'>plebis</span> <span class='ocrx_word' id='word_1_74' title='bbox 2502 919 2593 966; x_wconf 88' lang='lat' dir='ltr'>tu-</span> 
     </span>
     <span class='ocr_line' id='line_1_8' title="bbox 97 998 2596 1075; baseline 0.002 -25"><span class='ocrx_word' id='word_1_75' title='bbox 97 999 247 1053; x_wconf 82' lang='lat' dir='ltr'>multu</span> <span class='ocrx_word' id='word_1_76' title='bbox 272 1011 567 1071; x_wconf 83' lang='lat' dir='ltr'>provocata</span> <span class='ocrx_word' id='word_1_77' title='bbox 596 1000 696 1056; x_wconf 88' lang='lat' dir='ltr'>sed</span> <span class='ocrx_word' id='word_1_78' title='bbox 720 1017 749 1056; x_wconf 91' lang='lat' dir='ltr'>a</span> <span class='ocrx_word' id='word_1_79' title='bbox 780 1001 1189 1074; x_wconf 81' lang='lat' dir='ltr'>magistratibus</span> <span class='ocrx_word' id='word_1_80' title='bbox 1220 1001 1350 1073; x_wconf 87' lang='lat' dir='ltr'>ipsis</span> <span class='ocrx_word' id='word_1_81' title='bbox 1378 1013 1636 1075; x_wconf 88' lang='lat' dir='ltr'>promota</span> <span class='ocrx_word' id='word_1_82' title='bbox 1662 1007 1852 1071; x_wconf 80' lang='lat'>(3,15).</span> <span class='ocrx_word' id='word_1_83' title='bbox 1885 1004 2076 1059; x_wconf 84' lang='lat' dir='ltr'>Talem</span> <span class='ocrx_word' id='word_1_84' title='bbox 2106 1017 2235 1058; x_wconf 80' lang='lat' dir='ltr'>vero</span> <span class='ocrx_word' id='word_1_85' title='bbox 2265 998 2596 1070; x_wconf 86' lang='lat' dir='ltr'>persecutio-</span> 
     </span>
     <span class='ocr_line' id='line_1_9' title="bbox 98 1083 2587 1161; baseline -0 -22"><span class='ocrx_word' id='word_1_86' title='bbox 98 1101 199 1140; x_wconf 87' lang='lat' dir='ltr'>nem</span> <span class='ocrx_word' id='word_1_87' title='bbox 224 1103 331 1142; x_wconf 88' lang='lat' dir='ltr'>non</span> <span class='ocrx_word' id='word_1_88' title='bbox 368 1089 638 1144; x_wconf 85' lang='lat' dir='ltr'>exarsisse</span> <span class='ocrx_word' id='word_1_89' title='bbox 667 1097 915 1157; x_wconf 85' lang='lat' dir='ltr'>constat,</span> <span class='ocrx_word' id='word_1_90' title='bbox 943 1098 1241 1160; x_wconf 89' lang='lat' dir='ltr'>antequam</span> <span class='ocrx_word' id='word_1_91' title='bbox 1281 1092 1429 1146; x_wconf 90' lang='lat' dir='ltr'>Nero</span> <span class='ocrx_word' id='word_1_92' title='bbox 1478 1099 1687 1149; x_wconf 52' lang='lat' dir='ltr'>aestate</span> <span class='ocrx_word' id='word_1_93' title='bbox 1723 1107 1775 1147; x_wconf 92' lang='lat' dir='ltr'>a.</span> <span class='ocrx_word' id='word_1_94' title='bbox 1808 1096 1922 1161; x_wconf 60' lang='lat'>64„</span> <span class='ocrx_word' id='word_1_95' title='bbox 1956 1099 2016 1145; x_wconf 90' lang='lat' dir='ltr'>ut</span> <span class='ocrx_word' id='word_1_96' title='bbox 2066 1111 2090 1142; x_wconf 75' lang='grc' dir='ltr'><strong>α</strong></span> <span class='ocrx_word' id='word_1_97' title='bbox 2135 1089 2269 1144; x_wconf 88' lang='lat' dir='ltr'>iussi</span> <span class='ocrx_word' id='word_1_98' title='bbox 2295 1083 2534 1144; x_wconf 85' lang='lat' dir='ltr'>incendii</span> <span class='ocrx_word' id='word_1_99' title='bbox 2563 1105 2587 1133; x_wconf 72' lang='lat' dir='ltr'>n</span> 
     </span>
     <span class='ocr_line' id='line_1_10' title="bbox 95 1171 2592 1251; baseline 0 -25"><span class='ocrx_word' id='word_1_100' title='bbox 95 1173 234 1229; x_wconf 67' lang='lat' dir='ltr'>&#39;Urbis</span> <span class='ocrx_word' id='word_1_101' title='bbox 254 1177 623 1248; x_wconf 82' lang='lat' dir='ltr'>suspicionem</span> <span class='ocrx_word' id='word_1_102' title='bbox 650 1193 681 1232; x_wconf 90' lang='lat' dir='ltr'>a</span> <span class='ocrx_word' id='word_1_103' title='bbox 707 1192 769 1232; x_wconf 91' lang='lat' dir='ltr'>se</span> <span class='ocrx_word' id='word_1_104' title='bbox 794 1185 1088 1244; x_wconf 86' lang='lat' dir='ltr'>averteret,</span> <span class='ocrx_word' id='word_1_105' title='bbox 1125 1199 1149 1228; x_wconf 81' lang='grc' dir='ltr'><strong>α</strong></span> <span class='ocrx_word' id='word_1_106' title='bbox 1177 1179 1594 1249; x_wconf 88' lang='lat' dir='ltr'>quaesitissimis</span> <span class='ocrx_word' id='word_1_107' title='bbox 1621 1180 1813 1251; x_wconf 85' lang='lat' dir='ltr'>poenis</span> <span class='ocrx_word' id='word_1_108' title='bbox 1841 1177 2024 1236; x_wconf 82' lang='lat' dir='ltr'>affecit</span> <span class='ocrx_word' id='word_1_109' title='bbox 2049 1193 2164 1242; x_wconf 80' lang='lat' dir='ltr'>eoS,</span> <span class='ocrx_word' id='word_1_110' title='bbox 2196 1193 2336 1248; x_wconf 91' lang='lat' dir='ltr'>quos</span> <span class='ocrx_word' id='word_1_111' title='bbox 2364 1191 2462 1246; x_wconf 92' lang='lat' dir='ltr'>per</span> <span class='ocrx_word' id='word_1_112' title='bbox 2489 1171 2592 1227; x_wconf 86' lang='lat' dir='ltr'>ssa-</span> 
     </span>
     <span class='ocr_line' id='line_1_11' title="bbox 96 1262 2587 1338; baseline 0.001 -26"><span class='ocrx_word' id='word_1_113' title='bbox 96 1262 197 1327; x_wconf 74' lang='lat' dir='ltr'>gitia</span> <span class='ocrx_word' id='word_1_114' title='bbox 218 1263 419 1320; x_wconf 86' lang='lat' dir='ltr'>invisos</span> <span class='ocrx_word' id='word_1_115' title='bbox 439 1265 635 1336; x_wconf 81' lang='lat' dir='ltr'>vulgus</span> <span class='ocrx_word' id='word_1_116' title='bbox 651 1263 998 1320; x_wconf 85' lang='lat' dir='ltr'>Christianos</span> <span class='ocrx_word' id='word_1_117' title='bbox 1018 1266 1331 1338; x_wconf 84' lang='lat' dir='ltr'>appellabat</span> <span class='ocrx_word' id='word_1_118' title='bbox 1352 1287 1377 1318; x_wconf 73' lang='lat' dir='ltr'>n</span> <span class='ocrx_word' id='word_1_119' title='bbox 1407 1269 1565 1338; x_wconf 80' lang='lat' dir='ltr'>(Tac.</span> <span class='ocrx_word' id='word_1_120' title='bbox 1593 1271 1740 1322; x_wconf 87' lang='lat' dir='ltr'>Ann.</span> <span class='ocrx_word' id='word_1_121' title='bbox 1761 1269 1890 1322; x_wconf 85' lang='lat' dir='ltr'>XV.</span> <span class='ocrx_word' id='word_1_122' title='bbox 1915 1275 2014 1334; x_wconf 80' lang='lat'>⁴⁴3</span> <span class='ocrx_word' id='word_1_123' title='bbox 2037 1264 2120 1320; x_wconf 78' lang='lat' dir='ltr'>cfr</span> <span class='ocrx_word' id='word_1_124' title='bbox 2137 1270 2294 1322; x_wconf 80' lang='lat' dir='ltr'>Suet:</span> <span class='ocrx_word' id='word_1_125' title='bbox 2314 1266 2459 1320; x_wconf 90' lang='lat' dir='ltr'>Nero</span> <span class='ocrx_word' id='word_1_126' title='bbox 2483 1264 2587 1326; x_wconf 82' lang='lat'>16).</span> 
     </span>
     <span class='ocr_line' id='line_1_12' title="bbox 97 1345 2594 1425; baseline 0 -25"><span class='ocrx_word' id='word_1_127' title='bbox 97 1349 357 1406; x_wconf 87' lang='lat' dir='ltr'>Dubitatur</span> <span class='ocrx_word' id='word_1_128' title='bbox 400 1351 655 1424; x_wconf 89' lang='lat' dir='ltr'>quidem,</span> <span class='ocrx_word' id='word_1_129' title='bbox 684 1367 819 1408; x_wconf 85' lang='lat' dir='ltr'>num</span> <span class='ocrx_word' id='word_1_130' title='bbox 868 1355 1176 1424; x_wconf 87' lang='lat' dir='ltr'>persecutio</span> <span class='ocrx_word' id='word_1_131' title='bbox 1222 1356 1526 1410; x_wconf 87' lang='lat' dir='ltr'>neroniana</span> <span class='ocrx_word' id='word_1_132' title='bbox 1569 1354 1738 1410; x_wconf 89' lang='lat' dir='ltr'>etiam</span> <span class='ocrx_word' id='word_1_133' title='bbox 1783 1356 1842 1410; x_wconf 92' lang='lat' dir='ltr'>in</span> <span class='ocrx_word' id='word_1_134' title='bbox 1887 1354 2185 1425; x_wconf 81' lang='lat' dir='ltr'>provinciis</span> <span class='ocrx_word' id='word_1_135' title='bbox 2225 1350 2504 1417; x_wconf 85' lang='lat' dir='ltr'>saevierit,</span> <span class='ocrx_word' id='word_1_136' title='bbox 2534 1345 2594 1402; x_wconf 89' lang='lat' dir='ltr'>id</span> 
     </span>
     <span class='ocr_line' id='line_1_13' title="bbox 95 1437 2595 1512; baseline 0.001 -23"><span class='ocrx_word' id='word_1_137' title='bbox 95 1437 215 1506; x_wconf 88' lang='lat' dir='ltr'>quod</span> <span class='ocrx_word' id='word_1_138' title='bbox 239 1438 441 1496; x_wconf 85' lang='lat' dir='ltr'>diserte</span> <span class='ocrx_word' id='word_1_139' title='bbox 468 1439 639 1496; x_wconf 86' lang='lat' dir='ltr'>tradit</span> <span class='ocrx_word' id='word_1_140' title='bbox 679 1442 927 1496; x_wconf 79' lang='lat' dir='ltr'>Orosius</span> <span class='ocrx_word' id='word_1_141' title='bbox 956 1441 1121 1508; x_wconf 89' lang='lat' dir='ltr'>(Hist.</span> <span class='ocrx_word' id='word_1_142' title='bbox 1153 1443 1280 1497; x_wconf 87' lang='lat' dir='ltr'>vn.</span> <span class='ocrx_word' id='word_1_143' title='bbox 1314 1447 1396 1510; x_wconf 84' lang='lat'>7);</span> <span class='ocrx_word' id='word_1_144' title='bbox 1428 1441 1527 1498; x_wconf 90' lang='lat' dir='ltr'>sed</span> <span class='ocrx_word' id='word_1_145' title='bbox 1573 1441 1736 1500; x_wconf 77' lang='lat' dir='ltr'>facile</span> <span class='ocrx_word' id='word_1_146' title='bbox 1777 1442 2120 1511; x_wconf 78' lang='lat' dir='ltr'>intelligitur,</span> <span class='ocrx_word' id='word_1_147' title='bbox 2154 1439 2595 1512; x_wconf 86' lang='lat' dir='ltr'>persecutionem</span> 
     </span>
     <span class='ocr_line' id='line_1_14' title="bbox 94 1525 2593 1603; baseline 0.001 -26"><span class='ocrx_word' id='word_1_148' title='bbox 94 1525 135 1578; x_wconf 86' lang='lat' dir='ltr'>in</span> <span class='ocrx_word' id='word_1_149' title='bbox 158 1527 298 1582; x_wconf 84' lang='lat' dir='ltr'>Urbe</span> <span class='ocrx_word' id='word_1_150' title='bbox 334 1528 405 1584; x_wconf 87' lang='lat' dir='ltr'>ab</span> <span class='ocrx_word' id='word_1_151' title='bbox 428 1528 763 1598; x_wconf 85' lang='lat' dir='ltr'>imperatore</span> <span class='ocrx_word' id='word_1_152' title='bbox 791 1529 1085 1584; x_wconf 84' lang='lat' dir='ltr'>excitatam</span> <span class='ocrx_word' id='word_1_153' title='bbox 1124 1546 1223 1600; x_wconf 90' lang='lat' dir='ltr'>per</span> <span class='ocrx_word' id='word_1_154' title='bbox 1250 1531 1608 1603; x_wconf 81' lang='lat' dir='ltr'>magistratus</span> <span class='ocrx_word' id='word_1_155' title='bbox 1643 1529 1960 1587; x_wconf 85' lang='lat' dir='ltr'>adulatores</span> <span class='ocrx_word' id='word_1_156' title='bbox 1986 1531 2044 1586; x_wconf 88' lang='lat' dir='ltr'>in</span> <span class='ocrx_word' id='word_1_157' title='bbox 2073 1528 2382 1600; x_wconf 82' lang='lat' dir='ltr'>provincias</span> <span class='ocrx_word' id='word_1_158' title='bbox 2407 1525 2593 1582; x_wconf 83' lang='lat' dir='ltr'>invehi</span> 
     </span>
     <span class='ocr_line' id='line_1_15' title="bbox 96 1614 2594 1689; baseline 0.001 -23"><span class='ocrx_word' id='word_1_159' title='bbox 96 1614 299 1680; x_wconf 82' lang='lat' dir='ltr'>potuisse</span> <span class='ocrx_word' id='word_1_160' title='bbox 348 1625 517 1687; x_wconf 89' lang='lat' dir='ltr'>atque</span> <span class='ocrx_word' id='word_1_161' title='bbox 568 1631 836 1688; x_wconf 86' lang='lat' dir='ltr'>magnum</span> <span class='ocrx_word' id='word_1_162' title='bbox 877 1616 1319 1674; x_wconf 88' lang='lat' dir='ltr'>Christianorum</span> <span class='ocrx_word' id='word_1_163' title='bbox 1367 1627 1641 1675; x_wconf 90' lang='lat' dir='ltr'>terrorem</span> <span class='ocrx_word' id='word_1_164' title='bbox 1693 1617 1901 1689; x_wconf 88' lang='lat' dir='ltr'>ubique</span> <span class='ocrx_word' id='word_1_165' title='bbox 1949 1632 2296 1688; x_wconf 83' lang='lat' dir='ltr'>provocasse.</span> <span class='ocrx_word' id='word_1_166' title='bbox 2345 1617 2594 1671; x_wconf 87' lang='lat' dir='ltr'>Exeunte</span> 
     </span>
     <span class='ocr_line' id='line_1_16' title="bbox 92 1700 2592 1778; baseline 0.003 -27"><span class='ocrx_word' id='word_1_167' title='bbox 92 1700 229 1764; x_wconf 66' lang='lat' dir='ltr'>igitur</span> <span class='ocrx_word' id='word_1_168' title='bbox 248 1718 297 1758; x_wconf 90' lang='lat' dir='ltr'>a.</span> <span class='ocrx_word' id='word_1_169' title='bbox 324 1709 413 1758; x_wconf 81' lang='grc'>64.</span> <span class='ocrx_word' id='word_1_170' title='bbox 445 1703 539 1759; x_wconf 89' lang='lat' dir='ltr'>ille</span> <span class='ocrx_word' id='word_1_171' title='bbox 574 1719 763 1759; x_wconf 87' lang='lat' dir='ltr'>rerum</span> <span class='ocrx_word' id='word_1_172' title='bbox 790 1713 967 1760; x_wconf 90' lang='lat' dir='ltr'>status</span> <span class='ocrx_word' id='word_1_173' title='bbox 995 1703 1217 1775; x_wconf 87' lang='lat' dir='ltr'>aderat,</span> <span class='ocrx_word' id='word_1_174' title='bbox 1252 1721 1421 1776; x_wconf 90' lang='lat' dir='ltr'>quem</span> <span class='ocrx_word' id='word_1_175' title='bbox 1448 1706 1684 1774; x_wconf 83' lang='lat' dir='ltr'>epistola</span> <span class='ocrx_word' id='word_1_176' title='bbox 1707 1705 1996 1777; x_wconf 84' lang='lat' dir='ltr'>supponit,</span> <span class='ocrx_word' id='word_1_177' title='bbox 2027 1714 2193 1778; x_wconf 89' lang='lat' dir='ltr'>atque</span> <span class='ocrx_word' id='word_1_178' title='bbox 2216 1704 2316 1760; x_wconf 90' lang='lat' dir='ltr'>illo</span> <span class='ocrx_word' id='word_1_179' title='bbox 2342 1711 2592 1774; x_wconf 87' lang='lat' dir='ltr'>tempore</span> 
     </span>
     <span class='ocr_line' id='line_1_17' title="bbox 92 1787 2592 1865; baseline 0.002 -25"><span class='ocrx_word' id='word_1_180' title='bbox 92 1787 307 1845; x_wconf 81' lang='lat' dir='ltr'>Silvanus</span> <span class='ocrx_word' id='word_1_181' title='bbox 332 1793 571 1848; x_wconf 88' lang='lat' dir='ltr'>Romam</span> <span class='ocrx_word' id='word_1_182' title='bbox 604 1789 823 1846; x_wconf 86' lang='lat' dir='ltr'>videtur</span> <span class='ocrx_word' id='word_1_183' title='bbox 848 1794 1091 1860; x_wconf 84' lang='lat' dir='ltr'>venisse,</span> <span class='ocrx_word' id='word_1_184' title='bbox 1118 1800 1181 1848; x_wconf 90' lang='lat' dir='ltr'>ut</span> <span class='ocrx_word' id='word_1_185' title='bbox 1222 1808 1350 1849; x_wconf 89' lang='lat' dir='ltr'>cum</span> <span class='ocrx_word' id='word_1_186' title='bbox 1390 1795 1596 1863; x_wconf 86' lang='lat' dir='ltr'>Paulo,</span> <span class='ocrx_word' id='word_1_187' title='bbox 1647 1809 1814 1865; x_wconf 91' lang='lat' dir='ltr'>quem</span> <span class='ocrx_word' id='word_1_188' title='bbox 1859 1793 2090 1850; x_wconf 85' lang='lat' dir='ltr'>vinculis</span> <span class='ocrx_word' id='word_1_189' title='bbox 2129 1792 2422 1850; x_wconf 88' lang='lat' dir='ltr'>liberatum</span> <span class='ocrx_word' id='word_1_190' title='bbox 2449 1791 2592 1846; x_wconf 79' lang='lat' dir='ltr'>sorte</span> 
     </span>
     <span class='ocr_line' id='line_1_18' title="bbox 94 1877 2592 1950; baseline 0.002 -22"><span class='ocrx_word' id='word_1_191' title='bbox 94 1877 303 1934; x_wconf 90' lang='lat' dir='ltr'>nondum</span> <span class='ocrx_word' id='word_1_192' title='bbox 330 1878 613 1947; x_wconf 89' lang='lat' dir='ltr'>audierat,</span> <span class='ocrx_word' id='word_1_193' title='bbox 658 1877 730 1934; x_wconf 89' lang='lat' dir='ltr'>de</span> <span class='ocrx_word' id='word_1_194' title='bbox 772 1880 1016 1936; x_wconf 90' lang='lat' dir='ltr'>ecclesiis</span> <span class='ocrx_word' id='word_1_195' title='bbox 1042 1896 1175 1936; x_wconf 89' lang='lat' dir='ltr'>suae</span> <span class='ocrx_word' id='word_1_196' title='bbox 1203 1896 1369 1937; x_wconf 87' lang='lat' dir='ltr'>curae</span> <span class='ocrx_word' id='word_1_197' title='bbox 1410 1882 1719 1938; x_wconf 91' lang='lat' dir='ltr'>commissis</span> <span class='ocrx_word' id='word_1_198' title='bbox 1755 1881 2059 1950; x_wconf 55' lang='lat' dir='ltr'>conseri-en</span> <span class='ocrx_word' id='word_1_199' title='bbox 2093 1881 2294 1936; x_wconf 90' lang='lat' dir='ltr'>Paulus</span> <span class='ocrx_word' id='word_1_200' title='bbox 2322 1888 2512 1936; x_wconf 89' lang='lat' dir='ltr'>autem</span> <span class='ocrx_word' id='word_1_201' title='bbox 2536 1879 2592 1934; x_wconf 90' lang='lat' dir='ltr'>in</span> 
     </span>
     <span class='ocr_line' id='line_1_19' title="bbox 94 1963 2592 2040; baseline 0.002 -24"><span class='ocrx_word' id='word_1_202' title='bbox 94 1963 377 2034; x_wconf 84' lang='lat' dir='ltr'>Hispaniam</span> <span class='ocrx_word' id='word_1_203' title='bbox 400 1968 513 2023; x_wconf 88' lang='lat' dir='ltr'>iam</span> <span class='ocrx_word' id='word_1_204' title='bbox 536 1974 657 2022; x_wconf 88' lang='lat' dir='ltr'>erat</span> <span class='ocrx_word' id='word_1_205' title='bbox 677 1967 975 2038; x_wconf 77' lang='lat' dir='ltr'>proiectus,</span> <span class='ocrx_word' id='word_1_206' title='bbox 998 1968 1185 2040; x_wconf 88' lang='lat' dir='ltr'>itaque</span> <span class='ocrx_word' id='word_1_207' title='bbox 1209 1984 1275 2025; x_wconf 90' lang='lat' dir='ltr'>eo</span> <span class='ocrx_word' id='word_1_208' title='bbox 1300 1967 1527 2024; x_wconf 88' lang='lat' dir='ltr'>absente</span> <span class='ocrx_word' id='word_1_209' title='bbox 1552 1970 1748 2024; x_wconf 88' lang='lat' dir='ltr'>Petrus</span> <span class='ocrx_word' id='word_1_210' title='bbox 1767 1969 2024 2025; x_wconf 89' lang='lat' dir='ltr'>ecclesias</span> <span class='ocrx_word' id='word_1_211' title='bbox 2047 1969 2168 2024; x_wconf 90' lang='lat' dir='ltr'>illas</span> <span class='ocrx_word' id='word_1_212' title='bbox 2192 1969 2248 2024; x_wconf 90' lang='lat' dir='ltr'>in</span> <span class='ocrx_word' id='word_1_213' title='bbox 2269 1968 2592 2025; x_wconf 87' lang='lat' dir='ltr'>vehemente</span> 
     </span>
     <span class='ocr_line' id='line_1_20' title="bbox 94 2043 2593 2128; baseline 0.002 -22"><span class='ocrx_word' id='word_1_214' title='bbox 94 2055 431 2118; x_wconf 82' lang='lat' dir='ltr'>persecutione</span> <span class='ocrx_word' id='word_1_215' title='bbox 476 2053 793 2111; x_wconf 79' lang='lat' dir='ltr'>confortare</span> <span class='ocrx_word' id='word_1_216' title='bbox 837 2055 1031 2110; x_wconf 89' lang='lat' dir='ltr'>voluit.</span> <span class='ocrx_word' id='word_1_217' title='bbox 1070 2086 1141 2096; x_wconf 94' lang='lat'><strong>—</strong></span> <span class='ocrx_word' id='word_1_218' title='bbox 1162 2043 1359 2112; x_wconf 58' lang='lat' dir='ltr'>¹Altero</span> <span class='ocrx_word' id='word_1_219' title='bbox 1402 2065 1728 2128; x_wconf 86' lang='lat' dir='ltr'>argumento</span> <span class='ocrx_word' id='word_1_220' title='bbox 1777 2057 2099 2113; x_wconf 83' lang='lat' dir='ltr'>confirmari</span> <span class='ocrx_word' id='word_1_221' title='bbox 2133 2063 2342 2128; x_wconf 88' lang='lat' dir='ltr'>potest,</span> <span class='ocrx_word' id='word_1_222' title='bbox 2393 2055 2593 2126; x_wconf 91' lang='lat' dir='ltr'>episto-</span> 
     </span>
     <span class='ocr_line' id='line_1_21' title="bbox 94 2139 2590 2216; baseline 0.004 -26"><span class='ocrx_word' id='word_1_223' title='bbox 94 2139 177 2193; x_wconf 79' lang='lat' dir='ltr'>lam</span> <span class='ocrx_word' id='word_1_224' title='bbox 200 2150 318 2197; x_wconf 90' lang='lat' dir='ltr'>ante</span> <span class='ocrx_word' id='word_1_225' title='bbox 348 2159 398 2199; x_wconf 88' lang='lat' dir='ltr'>a.</span> <span class='ocrx_word' id='word_1_226' title='bbox 432 2148 519 2198; x_wconf 83' lang='grc'>64.</span> <span class='ocrx_word' id='word_1_227' title='bbox 554 2159 663 2198; x_wconf 91' lang='lat' dir='ltr'>non</span> <span class='ocrx_word' id='word_1_228' title='bbox 692 2159 811 2199; x_wconf 85' lang='lat' dir='ltr'>esse</span> <span class='ocrx_word' id='word_1_229' title='bbox 841 2142 1129 2214; x_wconf 85' lang='lat' dir='ltr'>scriptam;</span> <span class='ocrx_word' id='word_1_230' title='bbox 1162 2146 1217 2200; x_wconf 93' lang='lat' dir='ltr'>S.</span> <span class='ocrx_word' id='word_1_231' title='bbox 1250 2146 1448 2200; x_wconf 88' lang='lat' dir='ltr'>Petrus</span> <span class='ocrx_word' id='word_1_232' title='bbox 1477 2143 1626 2200; x_wconf 86' lang='lat' dir='ltr'>enim</span> <span class='ocrx_word' id='word_1_233' title='bbox 1651 2144 1812 2200; x_wconf 87' lang='lat' dir='ltr'>Pauli</span> <span class='ocrx_word' id='word_1_234' title='bbox 1841 2144 2130 2214; x_wconf 86' lang='lat' dir='ltr'>epistolam</span> <span class='ocrx_word' id='word_1_235' title='bbox 2163 2145 2234 2200; x_wconf 89' lang='lat' dir='ltr'>ad</span> <span class='ocrx_word' id='word_1_236' title='bbox 2261 2142 2405 2216; x_wconf 86' lang='lat' dir='ltr'>Eph.</span> <span class='ocrx_word' id='word_1_237' title='bbox 2438 2143 2590 2199; x_wconf 88' lang='lat' dir='ltr'>vide-</span> 
     </span>
     <span class='ocr_line' id='line_1_22' title="bbox 91 2229 2591 2304; baseline 0.003 -26"><span class='ocrx_word' id='word_1_238' title='bbox 91 2234 161 2280; x_wconf 86' lang='lat' dir='ltr'>tur</span> <span class='ocrx_word' id='word_1_239' title='bbox 182 2231 495 2300; x_wconf 80' lang='lat' dir='ltr'>cognovisse</span> <span class='ocrx_word' id='word_1_240' title='bbox 532 2240 699 2302; x_wconf 87' lang='lat' dir='ltr'>atque</span> <span class='ocrx_word' id='word_1_241' title='bbox 736 2229 933 2286; x_wconf 85' lang='lat' dir='ltr'>eadem</span> <span class='ocrx_word' id='word_1_242' title='bbox 970 2233 1212 2301; x_wconf 86' lang='lat' dir='ltr'>ratione,</span> <span class='ocrx_word' id='word_1_243' title='bbox 1244 2248 1353 2304; x_wconf 91' lang='lat' dir='ltr'>qua</span> <span class='ocrx_word' id='word_1_244' title='bbox 1392 2230 1572 2288; x_wconf 80' lang='lat' dir='ltr'>verbis</span> <span class='ocrx_word' id='word_1_245' title='bbox 1613 2247 1680 2288; x_wconf 89' lang='lat' dir='ltr'>ex</span> <span class='ocrx_word' id='word_1_246' title='bbox 1724 2233 1921 2289; x_wconf 89' lang='lat' dir='ltr'>Vetere</span> <span class='ocrx_word' id='word_1_247' title='bbox 1963 2235 2113 2288; x_wconf 88' lang='lat' dir='ltr'>Test.</span> <span class='ocrx_word' id='word_1_248' title='bbox 2155 2230 2424 2288; x_wconf 87' lang='lat' dir='ltr'>desumtis</span> <span class='ocrx_word' id='word_1_249' title='bbox 2464 2247 2591 2287; x_wconf 90' lang='lat' dir='ltr'>suas</span> 
     </span>
     <span class='ocr_line' id='line_1_23' title="bbox 92 2311 2588 2392; baseline 0.004 -26"><span class='ocrx_word' id='word_1_250' title='bbox 92 2311 213 2370; x_wconf 85' lang='lat' dir='ltr'>ideas</span> <span class='ocrx_word' id='word_1_251' title='bbox 231 2316 549 2390; x_wconf 80' lang='lat' dir='ltr'>frequenter</span> <span class='ocrx_word' id='word_1_252' title='bbox 576 2319 862 2390; x_wconf 88' lang='lat' dir='ltr'>exprimit,</span> <span class='ocrx_word' id='word_1_253' title='bbox 890 2321 1189 2376; x_wconf 88' lang='lat' dir='ltr'>nonnullas</span> <span class='ocrx_word' id='word_1_254' title='bbox 1214 2319 1598 2390; x_wconf 83' lang='lat' dir='ltr'>expressiones</span> <span class='ocrx_word' id='word_1_255' title='bbox 1624 2319 1877 2392; x_wconf 88' lang='lat' dir='ltr'>paulinas</span> <span class='ocrx_word' id='word_1_256' title='bbox 1898 2319 2216 2376; x_wconf 85' lang='lat' dir='ltr'>adhibuisse</span> <span class='ocrx_word' id='word_1_257' title='bbox 2246 2318 2350 2386; x_wconf 80' lang='lat' dir='ltr'>(cfr</span> <span class='ocrx_word' id='word_1_258' title='bbox 2377 2326 2402 2375; x_wconf 87' lang='lat'><strong>1</strong></span> <span class='ocrx_word' id='word_1_259' title='bbox 2431 2324 2588 2376; x_wconf 84' lang='lat' dir='ltr'>Petr.</span> 
     </span>
     <span class='ocr_line' id='line_1_24' title="bbox 98 2406 2586 2481; baseline 0.003 -26"><span class='ocrx_word' id='word_1_260' title='bbox 98 2406 396 2476; x_wconf 77' lang='lat' dir='ltr'>i‚³et1·:ph.</span> <span class='ocrx_word' id='word_1_261' title='bbox 452 2413 567 2475; x_wconf 81' lang='lat' dir='ltr'>1,a;</span> <span class='ocrx_word' id='word_1_262' title='bbox 603 2413 626 2461; x_wconf 89' lang='lat'><strong>1</strong></span> <span class='ocrx_word' id='word_1_263' title='bbox 660 2411 815 2462; x_wconf 80' lang='lat' dir='ltr'>Petr.</span> <span class='ocrx_word' id='word_1_264' title='bbox 849 2412 935 2475; x_wconf 81' lang='lat'>3,1</span> <span class='ocrx_word' id='word_1_265' title='bbox 978 2415 1033 2462; x_wconf 83' lang='lat' dir='ltr'>et</span> <span class='ocrx_word' id='word_1_266' title='bbox 1061 2407 1215 2480; x_wconf 72' lang='lat' dir='ltr'>Epk.</span> <span class='ocrx_word' id='word_1_267' title='bbox 1248 2413 1407 2472; x_wconf 53' lang='lat' dir='ltr'>aaa,</span> <span class='ocrx_word' id='word_1_268' title='bbox 1440 2415 1464 2463; x_wconf 89' lang='lat'>1</span> <span class='ocrx_word' id='word_1_269' title='bbox 1493 2412 1653 2463; x_wconf 81' lang='lat' dir='ltr'>Petr.</span> <span class='ocrx_word' id='word_1_270' title='bbox 1687 2414 1812 2472; x_wconf 61' lang='lat' dir='ltr'>aaa</span> <span class='ocrx_word' id='word_1_271' title='bbox 1857 2416 1913 2464; x_wconf 84' lang='lat' dir='ltr'>et</span> <span class='ocrx_word' id='word_1_272' title='bbox 1937 2407 2082 2481; x_wconf 61' lang='lat' dir='ltr'>Epla.</span> <span class='ocrx_word' id='word_1_273' title='bbox 2119 2414 2265 2476; x_wconf 80' lang='lat'><strong>1‚20.</strong></span> <span class='ocrx_word' id='word_1_274' title='bbox 2309 2414 2374 2464; x_wconf 83' lang='lat'>21</span> <span class='ocrx_word' id='word_1_275' title='bbox 2423 2410 2586 2477; x_wconf 80' lang='lat' dir='ltr'>eto.);</span> 
     </span>
     <span class='ocr_line' id='line_1_25' title="bbox 91 2491 2172 2567; baseline 0.004 -26"><span class='ocrx_word' id='word_1_276' title='bbox 91 2491 281 2558; x_wconf 81' lang='lat' dir='ltr'>epistola</span> <span class='ocrx_word' id='word_1_277' title='bbox 307 2503 497 2549; x_wconf 90' lang='lat' dir='ltr'>autem</span> <span class='ocrx_word' id='word_1_278' title='bbox 526 2493 597 2550; x_wconf 86' lang='lat' dir='ltr'>ad</span> <span class='ocrx_word' id='word_1_279' title='bbox 626 2494 765 2566; x_wconf 85' lang='lat' dir='ltr'>Eph.</span> <span class='ocrx_word' id='word_1_280' title='bbox 796 2503 1033 2551; x_wconf 86' lang='lat' dir='ltr'>exeunte</span> <span class='ocrx_word' id='word_1_281' title='bbox 1060 2511 1114 2551; x_wconf 89' lang='lat' dir='ltr'>a.</span> <span class='ocrx_word' id='word_1_282' title='bbox 1144 2500 1233 2550; x_wconf 79' lang='grc'>63.</span> <span class='ocrx_word' id='word_1_283' title='bbox 1270 2495 1358 2550; x_wconf 85' lang='lat' dir='ltr'>vel</span> <span class='ocrx_word' id='word_1_284' title='bbox 1380 2495 1609 2550; x_wconf 87' lang='lat' dir='ltr'>ineunte</span> <span class='ocrx_word' id='word_1_285' title='bbox 1633 2511 1683 2551; x_wconf 89' lang='lat' dir='ltr'>a.</span> <span class='ocrx_word' id='word_1_286' title='bbox 1719 2502 1808 2552; x_wconf 80' lang='grc'>64.</span> <span class='ocrx_word' id='word_1_287' title='bbox 1841 2498 2040 2567; x_wconf 90' lang='lat' dir='ltr'>scripta</span> <span class='ocrx_word' id='word_1_288' title='bbox 2070 2505 2172 2550; x_wconf 88' lang='lat' dir='ltr'>est.</span> 
     </span>
    </p>
   </div>
   <div class='ocr_carea' id='block_1_3' title="bbox 81 2653 2586 4386">
    <p class='ocr_par' dir='ltr' id='par_1_3' title="bbox 81 2653 2586 4178">
     <span class='ocr_line' id='line_1_26' title="bbox 150 2653 2586 2714; baseline 0.003 -7"><span class='ocrx_word' id='word_1_289' title='bbox 150 2653 195 2708; x_wconf 69' lang='lat'>4.</span> <span class='ocrx_word' id='word_1_290' title='bbox 236 2685 309 2696; x_wconf 86' lang='lat'>·—-</span> <span class='ocrx_word' id='word_1_291' title='bbox 346 2654 449 2714; x_wconf 87' lang='lat' dir='ltr'>IV.</span> <span class='ocrx_word' id='word_1_292' title='bbox 504 2654 933 2714; x_wconf 68' lang='lat' dir='ltr'>Aneunsuruu</span> <span class='ocrx_word' id='word_1_293' title='bbox 992 2670 1065 2713; x_wconf 76' lang='lat' dir='ltr'>Er</span> <span class='ocrx_word' id='word_1_294' title='bbox 1118 2669 1339 2714; x_wconf 72' lang='lat' dir='ltr'>nnusm</span> <span class='ocrx_word' id='word_1_295' title='bbox 1392 2671 1740 2714; x_wconf 63' lang='lat' dir='ltr'>arisi-omn.</span> <span class='ocrx_word' id='word_1_296' title='bbox 1801 2657 1888 2714; x_wconf 90' lang='lat' dir='ltr'>Ne</span> <span class='ocrx_word' id='word_1_297' title='bbox 1942 2653 2206 2714; x_wconf 86' lang='lat' dir='ltr'>ethnicis</span> <span class='ocrx_word' id='word_1_298' title='bbox 2251 2655 2586 2714; x_wconf 87' lang='lat' dir='ltr'>calumniis</span> 
     </span>
     <span class='ocr_line' id='line_1_27' title="bbox 92 2749 2584 2828; baseline 0.004 -26"><span class='ocrx_word' id='word_1_299' title='bbox 92 2751 137 2802; x_wconf 78' lang='lat' dir='ltr'>ct</span> <span class='ocrx_word' id='word_1_300' title='bbox 156 2750 683 2822; x_wconf 85' lang='lat' dir='ltr'>persecutionibus</span> <span class='ocrx_word' id='word_1_301' title='bbox 711 2750 888 2809; x_wconf 83' lang='lat' dir='ltr'>fracti</span> <span class='ocrx_word' id='word_1_302' title='bbox 930 2749 1231 2828; x_wconf 81' lang='lat' dir='ltr'>neophyti</span> <span class='ocrx_word' id='word_1_303' title='bbox 1262 2769 1299 2810; x_wconf 91' lang='lat' dir='ltr'>a</span> <span class='ocrx_word' id='word_1_304' title='bbox 1329 2767 1478 2810; x_wconf 79' lang='lat' dir='ltr'>vera</span> <span class='ocrx_word' id='word_1_305' title='bbox 1508 2750 1633 2811; x_wconf 83' lang='lat' dir='ltr'>fide</span> <span class='ocrx_word' id='word_1_306' title='bbox 1666 2750 2034 2823; x_wconf 86' lang='lat' dir='ltr'>deficerent,</span> <span class='ocrx_word' id='word_1_307' title='bbox 2073 2751 2338 2810; x_wconf 87' lang='lat' dir='ltr'>timebat</span> <span class='ocrx_word' id='word_1_308' title='bbox 2375 2751 2437 2810; x_wconf 91' lang='lat' dir='ltr'>S.</span> <span class='ocrx_word' id='word_1_309' title='bbox 2465 2752 2584 2812; x_wconf 89' lang='lat' dir='ltr'>Pe-</span> 
     </span>
     <span class='ocr_line' id='line_1_28' title="bbox 90 2845 2585 2925; baseline 0.004 -29"><span class='ocrx_word' id='word_1_310' title='bbox 90 2847 219 2915; x_wconf 80' lang='lat' dir='ltr'>trus;</span> <span class='ocrx_word' id='word_1_311' title='bbox 248 2845 389 2906; x_wconf 92' lang='lat' dir='ltr'>ideo</span> <span class='ocrx_word' id='word_1_312' title='bbox 420 2846 791 2925; x_wconf 83' lang='lat' dir='ltr'>religionem</span> <span class='ocrx_word' id='word_1_313' title='bbox 828 2847 1233 2906; x_wconf 87' lang='lat' dir='ltr'>christianam</span> <span class='ocrx_word' id='word_1_314' title='bbox 1250 2894 1263 2920; x_wconf 92' lang='lat'>,</span> <span class='ocrx_word' id='word_1_315' title='bbox 1289 2846 1406 2907; x_wconf 89' lang='lat' dir='ltr'>etsi</span> <span class='ocrx_word' id='word_1_316' title='bbox 1434 2848 1571 2908; x_wconf 90' lang='lat' dir='ltr'>eius</span> <span class='ocrx_word' id='word_1_317' title='bbox 1601 2848 1992 2924; x_wconf 80' lang='lat' dir='ltr'>professione</span> <span class='ocrx_word' id='word_1_318' title='bbox 2011 2847 2126 2907; x_wconf 89' lang='lat' dir='ltr'>has</span> <span class='ocrx_word' id='word_1_319' title='bbox 2145 2847 2585 2908; x_wconf 84' lang='lat' dir='ltr'>tribulationes</span> 
     </span>
     <span class='ocr_line' id='line_1_29' title="bbox 89 2937 2584 3021; baseline 0.004 -28"><span class='ocrx_word' id='word_1_320' title='bbox 89 2937 181 2997; x_wconf 81' lang='lat' dir='ltr'>sibi</span> <span class='ocrx_word' id='word_1_321' title='bbox 206 2944 627 3016; x_wconf 81' lang='lat' dir='ltr'>attraxissent,</span> <span class='ocrx_word' id='word_1_322' title='bbox 660 2961 795 3003; x_wconf 91' lang='lat' dir='ltr'>esse</span> <span class='ocrx_word' id='word_1_323' title='bbox 826 2960 969 3003; x_wconf 89' lang='lat' dir='ltr'>vere</span> <span class='ocrx_word' id='word_1_324' title='bbox 1000 2943 1307 3012; x_wconf 89' lang='lat' dir='ltr'>divinam,</span> <span class='ocrx_word' id='word_1_325' title='bbox 1339 2960 1447 3004; x_wconf 89' lang='lat' dir='ltr'>eos</span> <span class='ocrx_word' id='word_1_326' title='bbox 1478 2943 1744 3004; x_wconf 89' lang='lat' dir='ltr'>edocere</span> <span class='ocrx_word' id='word_1_327' title='bbox 1771 2943 1970 3004; x_wconf 88' lang='lat' dir='ltr'>voluit</span> <span class='ocrx_word' id='word_1_328' title='bbox 1995 2944 2310 3021; x_wconf 87' lang='lat' dir='ltr'>simulque</span> <span class='ocrx_word' id='word_1_329' title='bbox 2346 2960 2453 3003; x_wconf 90' lang='lat' dir='ltr'>eos</span> <span class='ocrx_word' id='word_1_330' title='bbox 2484 2961 2584 3003; x_wconf 83' lang='lat' dir='ltr'>ex-</span> 
     </span>
     <span class='ocr_line' id='line_1_30' title="bbox 88 3029 2582 3119; baseline 0.003 -25"><span class='ocrx_word' id='word_1_331' title='bbox 88 3029 309 3110; x_wconf 82' lang='lat' dir='ltr'>hortari,</span> <span class='ocrx_word' id='word_1_332' title='bbox 332 3047 400 3100; x_wconf 89' lang='lat' dir='ltr'>ut</span> <span class='ocrx_word' id='word_1_333' title='bbox 424 3040 653 3117; x_wconf 87' lang='lat' dir='ltr'>spretis</span> <span class='ocrx_word' id='word_1_334' title='bbox 680 3039 981 3118; x_wconf 90' lang='lat' dir='ltr'>periculis</span> <span class='ocrx_word' id='word_1_335' title='bbox 1004 3041 1068 3098; x_wconf 92' lang='lat' dir='ltr'>in</span> <span class='ocrx_word' id='word_1_336' title='bbox 1091 3039 1215 3099; x_wconf 85' lang='lat' dir='ltr'>fide</span> <span class='ocrx_word' id='word_1_337' title='bbox 1242 3044 1497 3117; x_wconf 90' lang='lat' dir='ltr'>accepta</span> <span class='ocrx_word' id='word_1_338' title='bbox 1523 3041 1690 3100; x_wconf 89' lang='lat' dir='ltr'>firmi</span> <span class='ocrx_word' id='word_1_339' title='bbox 1712 3044 2157 3116; x_wconf 87' lang='lat' dir='ltr'>permanerent</span> <span class='ocrx_word' id='word_1_340' title='bbox 2175 3041 2582 3119; x_wconf 89' lang='lat' dir='ltr'>moribusque</span> 
     </span>
     <span class='ocr_line' id='line_1_31' title="bbox 87 3134 2582 3214; baseline 0.004 -27"><span class='ocrx_word' id='word_1_341' title='bbox 87 3145 199 3191; x_wconf 73' lang='lat' dir='ltr'>vere</span> <span class='ocrx_word' id='word_1_342' title='bbox 226 3134 581 3196; x_wconf 86' lang='lat' dir='ltr'>christianis</span> <span class='ocrx_word' id='word_1_343' title='bbox 612 3135 1097 3196; x_wconf 82' lang='lat' dir='ltr'>calumniatores</span> <span class='ocrx_word' id='word_1_344' title='bbox 1128 3153 1277 3195; x_wconf 91' lang='lat' dir='ltr'>suos</span> <span class='ocrx_word' id='word_1_345' title='bbox 1308 3137 1790 3197; x_wconf 81' lang='lat' dir='ltr'>confunderent.</span> <span class='ocrx_word' id='word_1_346' title='bbox 1817 3136 2014 3206; x_wconf 89' lang='lat' dir='ltr'>Quem</span> <span class='ocrx_word' id='word_1_347' title='bbox 2045 3135 2363 3214; x_wconf 90' lang='lat' dir='ltr'>duplicem</span> <span class='ocrx_word' id='word_1_348' title='bbox 2393 3137 2582 3196; x_wconf 87' lang='lat' dir='ltr'>finem</span> 
     </span>
     <span class='ocr_line' id='line_1_32' title="bbox 86 3232 2582 3312; baseline 0.002 -26"><span class='ocrx_word' id='word_1_349' title='bbox 86 3241 183 3286; x_wconf 87' lang='lat' dir='ltr'>non</span> <span class='ocrx_word' id='word_1_350' title='bbox 210 3247 277 3290; x_wconf 86' lang='lat' dir='ltr'>eo</span> <span class='ocrx_word' id='word_1_351' title='bbox 305 3233 495 3292; x_wconf 90' lang='lat' dir='ltr'>modo</span> <span class='ocrx_word' id='word_1_352' title='bbox 514 3278 527 3304; x_wconf 88' lang='lat'>‚</span> <span class='ocrx_word' id='word_1_353' title='bbox 554 3250 743 3309; x_wconf 90' lang='lat' dir='ltr'>quem</span> <span class='ocrx_word' id='word_1_354' title='bbox 769 3232 830 3292; x_wconf 90' lang='lat' dir='ltr'>S.</span> <span class='ocrx_word' id='word_1_355' title='bbox 860 3232 1091 3292; x_wconf 90' lang='lat' dir='ltr'>Paulus</span> <span class='ocrx_word' id='word_1_356' title='bbox 1119 3235 1336 3292; x_wconf 86' lang='lat' dir='ltr'>tenere</span> <span class='ocrx_word' id='word_1_357' title='bbox 1366 3233 1557 3306; x_wconf 85' lang='lat' dir='ltr'>solet,</span> <span class='ocrx_word' id='word_1_358' title='bbox 1584 3233 2008 3311; x_wconf 87' lang='lat' dir='ltr'>prosequitur,</span> <span class='ocrx_word' id='word_1_359' title='bbox 2039 3236 2107 3292; x_wconf 90' lang='lat' dir='ltr'>ut</span> <span class='ocrx_word' id='word_1_360' title='bbox 2136 3232 2202 3291; x_wconf 92' lang='lat' dir='ltr'>in</span> <span class='ocrx_word' id='word_1_361' title='bbox 2234 3232 2582 3312; x_wconf 84' lang='lat' dir='ltr'>dogmatica</span> 
     </span>
     <span class='ocr_line' id='line_1_33' title="bbox 86 3327 2583 3408; baseline 0.004 -28"><span class='ocrx_word' id='word_1_362' title='bbox 86 3327 223 3394; x_wconf 84' lang='lat' dir='ltr'>parte</span> <span class='ocrx_word' id='word_1_363' title='bbox 256 3328 605 3390; x_wconf 88' lang='lat' dir='ltr'>doctrinam</span> <span class='ocrx_word' id='word_1_364' title='bbox 650 3346 829 3390; x_wconf 90' lang='lat' dir='ltr'>suam</span> <span class='ocrx_word' id='word_1_365' title='bbox 872 3329 1155 3389; x_wconf 87' lang='lat' dir='ltr'>adstruat</span> <span class='ocrx_word' id='word_1_366' title='bbox 1185 3333 1248 3389; x_wconf 90' lang='lat' dir='ltr'>et</span> <span class='ocrx_word' id='word_1_367' title='bbox 1278 3329 1343 3388; x_wconf 90' lang='lat' dir='ltr'>in</span> <span class='ocrx_word' id='word_1_368' title='bbox 1371 3330 1768 3406; x_wconf 85' lang='lat' dir='ltr'>paraenetica</span> <span class='ocrx_word' id='word_1_369' title='bbox 1806 3329 2238 3389; x_wconf 90' lang='lat' dir='ltr'>conclusiones</span> <span class='ocrx_word' id='word_1_370' title='bbox 2277 3331 2583 3408; x_wconf 79' lang='lat' dir='ltr'>practices</span> 
     </span>
     <span class='ocr_line' id='line_1_34' title="bbox 84 3419 2582 3504; baseline 0.005 -30"><span class='ocrx_word' id='word_1_371' title='bbox 84 3419 323 3499; x_wconf 80' lang='lat' dir='ltr'>colligat,</span> <span class='ocrx_word' id='word_1_372' title='bbox 354 3425 467 3485; x_wconf 88' lang='lat' dir='ltr'>sed</span> <span class='ocrx_word' id='word_1_373' title='bbox 496 3424 803 3503; x_wconf 85' lang='lat' dir='ltr'>integram</span> <span class='ocrx_word' id='word_1_374' title='bbox 830 3425 1166 3504; x_wconf 86' lang='lat' dir='ltr'>epistolam</span> <span class='ocrx_word' id='word_1_375' title='bbox 1195 3425 1742 3487; x_wconf 79' lang='lat' dir='ltr'>exhortationibus</span> <span class='ocrx_word' id='word_1_376' title='bbox 1774 3429 2058 3486; x_wconf 87' lang='lat' dir='ltr'>constare</span> <span class='ocrx_word' id='word_1_377' title='bbox 2082 3426 2317 3500; x_wconf 79' lang='lat' dir='ltr'>voluit,</span> <span class='ocrx_word' id='word_1_378' title='bbox 2355 3427 2582 3504; x_wconf 91' lang='lat' dir='ltr'>quibus</span> 
     </span>
     <span class='ocr_line' id='line_1_35' title="bbox 83 3511 2583 3599; baseline 0.002 -23"><span class='ocrx_word' id='word_1_379' title='bbox 83 3511 395 3592; x_wconf 79' lang='lat' dir='ltr'>dogmatica</span> <span class='ocrx_word' id='word_1_380' title='bbox 424 3538 536 3581; x_wconf 89' lang='lat' dir='ltr'>sua</span> <span class='ocrx_word' id='word_1_381' title='bbox 562 3525 931 3599; x_wconf 81' lang='lat' dir='ltr'>argumenta</span> <span class='ocrx_word' id='word_1_382' title='bbox 962 3522 1246 3582; x_wconf 89' lang='lat' dir='ltr'>inseruit.</span> <span class='ocrx_word' id='word_1_383' title='bbox 1271 3523 1389 3582; x_wconf 89' lang='lat' dir='ltr'>Pro</span> <span class='ocrx_word' id='word_1_384' title='bbox 1424 3523 1626 3583; x_wconf 90' lang='lat' dir='ltr'>tribus</span> <span class='ocrx_word' id='word_1_385' title='bbox 1656 3528 1868 3582; x_wconf 88' lang='lat' dir='ltr'>autem</span> <span class='ocrx_word' id='word_1_386' title='bbox 1899 3523 2405 3584; x_wconf 84' lang='lat' dir='ltr'>exhortationum</span> <span class='ocrx_word' id='word_1_387' title='bbox 2433 3524 2583 3583; x_wconf 89' lang='lat' dir='ltr'>clas-</span> 
     </span>
     <span class='ocr_line' id='line_1_36' title="bbox 83 3610 2580 3698; baseline 0.006 -34"><span class='ocrx_word' id='word_1_388' title='bbox 83 3610 225 3672; x_wconf 84' lang='lat' dir='ltr'>sibus</span> <span class='ocrx_word' id='word_1_389' title='bbox 254 3621 377 3678; x_wconf 90' lang='lat' dir='ltr'>tres</span> <span class='ocrx_word' id='word_1_390' title='bbox 422 3617 728 3694; x_wconf 85' lang='lat' dir='ltr'>epistolae</span> <span class='ocrx_word' id='word_1_391' title='bbox 774 3620 984 3696; x_wconf 85' lang='lat' dir='ltr'>partes</span> <span class='ocrx_word' id='word_1_392' title='bbox 1024 3617 1540 3696; x_wconf 80' lang='lat' dir='ltr'>distinguuntur:</span> <span class='ocrx_word' id='word_1_393' title='bbox 1581 3619 1740 3680; x_wconf 90' lang='lat' dir='ltr'>aliae</span> <span class='ocrx_word' id='word_1_394' title='bbox 1779 3619 1951 3680; x_wconf 91' lang='lat' dir='ltr'>enim</span> <span class='ocrx_word' id='word_1_395' title='bbox 1989 3620 2268 3697; x_wconf 85' lang='lat' dir='ltr'>generali</span> <span class='ocrx_word' id='word_1_396' title='bbox 2302 3620 2580 3698; x_wconf 89' lang='lat' dir='ltr'>quodam</span> 
     </span>
     <span class='ocr_line' id='line_1_37' title="bbox 82 3709 2580 3795; baseline 0.004 -29"><span class='ocrx_word' id='word_1_397' title='bbox 82 3709 237 3770; x_wconf 80' lang='lat' dir='ltr'>modo</span> <span class='ocrx_word' id='word_1_398' title='bbox 265 3717 467 3774; x_wconf 84' lang='lat' dir='ltr'>totam</span> <span class='ocrx_word' id='word_1_399' title='bbox 514 3714 710 3775; x_wconf 83' lang='lat' dir='ltr'>vitam</span> <span class='ocrx_word' id='word_1_400' title='bbox 750 3713 1155 3774; x_wconf 88' lang='lat' dir='ltr'>christianam</span> <span class='ocrx_word' id='word_1_401' title='bbox 1186 3715 1552 3792; x_wconf 83' lang='lat' dir='ltr'>&#39;respiciunt</span> <span class='ocrx_word' id='word_1_402' title='bbox 1590 3713 1986 3795; x_wconf 58' lang='lat' dir='ltr'>(Lm-220),</span> <span class='ocrx_word' id='word_1_403' title='bbox 2017 3716 2206 3789; x_wconf 89' lang='lat' dir='ltr'>aliae,</span> <span class='ocrx_word' id='word_1_404' title='bbox 2247 3717 2314 3776; x_wconf 90' lang='lat' dir='ltr'>in</span> <span class='ocrx_word' id='word_1_405' title='bbox 2345 3717 2580 3793; x_wconf 88' lang='lat' dir='ltr'>quibus</span> 
     </span>
     <span class='ocr_line' id='line_1_38' title="bbox 81 3803 2580 3889; baseline 0.003 -26"><span class='ocrx_word' id='word_1_406' title='bbox 81 3803 379 3879; x_wconf 72' lang='lat' dir='ltr'>Apostolus</span> <span class='ocrx_word' id='word_1_407' title='bbox 412 3809 493 3870; x_wconf 88' lang='lat' dir='ltr'>ad</span> <span class='ocrx_word' id='word_1_408' title='bbox 536 3811 850 3882; x_wconf 86' lang='lat' dir='ltr'>ethnicos,</span> <span class='ocrx_word' id='word_1_409' title='bbox 881 3811 1047 3870; x_wconf 89' lang='lat' dir='ltr'>inter</span> <span class='ocrx_word' id='word_1_410' title='bbox 1084 3828 1243 3888; x_wconf 90' lang='lat' dir='ltr'>quos</span> <span class='ocrx_word' id='word_1_411' title='bbox 1288 3811 1628 3872; x_wconf 85' lang='lat' dir='ltr'>Christiani</span> <span class='ocrx_word' id='word_1_412' title='bbox 1659 3813 1926 3889; x_wconf 83' lang='lat' dir='ltr'>degunt,</span> <span class='ocrx_word' id='word_1_413' title='bbox 1962 3818 2024 3872; x_wconf 91' lang='lat' dir='ltr'>et</span> <span class='ocrx_word' id='word_1_414' title='bbox 2053 3812 2130 3872; x_wconf 91' lang='lat' dir='ltr'>ad</span> <span class='ocrx_word' id='word_1_415' title='bbox 2162 3812 2448 3889; x_wconf 88' lang='lat' dir='ltr'>pericula</span> <span class='ocrx_word' id='word_1_416' title='bbox 2469 3812 2580 3884; x_wconf 84' lang='lat' dir='ltr'>,in</span> 
     </span>
     <span class='ocr_line' id='line_1_39' title="bbox 87 3901 2578 3986; baseline 0.004 -29"><span class='ocrx_word' id='word_1_417' title='bbox 87 3901 277 3972; x_wconf 84' lang='lat' dir='ltr'>quibus</span> <span class='ocrx_word' id='word_1_418' title='bbox 299 3911 645 3978; x_wconf 85' lang='lat' dir='ltr'>versantur,</span> <span class='ocrx_word' id='word_1_419' title='bbox 680 3909 961 3966; x_wconf 89' lang='lat' dir='ltr'>animum</span> <span class='ocrx_word' id='word_1_420' title='bbox 992 3906 1288 3978; x_wconf 87' lang='lat' dir='ltr'>attendit,</span> <span class='ocrx_word' id='word_1_421' title='bbox 1316 3907 1705 3985; x_wconf 85' lang='lat' dir='ltr'>singulorum</span> <span class='ocrx_word' id='word_1_422' title='bbox 1726 3909 1942 3968; x_wconf 81' lang='lat' dir='ltr'>officia</span> <span class='ocrx_word' id='word_1_423' title='bbox 1980 3908 2342 3986; x_wconf 89' lang='lat' dir='ltr'>diligentius</span> <span class='ocrx_word' id='word_1_424' title='bbox 2378 3909 2578 3985; x_wconf 82' lang='lat' dir='ltr'>expli-</span> 
     </span>
     <span class='ocr_line' id='line_1_40' title="bbox 88 3999 2578 4083; baseline 0.006 -33"><span class='ocrx_word' id='word_1_425' title='bbox 88 4001 201 4054; x_wconf 87' lang='lat' dir='ltr'>cant</span> <span class='ocrx_word' id='word_1_426' title='bbox 236 3999 634 4081; x_wconf 74' lang='lat'>(2‚11-4,19),</span> <span class='ocrx_word' id='word_1_427' title='bbox 689 4003 850 4062; x_wconf 88' lang='lat' dir='ltr'>aliae</span> <span class='ocrx_word' id='word_1_428' title='bbox 901 4002 978 4062; x_wconf 90' lang='lat' dir='ltr'>de</span> <span class='ocrx_word' id='word_1_429' title='bbox 1017 4003 1147 4062; x_wconf 88' lang='lat' dir='ltr'>sola</span> <span class='ocrx_word' id='word_1_430' title='bbox 1202 4003 1505 4063; x_wconf 87' lang='lat' dir='ltr'>relatione</span> <span class='ocrx_word' id='word_1_431' title='bbox 1560 4006 1958 4083; x_wconf 75' lang='lat' dir='ltr'>presbyteros</span> <span class='ocrx_word' id='word_1_432' title='bbox 2011 4005 2176 4064; x_wconf 89' lang='lat' dir='ltr'>inter</span> <span class='ocrx_word' id='word_1_433' title='bbox 2217 4009 2280 4064; x_wconf 88' lang='lat' dir='ltr'>et</span> <span class='ocrx_word' id='word_1_434' title='bbox 2323 4022 2578 4083; x_wconf 86' lang='lat' dir='ltr'>gregem</span> 
     </span>
     <span class='ocr_line' id='line_1_41' title="bbox 87 4095 556 4178; baseline 0.017 -28"><span class='ocrx_word' id='word_1_435' title='bbox 87 4101 246 4165; x_wconf 83' lang='lat' dir='ltr'>agunt</span> <span class='ocrx_word' id='word_1_436' title='bbox 272 4095 556 4178; x_wconf 80' lang='lat'>(51‚-11).</span> 
     </span>
    </p>

    <p class='ocr_par' dir='ltr' id='par_1_4' title="bbox 90 4213 2578 4386">
     <span class='ocr_line' id='line_1_42' title="bbox 140 4213 2577 4298; baseline 0.006 -32"><span class='ocrx_word' id='word_1_437' title='bbox 140 4213 453 4276; x_wconf 70' lang='lat' dir='ltr'>Exordium</span> <span class='ocrx_word' id='word_1_438' title='bbox 474 4224 703 4288; x_wconf 83' lang='lat'>&lt;1‚1-13)</span> <span class='ocrx_word' id='word_1_439' title='bbox 724 4221 971 4276; x_wconf 89' lang='lat' dir='ltr'>continet</span> <span class='ocrx_word' id='word_1_440' title='bbox 993 4220 1409 4292; x_wconf 89' lang='lat' dir='ltr'>inscriptionem</span> <span class='ocrx_word' id='word_1_441' title='bbox 1430 4225 1562 4288; x_wconf 88' lang='lat'>(1,1.</span> <span class='ocrx_word' id='word_1_442' title='bbox 1587 4230 1661 4290; x_wconf 85' lang='lat'>2),</span> <span class='ocrx_word' id='word_1_443' title='bbox 1686 4240 1791 4296; x_wconf 86' lang='lat' dir='ltr'>qua</span> <span class='ocrx_word' id='word_1_444' title='bbox 1812 4225 2229 4296; x_wconf 81' lang='lat' dir='ltr'>praerogativae</span> <span class='ocrx_word' id='word_1_445' title='bbox 2247 4224 2577 4298; x_wconf 75' lang='lat' dir='ltr'>Christiano-</span> 
     </span>
     <span class='ocr_line' id='line_1_43' title="bbox 90 4304 2578 4386; baseline 0.006 -30"><span class='ocrx_word' id='word_1_446' title='bbox 90 4313 189 4356; x_wconf 86' lang='lat' dir='ltr'>rum</span> <span class='ocrx_word' id='word_1_447' title='bbox 224 4304 583 4376; x_wconf 90' lang='lat' dir='ltr'>insinuantur,</span> <span class='ocrx_word' id='word_1_448' title='bbox 616 4316 671 4364; x_wconf 89' lang='lat' dir='ltr'>et</span> <span class='ocrx_word' id='word_1_449' title='bbox 700 4310 1001 4380; x_wconf 84' lang='lat' dir='ltr'>gratiarum</span> <span class='ocrx_word' id='word_1_450' title='bbox 1043 4309 1338 4378; x_wconf 88' lang='lat' dir='ltr'>actionem,</span> <span class='ocrx_word' id='word_1_451' title='bbox 1373 4326 1513 4381; x_wconf 87' lang='lat' dir='ltr'>quae</span> <span class='ocrx_word' id='word_1_452' title='bbox 1545 4311 1808 4368; x_wconf 84' lang='lat' dir='ltr'>beneficia</span> <span class='ocrx_word' id='word_1_453' title='bbox 1838 4312 2166 4368; x_wconf 89' lang='lat' dir='ltr'>Christianis</span> <span class='ocrx_word' id='word_1_454' title='bbox 2198 4329 2296 4383; x_wconf 90' lang='lat' dir='ltr'>per</span> <span class='ocrx_word' id='word_1_455' title='bbox 2333 4315 2578 4386; x_wconf 82' lang='lat' dir='ltr'>Evange-</span> 
     </span>
    </p>
   </div>
   <div class='ocr_carea' id='block_1_4' title="bbox 91 4384 2578 4810">
    <p class='ocr_par' dir='ltr' id='par_1_5' title="bbox 91 4384 2578 4810">
     <span class='ocr_line' id='line_1_44' title="bbox 92 4384 2578 4472; baseline 0.005 -27"><span class='ocrx_word' id='word_1_456' title='bbox 92 4384 199 4445; x_wconf 78' lang='lat' dir='ltr'>lium</span> <span class='ocrx_word' id='word_1_457' title='bbox 236 4395 391 4452; x_wconf 86' lang='lat' dir='ltr'>allata</span> <span class='ocrx_word' id='word_1_458' title='bbox 428 4394 807 4465; x_wconf 87' lang='lat' dir='ltr'>commendat,</span> <span class='ocrx_word' id='word_1_459' title='bbox 837 4395 1237 4452; x_wconf 86' lang='lat' dir='ltr'>haereditatem</span> <span class='ocrx_word' id='word_1_460' title='bbox 1278 4412 1355 4452; x_wconf 91' lang='lat' dir='ltr'>sc.</span> <span class='ocrx_word' id='word_1_461' title='bbox 1398 4398 1724 4468; x_wconf 88' lang='lat' dir='ltr'>coelestem,</span> <span class='ocrx_word' id='word_1_462' title='bbox 1755 4415 1898 4471; x_wconf 88' lang='lat' dir='ltr'>quae</span> <span class='ocrx_word' id='word_1_463' title='bbox 1928 4398 2341 4472; x_wconf 89' lang='lat' dir='ltr'>probationibus</span> <span class='ocrx_word' id='word_1_464' title='bbox 2369 4402 2440 4456; x_wconf 92' lang='lat' dir='ltr'>sit</span> <span class='ocrx_word' id='word_1_465' title='bbox 2482 4417 2578 4457; x_wconf 88' lang='lat' dir='ltr'>ac-</span> 
     </span>
     <span class='ocr_line' id='line_1_45' title="bbox 91 4475 1318 4556; baseline 0.008 -25"><span class='ocrx_word' id='word_1_466' title='bbox 91 4475 341 4552; x_wconf 86' lang='lat' dir='ltr'>quirenda,</span> <span class='ocrx_word' id='word_1_467' title='bbox 372 4483 783 4556; x_wconf 70' lang='lat' dir='ltr'>perfectamque</span> <span class='ocrx_word' id='word_1_468' title='bbox 812 4484 1045 4540; x_wconf 89' lang='lat' dir='ltr'>salutem</span> <span class='ocrx_word' id='word_1_469' title='bbox 1074 4487 1318 4554; x_wconf 83' lang='lat'><strong>(1‚3-13).</strong></span> 
     </span>
     <span class='ocr_line' id='line_1_46' title="bbox 146 4565 2576 4650; baseline 0.003 -24"><span class='ocrx_word' id='word_1_470' title='bbox 146 4565 201 4619; x_wconf 86' lang='lat'>111</span> <span class='ocrx_word' id='word_1_471' title='bbox 216 4571 406 4640; x_wconf 79' lang='lat' dir='ltr'>prima</span> <span class='ocrx_word' id='word_1_472' title='bbox 436 4576 617 4644; x_wconf 83' lang='lat' dir='ltr'>parte</span> <span class='ocrx_word' id='word_1_473' title='bbox 640 4575 969 4640; x_wconf 79' lang='lat'>(1,13-2,10)</span> <span class='ocrx_word' id='word_1_474' title='bbox 1002 4571 1076 4628; x_wconf 89' lang='lat' dir='ltr'>ad</span> <span class='ocrx_word' id='word_1_475' title='bbox 1105 4572 1273 4628; x_wconf 80' lang='lat' dir='ltr'>vitam</span> <span class='ocrx_word' id='word_1_476' title='bbox 1298 4589 1423 4628; x_wconf 84' lang='lat' dir='ltr'>vere</span> <span class='ocrx_word' id='word_1_477' title='bbox 1452 4573 1808 4630; x_wconf 84' lang='lat' dir='ltr'>christianam</span> <span class='ocrx_word' id='word_1_478' title='bbox 1838 4574 2110 4648; x_wconf 88' lang='lat' dir='ltr'>agendam</span> <span class='ocrx_word' id='word_1_479' title='bbox 2137 4576 2384 4650; x_wconf 84' lang='lat' dir='ltr'>generali</span> <span class='ocrx_word' id='word_1_480' title='bbox 2409 4577 2576 4634; x_wconf 92' lang='lat' dir='ltr'>modo</span> 
     </span>
     <span class='ocr_line' id='line_1_47' title="bbox 92 4654 1065 4731; baseline 0.017 -32"><span class='ocrx_word' id='word_1_481' title='bbox 92 4654 359 4728; x_wconf 82' lang='lat' dir='ltr'>neophytos</span> <span class='ocrx_word' id='word_1_482' title='bbox 394 4661 720 4716; x_wconf 87' lang='lat' dir='ltr'>exhortatur</span> <span class='ocrx_word' id='word_1_483' title='bbox 748 4659 1065 4731; x_wconf 85' lang='lat' dir='ltr'>Apostolus.</span> 
     </span>
     <span class='ocr_line' id='line_1_48' title="bbox 801 4755 1818 4810; baseline 0.005 -5"><span class='ocrx_word' id='word_1_484' title='bbox 801 4755 1055 4805; x_wconf 66' lang='lat' dir='ltr'>Gonnum</span> <span class='ocrx_word' id='word_1_485' title='bbox 1088 4757 1364 4808; x_wconf 61' lang='lat' dir='ltr'>coatras-n.</span> <span class='ocrx_word' id='word_1_486' title='bbox 1397 4759 1618 4810; x_wconf 64' lang='lat' dir='ltr'>Iit-raon.</span> <span class='ocrx_word' id='word_1_487' title='bbox 1652 4787 1712 4797; x_wconf 94' lang='lat'>—</span> <span class='ocrx_word' id='word_1_488' title='bbox 1743 4763 1818 4810; x_wconf 83' lang='grc'>38.</span> 
     </span>
    </p>
   </div>
  </div>
 </body>
</html>
