<?xml version="1.0" encoding="UTF-8"?>
<!DOCTYPE html PUBLIC "-//W3C//DTD XHTML 1.0 Transitional//EN"
    "http://www.w3.org/TR/xhtml1/DTD/xhtml1-transitional.dtd">
<html xmlns="http://www.w3.org/1999/xhtml" xml:lang="en" lang="en">
 <head>
  <title>
</title>
<meta http-equiv="Content-Type" content="text/html;charset=utf-8" />
  <meta name='ocr-system' content='tesseract 3.04.00' />
  <meta name='ocr-capabilities' content='ocr_page ocr_carea ocr_par ocr_line ocrx_word'/>
</head>
<body>
  <div class='ocr_page' id='page_1' title='image "./historicaeetcri00corngoog_0308.png"; bbox 0 0 3050 5184; ppageno 0'>
   <div class='ocr_carea' id='block_1_1' title="bbox 396 309 2888 370">
    <p class='ocr_par' dir='ltr' id='par_1_1' title="bbox 396 309 2888 370">
     <span class='ocr_line' id='line_1_1' title="bbox 396 309 2888 370; baseline -0.003 -4"><span class='ocrx_word' id='word_1_1' title='bbox 396 309 513 367; x_wconf 74' lang='lat'>298</span> <span class='ocrx_word' id='word_1_2' title='bbox 594 323 668 366; x_wconf 69' lang='lat' dir='ltr'>ms:</span> <span class='ocrx_word' id='word_1_3' title='bbox 696 325 831 368; x_wconf 71' lang='lat' dir='ltr'>var.</span> <span class='ocrx_word' id='word_1_4' title='bbox 864 327 1115 370; x_wconf 70' lang='lat' dir='ltr'>‘res-rm.</span> <span class='ocrx_word' id='word_1_5' title='bbox 1143 327 1332 370; x_wconf 80' lang='lat' dir='ltr'>umus</span> <span class='ocrx_word' id='word_1_6' title='bbox 1354 326 1702 369; x_wconf 72' lang='lat' dir='ltr'>nmAcrrcm.</span> <span class='ocrx_word' id='word_1_7' title='bbox 1738 343 1815 354; x_wconf 89' lang='lat'>--</span> <span class='ocrx_word' id='word_1_8' title='bbox 1843 325 1970 370; x_wconf 71' lang='lat' dir='ltr'>mr.</span> <span class='ocrx_word' id='word_1_9' title='bbox 2011 325 2052 368; x_wconf 91' lang='lat'>1.</span> <span class='ocrx_word' id='word_1_10' title='bbox 2085 326 2162 370; x_wconf 75' lang='lat' dir='ltr'>na</span> <span class='ocrx_word' id='word_1_11' title='bbox 2203 328 2253 370; x_wconf 89' lang='lat' dir='ltr'>s.</span> <span class='ocrx_word' id='word_1_12' title='bbox 2299 326 2464 370; x_wconf 75' lang='lat' dir='ltr'>rossi</span> <span class='ocrx_word' id='word_1_13' title='bbox 2497 320 2888 369; x_wconf 67' lang='lat' dir='ltr'>usssmsonuu.</span> 
     </span>
    </p>
   </div>
   <div class='ocr_carea' id='block_1_2' title="bbox 395 451 2915 1053">
    <p class='ocr_par' dir='ltr' id='par_1_2' title="bbox 395 451 2915 877">
     <span class='ocr_line' id='line_1_2' title="bbox 464 451 2915 528; baseline -0.001 -21"><span class='ocrx_word' id='word_1_14' title='bbox 464 455 663 508; x_wconf 89' lang='lat' dir='ltr'>Poesin</span> <span class='ocrx_word' id='word_1_15' title='bbox 695 455 981 525; x_wconf 79' lang='lat' dir='ltr'>profanam</span> <span class='ocrx_word' id='word_1_16' title='bbox 1004 455 1274 512; x_wconf 82' lang='lat' dir='ltr'>Hebraeis</span> <span class='ocrx_word' id='word_1_17' title='bbox 1304 473 1415 512; x_wconf 91' lang='lat' dir='ltr'>non</span> <span class='ocrx_word' id='word_1_18' title='bbox 1443 455 1611 512; x_wconf 81' lang='lat' dir='ltr'>fuisse</span> <span class='ocrx_word' id='word_1_19' title='bbox 1639 455 1973 528; x_wconf 83' lang='lat' dir='ltr'>incognitam</span> <span class='ocrx_word' id='word_1_20' title='bbox 1991 495 2008 522; x_wconf 88' lang='lat'>,</span> <span class='ocrx_word' id='word_1_21' title='bbox 2037 457 2290 527; x_wconf 86' lang='lat' dir='ltr'>exempla</span> <span class='ocrx_word' id='word_1_22' title='bbox 2317 456 2377 510; x_wconf 90' lang='lat' dir='ltr'>in</span> <span class='ocrx_word' id='word_1_23' title='bbox 2405 454 2560 511; x_wconf 84' lang='lat' dir='ltr'>libris</span> <span class='ocrx_word' id='word_1_24' title='bbox 2583 451 2754 510; x_wconf 89' lang='lat' dir='ltr'>sacris</span> <span class='ocrx_word' id='word_1_25' title='bbox 2773 465 2915 506; x_wconf 85' lang='lat' dir='ltr'>con-.</span> 
     </span>
     <span class='ocr_line' id='line_1_3' title="bbox 395 535 2896 616; baseline -0.002 -22"><span class='ocrx_word' id='word_1_26' title='bbox 395 548 609 596; x_wconf 80' lang='lat' dir='ltr'>servata</span> <span class='ocrx_word' id='word_1_27' title='bbox 636 541 837 598; x_wconf 85' lang='lat' dir='ltr'>docent</span> <span class='ocrx_word' id='word_1_28' title='bbox 860 546 1021 610; x_wconf 79' lang='lat' dir='ltr'>(Gen.</span> <span class='ocrx_word' id='word_1_29' title='bbox 1055 550 1180 610; x_wconf 56' lang='lat'>433</span> <span class='ocrx_word' id='word_1_30' title='bbox 1222 560 1330 616; x_wconf 82' lang='lat' dir='ltr'>sq.;</span> <span class='ocrx_word' id='word_1_31' title='bbox 1366 547 1535 599; x_wconf 87' lang='lat' dir='ltr'>Num.</span> <span class='ocrx_word' id='word_1_32' title='bbox 1569 549 1730 610; x_wconf 82' lang='lat'>21,27</span> <span class='ocrx_word' id='word_1_33' title='bbox 1757 558 1903 614; x_wconf 80' lang='lat' dir='ltr'>sqq.;</span> <span class='ocrx_word' id='word_1_34' title='bbox 1936 543 2126 600; x_wconf 76' lang='lat' dir='ltr'>ludio.</span> <span class='ocrx_word' id='word_1_35' title='bbox 2163 549 2350 611; x_wconf 79' lang='lat'><strong>1⁵‚16;</strong></span> <span class='ocrx_word' id='word_1_36' title='bbox 2384 549 2560 611; x_wconf 82' lang='lat'>14‚14.</span> <span class='ocrx_word' id='word_1_37' title='bbox 2606 547 2671 598; x_wconf 80' lang='lat'>18</span> <span class='ocrx_word' id='word_1_38' title='bbox 2698 549 2800 596; x_wconf 85' lang='lat' dir='ltr'>etc.</span> <span class='ocrx_word' id='word_1_39' title='bbox 2827 535 2896 592; x_wconf 86' lang='lat' dir='ltr'>el&#39;r</span> 
     </span>
     <span class='ocr_line' id='line_1_4' title="bbox 398 629 2894 703; baseline 0.002 -21"><span class='ocrx_word' id='word_1_40' title='bbox 398 631 471 683; x_wconf 76' lang='lat' dir='ltr'>Is.</span> <span class='ocrx_word' id='word_1_41' title='bbox 495 635 641 697; x_wconf 79' lang='lat'><strong>24‚9;</strong></span> <span class='ocrx_word' id='word_1_42' title='bbox 665 635 799 684; x_wconf 85' lang='lat' dir='ltr'>Am.</span> <span class='ocrx_word' id='word_1_43' title='bbox 824 636 981 699; x_wconf 83' lang='lat'>8,10;</span> <span class='ocrx_word' id='word_1_44' title='bbox 1004 636 1148 700; x_wconf 81' lang='lat'>6,5);</span> <span class='ocrx_word' id='word_1_45' title='bbox 1172 639 1417 687; x_wconf 82' lang='lat' dir='ltr'>attamen</span> <span class='ocrx_word' id='word_1_46' title='bbox 1441 646 1708 703; x_wconf 86' lang='lat' dir='ltr'>magnum</span> <span class='ocrx_word' id='word_1_47' title='bbox 1727 631 1910 686; x_wconf 90' lang='lat' dir='ltr'>locum</span> <span class='ocrx_word' id='word_1_48' title='bbox 1931 629 2078 702; x_wconf 88' lang='lat' dir='ltr'>apud</span> <span class='ocrx_word' id='word_1_49' title='bbox 2104 646 2199 686; x_wconf 89' lang='lat' dir='ltr'>eos</span> <span class='ocrx_word' id='word_1_50' title='bbox 2220 647 2336 696; x_wconf 82' lang='lat' dir='ltr'>non</span> <span class='ocrx_word' id='word_1_51' title='bbox 2357 630 2576 686; x_wconf 79' lang='lat' dir='ltr'>videtur</span> <span class='ocrx_word' id='word_1_52' title='bbox 2599 640 2894 699; x_wconf 71' lang='lat' dir='ltr'>occupasse,</span> 
     </span>
     <span class='ocr_line' id='line_1_5' title="bbox 396 715 2900 790; baseline -0.002 -20"><span class='ocrx_word' id='word_1_53' title='bbox 396 715 491 771; x_wconf 89' lang='lat' dir='ltr'>sed</span> <span class='ocrx_word' id='word_1_54' title='bbox 527 717 739 789; x_wconf 84' lang='lat' dir='ltr'>integra</span> <span class='ocrx_word' id='word_1_55' title='bbox 780 717 897 773; x_wconf 84' lang='lat' dir='ltr'>fere</span> <span class='ocrx_word' id='word_1_56' title='bbox 942 717 1047 774; x_wconf 81' lang='lat' dir='ltr'>fuit</span> <span class='ocrx_word' id='word_1_57' title='bbox 1090 717 1343 790; x_wconf 85' lang='lat' dir='ltr'>religiosa</span> <span class='ocrx_word' id='word_1_58' title='bbox 1384 727 1550 790; x_wconf 88' lang='lat' dir='ltr'>atque</span> <span class='ocrx_word' id='word_1_59' title='bbox 1591 719 1948 789; x_wconf 83' lang='lat' dir='ltr'>praecipuum</span> <span class='ocrx_word' id='word_1_60' title='bbox 1992 719 2110 773; x_wconf 92' lang='lat' dir='ltr'>eius</span> <span class='ocrx_word' id='word_1_61' title='bbox 2149 725 2537 790; x_wconf 80' lang='lat' dir='ltr'>argumentum</span> <span class='ocrx_word' id='word_1_62' title='bbox 2577 715 2900 771; x_wconf 85' lang='lat' dir='ltr'>constituunt</span> 
     </span>
     <span class='ocr_line' id='line_1_6' title="bbox 396 801 2766 877; baseline -0.001 -18"><span class='ocrx_word' id='word_1_63' title='bbox 396 807 544 860; x_wconf 88' lang='lat' dir='ltr'>Deus</span> <span class='ocrx_word' id='word_1_64' title='bbox 570 803 861 876; x_wconf 86' lang='lat' dir='ltr'>divinaque</span> <span class='ocrx_word' id='word_1_65' title='bbox 886 805 1149 862; x_wconf 82' lang='lat' dir='ltr'>beneficia</span> <span class='ocrx_word' id='word_1_66' title='bbox 1181 815 1238 861; x_wconf 90' lang='lat' dir='ltr'>et</span> <span class='ocrx_word' id='word_1_67' title='bbox 1264 806 1485 873; x_wconf 90' lang='lat' dir='ltr'>relatio,</span> <span class='ocrx_word' id='word_1_68' title='bbox 1515 819 1658 877; x_wconf 89' lang='lat' dir='ltr'>quae</span> <span class='ocrx_word' id='word_1_69' title='bbox 1683 809 1864 861; x_wconf 88' lang='lat' dir='ltr'>Deum</span> <span class='ocrx_word' id='word_1_70' title='bbox 1891 807 2038 861; x_wconf 89' lang='lat' dir='ltr'>inter</span> <span class='ocrx_word' id='word_1_71' title='bbox 2065 813 2121 860; x_wconf 91' lang='lat' dir='ltr'>et</span> <span class='ocrx_word' id='word_1_72' title='bbox 2148 805 2430 861; x_wconf 90' lang='lat' dir='ltr'>hominem</span> <span class='ocrx_word' id='word_1_73' title='bbox 2457 801 2766 859; x_wconf 74' lang='lat' dir='ltr'>intercedit.</span> 
     </span>
    </p>

    <p class='ocr_par' dir='ltr' id='par_1_3' title="bbox 396 887 2900 1053">
     <span class='ocr_line' id='line_1_7' title="bbox 467 887 2900 965; baseline -0.002 -18"><span class='ocrx_word' id='word_1_74' title='bbox 467 894 532 947; x_wconf 90' lang='lat' dir='ltr'>ln</span> <span class='ocrx_word' id='word_1_75' title='bbox 560 892 714 948; x_wconf 87' lang='lat' dir='ltr'>omni</span> <span class='ocrx_word' id='word_1_76' title='bbox 742 901 927 949; x_wconf 87' lang='lat' dir='ltr'>autem</span> <span class='ocrx_word' id='word_1_77' title='bbox 954 894 1105 964; x_wconf 87' lang='lat' dir='ltr'>poesi</span> <span class='ocrx_word' id='word_1_78' title='bbox 1130 894 1237 948; x_wconf 89' lang='lat' dir='ltr'>tria</span> <span class='ocrx_word' id='word_1_79' title='bbox 1264 901 1392 949; x_wconf 89' lang='lat' dir='ltr'>sunt</span> <span class='ocrx_word' id='word_1_80' title='bbox 1414 891 1814 949; x_wconf 88' lang='lat' dir='ltr'>consideranda</span> <span class='ocrx_word' id='word_1_81' title='bbox 1831 932 1847 960; x_wconf 93' lang='lat'>‚</span> <span class='ocrx_word' id='word_1_82' title='bbox 1872 891 2071 965; x_wconf 88' lang='lat' dir='ltr'>quibus</span> <span class='ocrx_word' id='word_1_83' title='bbox 2099 909 2130 948; x_wconf 92' lang='lat' dir='ltr'>a</span> <span class='ocrx_word' id='word_1_84' title='bbox 2158 907 2322 964; x_wconf 88' lang='lat' dir='ltr'>prosa</span> <span class='ocrx_word' id='word_1_85' title='bbox 2349 892 2598 948; x_wconf 85' lang='lat' dir='ltr'>oratione</span> <span class='ocrx_word' id='word_1_86' title='bbox 2625 887 2900 958; x_wconf 81' lang='lat' dir='ltr'>distingui·</span> 
     </span>
     <span class='ocr_line' id='line_1_8' title="bbox 396 979 2600 1053; baseline 0 -20"><span class='ocrx_word' id='word_1_87' title='bbox 396 985 489 1033; x_wconf 90' lang='lat' dir='ltr'>tur</span> <span class='ocrx_word' id='word_1_88' title='bbox 518 999 533 1034; x_wconf 91' lang='lat'>:</span> <span class='ocrx_word' id='word_1_89' title='bbox 564 979 884 1052; x_wconf 80' lang='lat' dir='ltr'>rhythmuS,</span> <span class='ocrx_word' id='word_1_90' title='bbox 919 981 1229 1053; x_wconf 82' lang='lat' dir='ltr'>argumenti</span> <span class='ocrx_word' id='word_1_91' title='bbox 1251 980 1530 1037; x_wconf 88' lang='lat' dir='ltr'>tractandi</span> <span class='ocrx_word' id='word_1_92' title='bbox 1559 981 1723 1045; x_wconf 82' lang='lat' dir='ltr'>ratio,</span> <span class='ocrx_word' id='word_1_93' title='bbox 1753 980 2020 1045; x_wconf 84' lang='lat' dir='ltr'>elocutio;</span> <span class='ocrx_word' id='word_1_94' title='bbox 2051 979 2122 1036; x_wconf 89' lang='lat' dir='ltr'>de</span> <span class='ocrx_word' id='word_1_95' title='bbox 2149 980 2376 1052; x_wconf 82' lang='lat' dir='ltr'>singulis</span> <span class='ocrx_word' id='word_1_96' title='bbox 2405 995 2600 1050; x_wconf 85' lang='lat' dir='ltr'>pauca.</span> 
     </span>
    </p>
   </div>
   <div class='ocr_carea' id='block_1_3' title="bbox 389 1133 2904 1601">
    <p class='ocr_par' dir='ltr' id='par_1_4' title="bbox 389 1133 2904 1601">
     <span class='ocr_line' id='line_1_9' title="bbox 475 1133 2902 1217; baseline -0.002 -21"><span class='ocrx_word' id='word_1_97' title='bbox 475 1141 533 1196; x_wconf 79' lang='lat'>2.</span> <span class='ocrx_word' id='word_1_98' title='bbox 567 1172 644 1180; x_wconf 94' lang='lat'>—</span> <span class='ocrx_word' id='word_1_99' title='bbox 675 1138 855 1198; x_wconf 88' lang='lat' dir='ltr'>Velut</span> <span class='ocrx_word' id='word_1_100' title='bbox 898 1139 1188 1216; x_wconf 88' lang='lat' dir='ltr'>proprius</span> <span class='ocrx_word' id='word_1_101' title='bbox 1238 1143 1334 1198; x_wconf 86' lang='lat' dir='ltr'>est</span> <span class='ocrx_word' id='word_1_102' title='bbox 1370 1138 1698 1198; x_wconf 79' lang='lat' dir='ltr'>hebraicae</span> <span class='ocrx_word' id='word_1_103' title='bbox 1745 1137 1924 1217; x_wconf 86' lang='lat' dir='ltr'>poesi</span> <span class='ocrx_word' id='word_1_104' title='bbox 1965 1141 2396 1198; x_wconf 72' lang='lat' dir='ltr'>sententiarum</span> <span class='ocrx_word' id='word_1_105' title='bbox 2445 1135 2785 1214; x_wconf 72' lang='lat' dir='ltr'>rhythmus,</span> <span class='ocrx_word' id='word_1_106' title='bbox 2809 1133 2902 1209; x_wconf 86' lang='lat' dir='ltr'>qui</span> 
     </span>
     <span class='ocr_line' id='line_1_10' title="bbox 389 1230 2904 1311; baseline -0.002 -19"><span class='ocrx_word' id='word_1_107' title='bbox 389 1235 835 1311; x_wconf 72' lang='lat' dir='ltr'>parallelismus</span> <span class='ocrx_word' id='word_1_108' title='bbox 869 1239 1132 1295; x_wconf 84' lang='lat' dir='ltr'>vocatur</span> <span class='ocrx_word' id='word_1_109' title='bbox 1156 1240 1347 1311; x_wconf 88' lang='lat' dir='ltr'>atque</span> <span class='ocrx_word' id='word_1_110' title='bbox 1376 1234 1830 1294; x_wconf 87' lang='lat' dir='ltr'>sententiarum</span> <span class='ocrx_word' id='word_1_111' title='bbox 1868 1233 2244 1310; x_wconf 81' lang='lat' dir='ltr'>aequalitate</span> <span class='ocrx_word' id='word_1_112' title='bbox 2279 1233 2549 1310; x_wconf 88' lang='lat' dir='ltr'>quadam</span> <span class='ocrx_word' id='word_1_113' title='bbox 2587 1249 2660 1292; x_wconf 84' lang='lat' dir='ltr'>ac</span> <span class='ocrx_word' id='word_1_114' title='bbox 2693 1230 2904 1291; x_wconf 90' lang='lat' dir='ltr'>simili-</span> 
     </span>
     <span class='ocr_line' id='line_1_11' title="bbox 396 1328 2900 1407; baseline -0.002 -19"><span class='ocrx_word' id='word_1_115' title='bbox 396 1329 615 1389; x_wconf 84' lang='lat' dir='ltr'>tudine</span> <span class='ocrx_word' id='word_1_116' title='bbox 652 1330 737 1390; x_wconf 90' lang='lat' dir='ltr'>ita</span> <span class='ocrx_word' id='word_1_117' title='bbox 775 1330 1062 1401; x_wconf 84' lang='lat' dir='ltr'>efficitur,</span> <span class='ocrx_word' id='word_1_118' title='bbox 1106 1335 1175 1391; x_wconf 87' lang='lat' dir='ltr'>ut</span> <span class='ocrx_word' id='word_1_119' title='bbox 1210 1331 1456 1391; x_wconf 88' lang='lat' dir='ltr'>duobus</span> <span class='ocrx_word' id='word_1_120' title='bbox 1489 1330 1893 1407; x_wconf 88' lang='lat' dir='ltr'>plerumque,</span> <span class='ocrx_word' id='word_1_121' title='bbox 1935 1328 2252 1402; x_wconf 83' lang='lat' dir='ltr'>interdum</span> <span class='ocrx_word' id='word_1_122' title='bbox 2289 1329 2490 1389; x_wconf 88' lang='lat' dir='ltr'>tribus</span> <span class='ocrx_word' id='word_1_123' title='bbox 2535 1333 2900 1406; x_wconf 81' lang='lat' dir='ltr'>quatuorve,</span> 
     </span>
     <span class='ocr_line' id='line_1_12' title="bbox 396 1425 2904 1504; baseline -0.002 -20"><span class='ocrx_word' id='word_1_124' title='bbox 396 1427 697 1486; x_wconf 87' lang='lat' dir='ltr'>membris</span> <span class='ocrx_word' id='word_1_125' title='bbox 721 1426 1007 1486; x_wconf 89' lang='lat' dir='ltr'>eiusdem</span> <span class='ocrx_word' id='word_1_126' title='bbox 1031 1426 1159 1486; x_wconf 80' lang='lat' dir='ltr'>fere</span> <span class='ocrx_word' id='word_1_127' title='bbox 1189 1426 1630 1504; x_wconf 82' lang='lat' dir='ltr'>longitudinis,</span> <span class='ocrx_word' id='word_1_128' title='bbox 1660 1425 1724 1485; x_wconf 90' lang='lat' dir='ltr'>in</span> <span class='ocrx_word' id='word_1_129' title='bbox 1746 1426 1978 1503; x_wconf 87' lang='lat' dir='ltr'>quibus</span> <span class='ocrx_word' id='word_1_130' title='bbox 2009 1443 2110 1485; x_wconf 86' lang='lat' dir='ltr'>res</span> <span class='ocrx_word' id='word_1_131' title='bbox 2137 1427 2329 1485; x_wconf 88' lang='lat' dir='ltr'>rebus</span> <span class='ocrx_word' id='word_1_132' title='bbox 2353 1429 2540 1501; x_wconf 85' lang='lat' dir='ltr'>atque</span> <span class='ocrx_word' id='word_1_133' title='bbox 2569 1426 2756 1484; x_wconf 87' lang='lat' dir='ltr'>etiam</span> <span class='ocrx_word' id='word_1_134' title='bbox 2787 1440 2904 1481; x_wconf 84' lang='lat' dir='ltr'>ver-</span> 
     </span>
     <span class='ocr_line' id='line_1_13' title="bbox 396 1522 2431 1601; baseline -0.001 -20"><span class='ocrx_word' id='word_1_135' title='bbox 396 1523 476 1581; x_wconf 88' lang='lat' dir='ltr'>ba</span> <span class='ocrx_word' id='word_1_136' title='bbox 504 1522 714 1582; x_wconf 85' lang='lat' dir='ltr'>verbis</span> <span class='ocrx_word' id='word_1_137' title='bbox 746 1524 924 1599; x_wconf 90' lang='lat' dir='ltr'>quasi</span> <span class='ocrx_word' id='word_1_138' title='bbox 955 1522 1367 1600; x_wconf 89' lang='lat' dir='ltr'>respondent,</span> <span class='ocrx_word' id='word_1_139' title='bbox 1408 1523 1647 1600; x_wconf 83' lang='lat' dir='ltr'>integra</span> <span class='ocrx_word' id='word_1_140' title='bbox 1679 1522 2027 1601; x_wconf 85' lang='lat' dir='ltr'>propositio</span> <span class='ocrx_word' id='word_1_141' title='bbox 2056 1522 2431 1581; x_wconf 81' lang='lat' dir='ltr'>absolvatur.</span> 
     </span>
    </p>
   </div>
   <div class='ocr_carea' id='block_1_4' title="bbox 390 1637 2906 3114">
    <p class='ocr_par' dir='ltr' id='par_1_5' title="bbox 390 1637 2906 3114">
     <span class='ocr_line' id='line_1_14' title="bbox 464 1637 2902 1714; baseline -0.003 -17"><span class='ocrx_word' id='word_1_142' title='bbox 464 1643 609 1697; x_wconf 88' lang='lat' dir='ltr'>Num</span> <span class='ocrx_word' id='word_1_143' title='bbox 646 1641 883 1698; x_wconf 84' lang='lat' dir='ltr'>Hebraei</span> <span class='ocrx_word' id='word_1_144' title='bbox 921 1642 1244 1714; x_wconf 79' lang='lat' dir='ltr'>rhythmum</span> <span class='ocrx_word' id='word_1_145' title='bbox 1292 1643 1634 1714; x_wconf 85' lang='lat' dir='ltr'>syllabarum</span> <span class='ocrx_word' id='word_1_146' title='bbox 1675 1642 1916 1714; x_wconf 86' lang='lat' dir='ltr'>aliquem</span> <span class='ocrx_word' id='word_1_147' title='bbox 1952 1640 2332 1709; x_wconf 87' lang='lat' dir='ltr'>adhibuerint,</span> <span class='ocrx_word' id='word_1_148' title='bbox 2375 1640 2817 1697; x_wconf 76' lang='lat' dir='ltr'>controvertitur.</span> <span class='ocrx_word' id='word_1_149' title='bbox 2855 1637 2902 1690; x_wconf 85' lang='lat' dir='ltr'>Si</span> 
     </span>
     <span class='ocr_line' id='line_1_15' title="bbox 394 1725 2904 1801; baseline -0.002 -17"><span class='ocrx_word' id='word_1_150' title='bbox 394 1731 475 1785; x_wconf 86' lang='lat' dir='ltr'>Fl.</span> <span class='ocrx_word' id='word_1_151' title='bbox 510 1729 765 1799; x_wconf 88' lang='lat' dir='ltr'>losepho‚</span> <span class='ocrx_word' id='word_1_152' title='bbox 798 1730 1037 1800; x_wconf 88' lang='lat' dir='ltr'>Philoni,</span> <span class='ocrx_word' id='word_1_153' title='bbox 1067 1730 1323 1796; x_wconf 86' lang='lat' dir='ltr'>Eusebio,</span> <span class='ocrx_word' id='word_1_154' title='bbox 1354 1731 1700 1801; x_wconf 74' lang='lat' dir='ltr'>Hieronymo</span> <span class='ocrx_word' id='word_1_155' title='bbox 1747 1728 1885 1784; x_wconf 71' lang='lat' dir='ltr'>tides</span> <span class='ocrx_word' id='word_1_156' title='bbox 1927 1737 2098 1794; x_wconf 85' lang='lat' dir='ltr'>esset,</span> <span class='ocrx_word' id='word_1_157' title='bbox 2124 1728 2408 1784; x_wconf 88' lang='lat' dir='ltr'>Hebraeos</span> <span class='ocrx_word' id='word_1_158' title='bbox 2448 1728 2746 1800; x_wconf 90' lang='lat' dir='ltr'>longarum</span> <span class='ocrx_word' id='word_1_159' title='bbox 2790 1725 2904 1779; x_wconf 88' lang='lat' dir='ltr'>bre·</span> 
     </span>
     <span class='ocr_line' id='line_1_16' title="bbox 395 1815 2904 1890; baseline -0.002 -19"><span class='ocrx_word' id='word_1_160' title='bbox 395 1817 651 1888; x_wconf 83' lang='lat' dir='ltr'>viumque</span> <span class='ocrx_word' id='word_1_161' title='bbox 682 1817 1019 1890; x_wconf 84' lang='lat' dir='ltr'>syllabarum</span> <span class='ocrx_word' id='word_1_162' title='bbox 1048 1817 1400 1873; x_wconf 88' lang='lat' dir='ltr'>distinctione</span> <span class='ocrx_word' id='word_1_163' title='bbox 1441 1817 1638 1873; x_wconf 89' lang='lat' dir='ltr'>eadem</span> <span class='ocrx_word' id='word_1_164' title='bbox 1679 1816 1821 1886; x_wconf 87' lang='lat' dir='ltr'>l&#39;ere,</span> <span class='ocrx_word' id='word_1_165' title='bbox 1853 1831 1995 1886; x_wconf 89' lang='lat' dir='ltr'>quae</span> <span class='ocrx_word' id='word_1_166' title='bbox 2021 1817 2201 1872; x_wconf 84' lang='lat' dir='ltr'>Latini</span> <span class='ocrx_word' id='word_1_167' title='bbox 2225 1824 2279 1871; x_wconf 90' lang='lat' dir='ltr'>et</span> <span class='ocrx_word' id='word_1_168' title='bbox 2306 1815 2522 1884; x_wconf 84' lang='lat' dir='ltr'>Graeci,</span> <span class='ocrx_word' id='word_1_169' title='bbox 2547 1822 2730 1870; x_wconf 89' lang='lat' dir='ltr'>metra</span> <span class='ocrx_word' id='word_1_170' title='bbox 2753 1822 2904 1884; x_wconf 84' lang='lat' dir='ltr'>atque</span> 
     </span>
     <span class='ocr_line' id='line_1_17' title="bbox 391 1899 2902 1974; baseline -0.002 -16"><span class='ocrx_word' id='word_1_171' title='bbox 391 1912 695 1960; x_wconf 84' lang='lat' dir='ltr'>metrorum</span> <span class='ocrx_word' id='word_1_172' title='bbox 732 1903 1031 1961; x_wconf 83' lang='lat' dir='ltr'>variatione</span> <span class='ocrx_word' id='word_1_173' title='bbox 1062 1904 1385 1962; x_wconf 80' lang='lat' dir='ltr'>artificiosas</span> <span class='ocrx_word' id='word_1_174' title='bbox 1420 1902 1678 1974; x_wconf 88' lang='lat' dir='ltr'>strophas</span> <span class='ocrx_word' id='word_1_175' title='bbox 1714 1903 2037 1959; x_wconf 83' lang='lat' dir='ltr'>efformasse</span> <span class='ocrx_word' id='word_1_176' title='bbox 2073 1901 2371 1959; x_wconf 88' lang='lat' dir='ltr'>dicendum</span> <span class='ocrx_word' id='word_1_177' title='bbox 2407 1909 2572 1958; x_wconf 88' lang='lat' dir='ltr'>esset.</span> <span class='ocrx_word' id='word_1_178' title='bbox 2614 1907 2692 1956; x_wconf 87' lang='lat' dir='ltr'>At</span> <span class='ocrx_word' id='word_1_179' title='bbox 2719 1899 2772 1956; x_wconf 91' lang='lat' dir='ltr'>in</span> <span class='ocrx_word' id='word_1_180' title='bbox 2813 1899 2902 1955; x_wconf 91' lang='lat' dir='ltr'>ho-</span> 
     </span>
     <span class='ocr_line' id='line_1_18' title="bbox 391 1987 2902 2064; baseline -0.002 -17"><span class='ocrx_word' id='word_1_181' title='bbox 391 1991 583 2047; x_wconf 88' lang='lat' dir='ltr'>dierno</span> <span class='ocrx_word' id='word_1_182' title='bbox 610 1992 805 2048; x_wconf 86' lang='lat' dir='ltr'>saltem</span> <span class='ocrx_word' id='word_1_183' title='bbox 834 2001 986 2048; x_wconf 89' lang='lat' dir='ltr'>textu</span> <span class='ocrx_word' id='word_1_184' title='bbox 1010 1991 1267 2048; x_wconf 86' lang='lat' dir='ltr'>hebraico</span> <span class='ocrx_word' id='word_1_185' title='bbox 1292 2007 1482 2047; x_wconf 85' lang='lat' dir='ltr'>versus</span> <span class='ocrx_word' id='word_1_186' title='bbox 1510 1995 1840 2064; x_wconf 74' lang='lat' dir='ltr'>quantitate</span> <span class='ocrx_word' id='word_1_187' title='bbox 1863 1998 1918 2047; x_wconf 81' lang='lat' dir='ltr'>et</span> <span class='ocrx_word' id='word_1_188' title='bbox 1947 2007 2221 2046; x_wconf 85' lang='lat' dir='ltr'>mensura</span> <span class='ocrx_word' id='word_1_189' title='bbox 2248 1989 2617 2062; x_wconf 74' lang='lat' dir='ltr'>syllabarum</span> <span class='ocrx_word' id='word_1_190' title='bbox 2639 2004 2756 2044; x_wconf 88' lang='lat' dir='ltr'>non</span> <span class='ocrx_word' id='word_1_191' title='bbox 2779 1987 2902 2059; x_wconf 83' lang='lat' dir='ltr'>regi,</span> 
     </span>
     <span class='ocr_line' id='line_1_19' title="bbox 392 2075 2904 2151; baseline -0.002 -18"><span class='ocrx_word' id='word_1_192' title='bbox 392 2087 611 2135; x_wconf 88' lang='lat' dir='ltr'>tantum</span> <span class='ocrx_word' id='word_1_193' title='bbox 636 2095 749 2136; x_wconf 88' lang='lat' dir='ltr'>non</span> <span class='ocrx_word' id='word_1_194' title='bbox 772 2079 1027 2135; x_wconf 90' lang='lat' dir='ltr'>omnibus</span> <span class='ocrx_word' id='word_1_195' title='bbox 1050 2095 1372 2150; x_wconf 87' lang='lat' dir='ltr'>persuasum</span> <span class='ocrx_word' id='word_1_196' title='bbox 1400 2087 1500 2134; x_wconf 86' lang='lat' dir='ltr'>est.</span> <span class='ocrx_word' id='word_1_197' title='bbox 1533 2079 1723 2151; x_wconf 89' lang='lat' dir='ltr'>Neque</span> <span class='ocrx_word' id='word_1_198' title='bbox 1750 2078 1830 2134; x_wconf 85' lang='lat' dir='ltr'>ab</span> <span class='ocrx_word' id='word_1_199' title='bbox 1859 2085 2095 2134; x_wconf 81' lang='lat' dir='ltr'>accentu</span> <span class='ocrx_word' id='word_1_200' title='bbox 2124 2077 2507 2148; x_wconf 75' lang='lat' dir='ltr'>syllabarum</span> <span class='ocrx_word' id='word_1_201' title='bbox 2529 2075 2687 2148; x_wconf 86' lang='lat' dir='ltr'>leges</span> <span class='ocrx_word' id='word_1_202' title='bbox 2715 2084 2904 2130; x_wconf 89' lang='lat' dir='ltr'>metro-</span> 
     </span>
     <span class='ocr_line' id='line_1_20' title="bbox 392 2163 2904 2239; baseline -0.003 -18"><span class='ocrx_word' id='word_1_203' title='bbox 392 2181 515 2222; x_wconf 88' lang='lat' dir='ltr'>rum</span> <span class='ocrx_word' id='word_1_204' title='bbox 546 2165 931 2222; x_wconf 87' lang='lat' dir='ltr'>hebraicorum</span> <span class='ocrx_word' id='word_1_205' title='bbox 973 2166 1215 2236; x_wconf 86' lang='lat' dir='ltr'>pendere</span> <span class='ocrx_word' id='word_1_206' title='bbox 1254 2165 1540 2233; x_wconf 86' lang='lat' dir='ltr'>videntur;</span> <span class='ocrx_word' id='word_1_207' title='bbox 1587 2167 1682 2239; x_wconf 90' lang='lat' dir='ltr'>qui</span> <span class='ocrx_word' id='word_1_208' title='bbox 1710 2166 1858 2222; x_wconf 89' lang='lat' dir='ltr'>enim</span> <span class='ocrx_word' id='word_1_209' title='bbox 1905 2164 2011 2222; x_wconf 89' lang='lat' dir='ltr'>hac</span> <span class='ocrx_word' id='word_1_210' title='bbox 2057 2165 2274 2221; x_wconf 86' lang='lat' dir='ltr'>ratione</span> <span class='ocrx_word' id='word_1_211' title='bbox 2315 2179 2504 2220; x_wconf 83' lang='lat' dir='ltr'>versus</span> <span class='ocrx_word' id='word_1_212' title='bbox 2549 2163 2904 2235; x_wconf 84' lang='lat' dir='ltr'>strophasqne</span> 
     </span>
     <span class='ocr_line' id='line_1_21' title="bbox 393 2251 2904 2327; baseline -0.003 -17"><span class='ocrx_word' id='word_1_213' title='bbox 393 2253 727 2327; x_wconf 88' lang='lat' dir='ltr'>distinguere</span> <span class='ocrx_word' id='word_1_214' title='bbox 764 2255 1083 2325; x_wconf 85' lang='lat' dir='ltr'>voluerunt,</span> <span class='ocrx_word' id='word_1_215' title='bbox 1120 2262 1217 2310; x_wconf 91' lang='lat' dir='ltr'>aut</span> <span class='ocrx_word' id='word_1_216' title='bbox 1245 2262 1457 2310; x_wconf 89' lang='lat' dir='ltr'>textum</span> <span class='ocrx_word' id='word_1_217' title='bbox 1492 2253 1953 2309; x_wconf 88' lang='lat' dir='ltr'>massorethicum</span> <span class='ocrx_word' id='word_1_218' title='bbox 1991 2253 2295 2308; x_wconf 87' lang='lat' dir='ltr'>innumeris</span> <span class='ocrx_word' id='word_1_219' title='bbox 2331 2251 2446 2306; x_wconf 80' lang='lat' dir='ltr'>fere</span> <span class='ocrx_word' id='word_1_220' title='bbox 2474 2252 2532 2306; x_wconf 89' lang='lat' dir='ltr'>in</span> <span class='ocrx_word' id='word_1_221' title='bbox 2564 2251 2708 2306; x_wconf 87' lang='lat' dir='ltr'>locis</span> <span class='ocrx_word' id='word_1_222' title='bbox 2739 2259 2904 2306; x_wconf 86' lang='lat' dir='ltr'>muta-</span> 
     </span>
     <span class='ocr_line' id='line_1_22' title="bbox 394 2337 2904 2413; baseline -0.002 -19"><span class='ocrx_word' id='word_1_223' title='bbox 394 2349 607 2409; x_wconf 90' lang='lat' dir='ltr'>verunt,</span> <span class='ocrx_word' id='word_1_224' title='bbox 639 2350 734 2396; x_wconf 89' lang='lat' dir='ltr'>aut</span> <span class='ocrx_word' id='word_1_225' title='bbox 768 2341 1201 2413; x_wconf 86' lang='lat' dir='ltr'>parallelismum</span> <span class='ocrx_word' id='word_1_226' title='bbox 1230 2356 1394 2411; x_wconf 87' lang='lat' dir='ltr'>saepe</span> <span class='ocrx_word' id='word_1_227' title='bbox 1435 2341 1826 2412; x_wconf 81' lang='lat' dir='ltr'>neglexerunt3</span> <span class='ocrx_word' id='word_1_228' title='bbox 1853 2348 2112 2395; x_wconf 88' lang='lat' dir='ltr'>neutrum</span> <span class='ocrx_word' id='word_1_229' title='bbox 2155 2348 2338 2394; x_wconf 89' lang='lat' dir='ltr'>autem</span> <span class='ocrx_word' id='word_1_230' title='bbox 2369 2339 2484 2393; x_wconf 88' lang='lat' dir='ltr'>iure</span> <span class='ocrx_word' id='word_1_231' title='bbox 2521 2337 2640 2392; x_wconf 76' lang='lat' dir='ltr'>fieri</span> <span class='ocrx_word' id='word_1_232' title='bbox 2685 2337 2904 2394; x_wconf 87' lang='lat' dir='ltr'>arbitra-</span> 
     </span>
     <span class='ocr_line' id='line_1_23' title="bbox 392 2424 2906 2502; baseline -0.003 -19"><span class='ocrx_word' id='word_1_233' title='bbox 392 2445 535 2483; x_wconf 89' lang='lat' dir='ltr'>mur.</span> <span class='ocrx_word' id='word_1_234' title='bbox 565 2429 819 2484; x_wconf 89' lang='lat' dir='ltr'>Ceterum</span> <span class='ocrx_word' id='word_1_235' title='bbox 854 2431 1084 2485; x_wconf 88' lang='lat' dir='ltr'>metrico</span> <span class='ocrx_word' id='word_1_236' title='bbox 1112 2429 1209 2485; x_wconf 92' lang='lat' dir='ltr'>illo</span> <span class='ocrx_word' id='word_1_237' title='bbox 1236 2428 1574 2502; x_wconf 80' lang='lat' dir='ltr'>syllabarum</span> <span class='ocrx_word' id='word_1_238' title='bbox 1605 2426 1887 2500; x_wconf 75' lang='lat' dir='ltr'>rhythmo,</span> <span class='ocrx_word' id='word_1_239' title='bbox 1932 2427 2024 2499; x_wconf 90' lang='lat' dir='ltr'>qui</span> <span class='ocrx_word' id='word_1_240' title='bbox 2063 2442 2224 2498; x_wconf 83' lang='lat' dir='ltr'>saepe</span> <span class='ocrx_word' id='word_1_241' title='bbox 2261 2424 2396 2481; x_wconf 89' lang='lat' dir='ltr'>nihil</span> <span class='ocrx_word' id='word_1_242' title='bbox 2434 2434 2517 2502; x_wconf 83' lang='lat' dir='ltr'>est</span> <span class='ocrx_word' id='word_1_243' title='bbox 2545 2424 2660 2480; x_wconf 88' lang='lat' dir='ltr'>nisi</span> <span class='ocrx_word' id='word_1_244' title='bbox 2695 2425 2906 2481; x_wconf 82' lang='lat' dir='ltr'>tinnitus</span> 
     </span>
     <span class='ocr_line' id='line_1_24' title="bbox 392 2511 2906 2588; baseline -0.002 -18"><span class='ocrx_word' id='word_1_245' title='bbox 392 2516 599 2584; x_wconf 80' lang='lat' dir='ltr'>inaniS,</span> <span class='ocrx_word' id='word_1_246' title='bbox 632 2515 788 2571; x_wconf 77' lang='lat' dir='ltr'>facile</span> <span class='ocrx_word' id='word_1_247' title='bbox 812 2533 1091 2583; x_wconf 81' lang='lat' dir='ltr'>caremuS,</span> <span class='ocrx_word' id='word_1_248' title='bbox 1121 2517 1164 2571; x_wconf 89' lang='lat' dir='ltr'>si</span> <span class='ocrx_word' id='word_1_249' title='bbox 1189 2515 1521 2588; x_wconf 82' lang='lat' dir='ltr'>perfectiore</span> <span class='ocrx_word' id='word_1_250' title='bbox 1552 2515 1649 2570; x_wconf 93' lang='lat' dir='ltr'>illo</span> <span class='ocrx_word' id='word_1_251' title='bbox 1677 2515 2074 2570; x_wconf 87' lang='lat' dir='ltr'>sententiarum</span> <span class='ocrx_word' id='word_1_252' title='bbox 2104 2513 2366 2586; x_wconf 88' lang='lat' dir='ltr'>rhythmo</span> <span class='ocrx_word' id='word_1_253' title='bbox 2395 2512 2705 2586; x_wconf 80' lang='lat' dir='ltr'>suppletur,</span> <span class='ocrx_word' id='word_1_254' title='bbox 2739 2512 2828 2586; x_wconf 91' lang='lat' dir='ltr'>qui</span> <span class='ocrx_word' id='word_1_255' title='bbox 2859 2511 2906 2564; x_wconf 91' lang='lat' dir='ltr'>in</span> 
     </span>
     <span class='ocr_line' id='line_1_25' title="bbox 390 2598 2903 2676; baseline -0.004 -17"><span class='ocrx_word' id='word_1_256' title='bbox 390 2602 557 2659; x_wconf 86' lang='lat' dir='ltr'>rebus</span> <span class='ocrx_word' id='word_1_257' title='bbox 594 2603 725 2676; x_wconf 86' lang='lat' dir='ltr'>ipsis</span> <span class='ocrx_word' id='word_1_258' title='bbox 764 2605 1001 2660; x_wconf 88' lang='lat' dir='ltr'>maxime</span> <span class='ocrx_word' id='word_1_259' title='bbox 1048 2612 1295 2659; x_wconf 88' lang='lat' dir='ltr'>versatur</span> <span class='ocrx_word' id='word_1_260' title='bbox 1341 2612 1507 2674; x_wconf 88' lang='lat' dir='ltr'>atque</span> <span class='ocrx_word' id='word_1_261' title='bbox 1545 2601 1618 2658; x_wconf 88' lang='lat' dir='ltr'>ad</span> <span class='ocrx_word' id='word_1_262' title='bbox 1663 2603 1914 2658; x_wconf 89' lang='lat' dir='ltr'>idearum</span> <span class='ocrx_word' id='word_1_263' title='bbox 1951 2601 2372 2672; x_wconf 87' lang='lat' dir='ltr'>explicationem</span> <span class='ocrx_word' id='word_1_264' title='bbox 2414 2599 2658 2654; x_wconf 87' lang='lat' dir='ltr'>multum</span> <span class='ocrx_word' id='word_1_265' title='bbox 2689 2598 2903 2656; x_wconf 78' lang='lat' dir='ltr'>confert.</span> 
     </span>
     <span class='ocr_line' id='line_1_26' title="bbox 390 2687 2906 2763; baseline -0.003 -17"><span class='ocrx_word' id='word_1_266' title='bbox 390 2693 581 2763; x_wconf 83' lang='lat' dir='ltr'>Neque</span> <span class='ocrx_word' id='word_1_267' title='bbox 616 2692 733 2748; x_wconf 89' lang='lat' dir='ltr'>sine</span> <span class='ocrx_word' id='word_1_268' title='bbox 766 2691 990 2763; x_wconf 88' lang='lat' dir='ltr'>speciali</span> <span class='ocrx_word' id='word_1_269' title='bbox 1026 2691 1127 2746; x_wconf 90' lang='lat' dir='ltr'>Dei</span> <span class='ocrx_word' id='word_1_270' title='bbox 1166 2690 1510 2762; x_wconf 84' lang='lat' dir='ltr'>providentia</span> <span class='ocrx_word' id='word_1_271' title='bbox 1551 2689 1756 2745; x_wconf 80' lang='lat' dir='ltr'>sactum</span> <span class='ocrx_word' id='word_1_272' title='bbox 1799 2688 2035 2755; x_wconf 83' lang='lat' dir='ltr'>videtur,</span> <span class='ocrx_word' id='word_1_273' title='bbox 2071 2697 2134 2744; x_wconf 91' lang='lat' dir='ltr'>ut</span> <span class='ocrx_word' id='word_1_274' title='bbox 2163 2703 2320 2744; x_wconf 87' lang='lat' dir='ltr'>sacra</span> <span class='ocrx_word' id='word_1_275' title='bbox 2353 2687 2447 2743; x_wconf 89' lang='lat' dir='ltr'>illa</span> <span class='ocrx_word' id='word_1_276' title='bbox 2475 2688 2756 2758; x_wconf 87' lang='lat' dir='ltr'>carmina,</span> <span class='ocrx_word' id='word_1_277' title='bbox 2783 2701 2906 2758; x_wconf 88' lang='lat' dir='ltr'>quae</span> 
     </span>
     <span class='ocr_line' id='line_1_27' title="bbox 390 2769 2904 2852; baseline -0.002 -20"><span class='ocrx_word' id='word_1_278' title='bbox 390 2778 644 2835; x_wconf 87' lang='lat' dir='ltr'>universo</span> <span class='ocrx_word' id='word_1_279' title='bbox 674 2779 859 2852; x_wconf 80' lang='lat' dir='ltr'>generi</span> <span class='ocrx_word' id='word_1_280' title='bbox 891 2778 1133 2834; x_wconf 89' lang='lat' dir='ltr'>humano</span> <span class='ocrx_word' id='word_1_281' title='bbox 1162 2786 1319 2834; x_wconf 89' lang='lat' dir='ltr'>erant</span> <span class='ocrx_word' id='word_1_282' title='bbox 1338 2777 1630 2842; x_wconf 82' lang='lat' dir='ltr'>destinata,</span> <span class='ocrx_word' id='word_1_283' title='bbox 1655 2793 1720 2834; x_wconf 90' lang='lat' dir='ltr'>eo</span> <span class='ocrx_word' id='word_1_284' title='bbox 1744 2775 1991 2848; x_wconf 88' lang='lat' dir='ltr'>rhythmi</span> <span class='ocrx_word' id='word_1_285' title='bbox 2011 2791 2212 2848; x_wconf 86' lang='lat' dir='ltr'>genere</span> <span class='ocrx_word' id='word_1_286' title='bbox 2239 2775 2749 2842; x_wconf 87' lang='lat' dir='ltr'>conscriberentur,</span> <span class='ocrx_word' id='word_1_287' title='bbox 2775 2769 2904 2845; x_wconf 88' lang='lat' dir='ltr'>quod</span> 
     </span>
     <span class='ocr_line' id='line_1_28' title="bbox 390 2861 2906 2933; baseline -0.002 -13"><span class='ocrx_word' id='word_1_288' title='bbox 390 2867 447 2921; x_wconf 89' lang='lat' dir='ltr'>in</span> <span class='ocrx_word' id='word_1_289' title='bbox 475 2867 627 2921; x_wconf 91' lang='lat' dir='ltr'>omni</span> <span class='ocrx_word' id='word_1_290' title='bbox 650 2867 900 2922; x_wconf 87' lang='lat' dir='ltr'>versione</span> <span class='ocrx_word' id='word_1_291' title='bbox 931 2865 1089 2922; x_wconf 77' lang='lat' dir='ltr'>facile</span> <span class='ocrx_word' id='word_1_292' title='bbox 1126 2866 1422 2933; x_wconf 76' lang='lat' dir='ltr'>retinetur3</span> <span class='ocrx_word' id='word_1_293' title='bbox 1456 2880 1682 2930; x_wconf 83' lang='lat' dir='ltr'>carmen</span> <span class='ocrx_word' id='word_1_294' title='bbox 1711 2865 1858 2920; x_wconf 89' lang='lat' dir='ltr'>enim</span> <span class='ocrx_word' id='word_1_295' title='bbox 1894 2863 2247 2933; x_wconf 85' lang='lat' dir='ltr'>hebraicum,</span> <span class='ocrx_word' id='word_1_296' title='bbox 2279 2863 2386 2918; x_wconf 88' lang='lat' dir='ltr'>etsi</span> <span class='ocrx_word' id='word_1_297' title='bbox 2424 2862 2606 2918; x_wconf 84' lang='lat' dir='ltr'>aliena</span> <span class='ocrx_word' id='word_1_298' title='bbox 2642 2862 2706 2918; x_wconf 88' lang='lat' dir='ltr'>in</span> <span class='ocrx_word' id='word_1_299' title='bbox 2739 2861 2906 2931; x_wconf 79' lang='lat' dir='ltr'>lingua</span> 
     </span>
     <span class='ocr_line' id='line_1_29' title="bbox 392 2949 2905 3024; baseline -0.003 -16"><span class='ocrx_word' id='word_1_300' title='bbox 392 2954 640 3010; x_wconf 88' lang='lat' dir='ltr'>oratione</span> <span class='ocrx_word' id='word_1_301' title='bbox 672 2954 853 3009; x_wconf 88' lang='lat' dir='ltr'>soluta</span> <span class='ocrx_word' id='word_1_302' title='bbox 880 2952 1164 3022; x_wconf 88' lang='lat' dir='ltr'>reddatur,</span> <span class='ocrx_word' id='word_1_303' title='bbox 1197 2952 1573 3024; x_wconf 87' lang='lat' dir='ltr'>rhythmicam</span> <span class='ocrx_word' id='word_1_304' title='bbox 1610 2967 1769 3007; x_wconf 91' lang='lat' dir='ltr'>suam</span> <span class='ocrx_word' id='word_1_305' title='bbox 1797 2959 2164 3020; x_wconf 87' lang='lat' dir='ltr'>structuram,</span> <span class='ocrx_word' id='word_1_306' title='bbox 2191 2956 2513 3005; x_wconf 83' lang='lat' dir='ltr'>remanente</span> <span class='ocrx_word' id='word_1_307' title='bbox 2549 2949 2761 3022; x_wconf 85' lang='lat' dir='ltr'>quippe</span> <span class='ocrx_word' id='word_1_308' title='bbox 2793 2961 2905 3004; x_wconf 85' lang='lat' dir='ltr'>sen·</span> 
     </span>
     <span class='ocr_line' id='line_1_30' title="bbox 390 3040 1711 3114; baseline -0.001 -20"><span class='ocrx_word' id='word_1_309' title='bbox 390 3041 689 3096; x_wconf 89' lang='lat' dir='ltr'>tentiarum</span> <span class='ocrx_word' id='word_1_310' title='bbox 716 3040 897 3096; x_wconf 89' lang='lat' dir='ltr'>forma</span> <span class='ocrx_word' id='word_1_311' title='bbox 914 3083 929 3110; x_wconf 89' lang='lat'>,</span> <span class='ocrx_word' id='word_1_312' title='bbox 960 3041 1236 3114; x_wconf 84' lang='lat' dir='ltr'>integram</span> <span class='ocrx_word' id='word_1_313' title='bbox 1262 3040 1375 3096; x_wconf 87' lang='lat' dir='ltr'>l&#39;ere</span> <span class='ocrx_word' id='word_1_314' title='bbox 1399 3047 1711 3095; x_wconf 86' lang='lat' dir='ltr'>conservat.</span> 
     </span>
    </p>
   </div>
   <div class='ocr_carea' id='block_1_5' title="bbox 388 3181 2906 3952">
    <p class='ocr_par' dir='ltr' id='par_1_6' title="bbox 390 3181 2906 3468">
     <span class='ocr_line' id='line_1_31' title="bbox 469 3181 2906 3276; baseline -0.003 -18"><span class='ocrx_word' id='word_1_315' title='bbox 469 3201 527 3258; x_wconf 90' lang='lat'>3.</span> <span class='ocrx_word' id='word_1_316' title='bbox 552 3198 798 3258; x_wconf 85' lang='lat' dir='ltr'>-Tres</span> <span class='ocrx_word' id='word_1_317' title='bbox 844 3181 1309 3276; x_wconf 83' lang='lat' dir='ltr'>distinguuntur</span> <span class='ocrx_word' id='word_1_318' title='bbox 1350 3197 1755 3274; x_wconf 87' lang='lat' dir='ltr'>parallelismi</span> <span class='ocrx_word' id='word_1_319' title='bbox 1801 3195 2032 3274; x_wconf 89' lang='lat' dir='ltr'>poetici</span> <span class='ocrx_word' id='word_1_320' title='bbox 2086 3195 2360 3272; x_wconf 75' lang='lat' dir='ltr'>specieS‚</span> <span class='ocrx_word' id='word_1_321' title='bbox 2408 3201 2593 3271; x_wconf 90' lang='lat' dir='ltr'>prout</span> <span class='ocrx_word' id='word_1_322' title='bbox 2635 3195 2906 3254; x_wconf 80' lang='lat' dir='ltr'>membra</span> 
     </span>
     <span class='ocr_line' id='line_1_32' title="bbox 392 3291 2904 3372; baseline -0.004 -18"><span class='ocrx_word' id='word_1_323' title='bbox 392 3295 677 3354; x_wconf 85' lang='lat' dir='ltr'>eiusdem</span> <span class='ocrx_word' id='word_1_324' title='bbox 706 3295 949 3372; x_wconf 89' lang='lat' dir='ltr'>periodi</span> <span class='ocrx_word' id='word_1_325' title='bbox 981 3295 1189 3355; x_wconf 89' lang='lat' dir='ltr'>ideam</span> <span class='ocrx_word' id='word_1_326' title='bbox 1214 3294 1488 3371; x_wconf 89' lang='lat' dir='ltr'>aliquam</span> <span class='ocrx_word' id='word_1_327' title='bbox 1518 3298 1626 3353; x_wconf 85' lang='lat' dir='ltr'>aut</span> <span class='ocrx_word' id='word_1_328' title='bbox 1654 3293 2029 3371; x_wconf 88' lang='lat' dir='ltr'>repetitione</span> <span class='ocrx_word' id='word_1_329' title='bbox 2059 3291 2366 3369; x_wconf 75' lang='lat' dir='ltr'>explicant</span> <span class='ocrx_word' id='word_1_330' title='bbox 2391 3293 2496 3350; x_wconf 88' lang='lat' dir='ltr'>aut</span> <span class='ocrx_word' id='word_1_331' title='bbox 2522 3291 2904 3368; x_wconf 79' lang='lat' dir='ltr'>oppositione</span> 
     </span>
     <span class='ocr_line' id='line_1_33' title="bbox 390 3391 2134 3468; baseline -0.002 -18"><span class='ocrx_word' id='word_1_332' title='bbox 390 3392 700 3452; x_wconf 81' lang='lat' dir='ltr'>elucidant</span> <span class='ocrx_word' id='word_1_333' title='bbox 728 3396 841 3452; x_wconf 87' lang='lat' dir='ltr'>aut</span> <span class='ocrx_word' id='word_1_334' title='bbox 865 3393 1058 3451; x_wconf 87' lang='lat' dir='ltr'>altera</span> <span class='ocrx_word' id='word_1_335' title='bbox 1088 3391 1304 3452; x_wconf 90' lang='lat' dir='ltr'>addita</span> <span class='ocrx_word' id='word_1_336' title='bbox 1332 3394 1691 3451; x_wconf 78' lang='lat' dir='ltr'>continuant</span> <span class='ocrx_word' id='word_1_337' title='bbox 1718 3391 2134 3468; x_wconf 79' lang='lat' dir='ltr'>complentque.</span> 
     </span>
    </p>

    <p class='ocr_par' dir='ltr' id='par_1_7' title="bbox 388 3481 2904 3952">
     <span class='ocr_line' id='line_1_34' title="bbox 468 3481 2904 3565; baseline -0.003 -19"><span class='ocrx_word' id='word_1_338' title='bbox 468 3487 925 3548; x_wconf 76' lang='lat' dir='ltr'>Paraltelismus</span> <span class='ocrx_word' id='word_1_339' title='bbox 950 3505 1316 3565; x_wconf 75' lang='lat' dir='ltr'>synonymus</span> <span class='ocrx_word' id='word_1_340' title='bbox 1348 3487 1610 3548; x_wconf 87' lang='lat' dir='ltr'>eandem</span> <span class='ocrx_word' id='word_1_341' title='bbox 1643 3487 1848 3546; x_wconf 84' lang='lat' dir='ltr'>ideam</span> <span class='ocrx_word' id='word_1_342' title='bbox 1889 3485 1984 3545; x_wconf 89' lang='lat' dir='ltr'>bis</span> <span class='ocrx_word' id='word_1_343' title='bbox 2021 3488 2195 3544; x_wconf 84' lang='lat' dir='ltr'>terve</span> <span class='ocrx_word' id='word_1_344' title='bbox 2232 3481 2553 3544; x_wconf 86' lang='lat' dir='ltr'>vocabulis</span> <span class='ocrx_word' id='word_1_345' title='bbox 2589 3483 2764 3544; x_wconf 87' lang='lat' dir='ltr'>idem</span> <span class='ocrx_word' id='word_1_346' title='bbox 2794 3483 2904 3541; x_wconf 83' lang='lat' dir='ltr'>sere</span> 
     </span>
     <span class='ocr_line' id='line_1_35' title="bbox 391 3579 2904 3662; baseline -0.004 -19"><span class='ocrx_word' id='word_1_347' title='bbox 391 3584 885 3662; x_wconf 86' lang='lat' dir='ltr'>significantibus</span> <span class='ocrx_word' id='word_1_348' title='bbox 928 3585 1015 3644; x_wconf 88' lang='lat' dir='ltr'>ita</span> <span class='ocrx_word' id='word_1_349' title='bbox 1058 3584 1381 3662; x_wconf 85' lang='lat' dir='ltr'>exprimit,</span> <span class='ocrx_word' id='word_1_350' title='bbox 1423 3588 1494 3644; x_wconf 86' lang='lat' dir='ltr'>ut</span> <span class='ocrx_word' id='word_1_351' title='bbox 1529 3584 1798 3643; x_wconf 87' lang='lat' dir='ltr'>alterum</span> <span class='ocrx_word' id='word_1_352' title='bbox 1841 3579 2198 3642; x_wconf 81' lang='lat' dir='ltr'>membrum</span> <span class='ocrx_word' id='word_1_353' title='bbox 2237 3579 2433 3658; x_wconf 89' lang='lat' dir='ltr'>priori</span> <span class='ocrx_word' id='word_1_354' title='bbox 2467 3583 2574 3640; x_wconf 85' lang='lat' dir='ltr'>aut</span> <span class='ocrx_word' id='word_1_355' title='bbox 2605 3579 2904 3657; x_wconf 84' lang='lat' dir='ltr'>integrum</span> 
     </span>
     <span class='ocr_line' id='line_1_36' title="bbox 388 3674 2900 3759; baseline -0.005 -17"><span class='ocrx_word' id='word_1_356' title='bbox 388 3685 496 3742; x_wconf 89' lang='lat' dir='ltr'>aut</span> <span class='ocrx_word' id='word_1_357' title='bbox 528 3698 604 3742; x_wconf 86' lang='lat' dir='ltr'>ex</span> <span class='ocrx_word' id='word_1_358' title='bbox 629 3685 803 3759; x_wconf 86' lang='lat' dir='ltr'>parte</span> <span class='ocrx_word' id='word_1_359' title='bbox 842 3686 1169 3756; x_wconf 89' lang='lat' dir='ltr'>consonet;</span> <span class='ocrx_word' id='word_1_360' title='bbox 1212 3697 1415 3757; x_wconf 88' lang='lat' dir='ltr'>neque</span> <span class='ocrx_word' id='word_1_361' title='bbox 1450 3685 1662 3742; x_wconf 83' lang='lat' dir='ltr'>tamen</span> <span class='ocrx_word' id='word_1_362' title='bbox 1703 3678 1856 3739; x_wconf 87' lang='lat' dir='ltr'>haec</span> <span class='ocrx_word' id='word_1_363' title='bbox 1888 3675 2182 3756; x_wconf 86' lang='lat' dir='ltr'>repetitio</span> <span class='ocrx_word' id='word_1_364' title='bbox 2211 3693 2387 3737; x_wconf 88' lang='lat' dir='ltr'>mera</span> <span class='ocrx_word' id='word_1_365' title='bbox 2416 3680 2512 3736; x_wconf 89' lang='lat' dir='ltr'>est</span> <span class='ocrx_word' id='word_1_366' title='bbox 2547 3674 2900 3751; x_wconf 84' lang='lat' dir='ltr'>tautologia,</span> 
     </span>
     <span class='ocr_line' id='line_1_37' title="bbox 390 3771 2900 3855; baseline -0.004 -18"><span class='ocrx_word' id='word_1_367' title='bbox 390 3777 704 3855; x_wconf 91' lang='lat' dir='ltr'>siquidem</span> <span class='ocrx_word' id='word_1_368' title='bbox 731 3779 987 3837; x_wconf 88' lang='lat' dir='ltr'>mutatis</span> <span class='ocrx_word' id='word_1_369' title='bbox 1020 3777 1345 3838; x_wconf 80' lang='lat' dir='ltr'>vocabulis</span> <span class='ocrx_word' id='word_1_370' title='bbox 1375 3777 1755 3838; x_wconf 86' lang='lat' dir='ltr'>sententiam</span> <span class='ocrx_word' id='word_1_371' title='bbox 1799 3776 2126 3836; x_wconf 82' lang='lat' dir='ltr'>clariorem</span> <span class='ocrx_word' id='word_1_372' title='bbox 2157 3771 2370 3832; x_wconf 88' lang='lat' dir='ltr'>reddit</span> <span class='ocrx_word' id='word_1_373' title='bbox 2403 3775 2590 3849; x_wconf 87' lang='lat' dir='ltr'>atque</span> <span class='ocrx_word' id='word_1_374' title='bbox 2620 3771 2900 3849; x_wconf 80' lang='lat' dir='ltr'>frequen·</span> 
     </span>
     <span class='ocr_line' id='line_1_38' title="bbox 390 3872 1393 3952; baseline 0 -18"><span class='ocrx_word' id='word_1_375' title='bbox 390 3879 484 3934; x_wconf 90' lang='lat' dir='ltr'>ter</span> <span class='ocrx_word' id='word_1_376' title='bbox 514 3872 707 3934; x_wconf 90' lang='lat' dir='ltr'>etiam</span> <span class='ocrx_word' id='word_1_377' title='bbox 734 3878 918 3951; x_wconf 89' lang='lat' dir='ltr'>auget</span> <span class='ocrx_word' id='word_1_378' title='bbox 942 3878 1006 3934; x_wconf 91' lang='lat' dir='ltr'>et</span> <span class='ocrx_word' id='word_1_379' title='bbox 1032 3874 1393 3952; x_wconf 85' lang='lat' dir='ltr'>amplificat.</span> 
     </span>
    </p>
   </div>
   <div class='ocr_carea' id='block_1_6' title="bbox 384 3984 2900 4678">
    <p class='ocr_par' dir='ltr' id='par_1_8' title="bbox 384 3984 2900 4678">
     <span class='ocr_line' id='line_1_39' title="bbox 458 3984 2900 4064; baseline -0.006 -14"><span class='ocrx_word' id='word_1_380' title='bbox 458 3993 622 4050; x_wconf 84' lang='lat' dir='ltr'>Haud</span> <span class='ocrx_word' id='word_1_381' title='bbox 666 4009 831 4064; x_wconf 79' lang='lat' dir='ltr'>parva</span> <span class='ocrx_word' id='word_1_382' title='bbox 880 4005 962 4051; x_wconf 88' lang='lat' dir='ltr'>est</span> <span class='ocrx_word' id='word_1_383' title='bbox 1002 3995 1060 4049; x_wconf 90' lang='lat' dir='ltr'>in</span> <span class='ocrx_word' id='word_1_384' title='bbox 1102 3995 1265 4049; x_wconf 87' lang='lat' dir='ltr'>huius</span> <span class='ocrx_word' id='word_1_385' title='bbox 1311 3993 1665 4064; x_wconf 87' lang='lat' dir='ltr'>parallelismi</span> <span class='ocrx_word' id='word_1_386' title='bbox 1707 4007 1811 4048; x_wconf 90' lang='lat' dir='ltr'>usu</span> <span class='ocrx_word' id='word_1_387' title='bbox 1859 3991 2120 4059; x_wconf 88' lang='lat' dir='ltr'>varietas;</span> <span class='ocrx_word' id='word_1_388' title='bbox 2161 3988 2485 4059; x_wconf 87' lang='lat' dir='ltr'>plerumque</span> <span class='ocrx_word' id='word_1_389' title='bbox 2531 3986 2758 4059; x_wconf 87' lang='lat' dir='ltr'>quidem</span> <span class='ocrx_word' id='word_1_390' title='bbox 2803 3984 2900 4040; x_wconf 86' lang='lat' dir='ltr'>duo</span> 
     </span>
     <span class='ocr_line' id='line_1_40' title="bbox 387 4073 2899 4154; baseline -0.004 -18"><span class='ocrx_word' id='word_1_391' title='bbox 387 4083 635 4138; x_wconf 85' lang='lat' dir='ltr'>membra</span> <span class='ocrx_word' id='word_1_392' title='bbox 672 4097 971 4154; x_wconf 88' lang='lat' dir='ltr'>synonyma</span> <span class='ocrx_word' id='word_1_393' title='bbox 1001 4083 1430 4153; x_wconf 88' lang='lat' dir='ltr'>coniunguntur,</span> <span class='ocrx_word' id='word_1_394' title='bbox 1460 4081 1558 4137; x_wconf 92' lang='lat' dir='ltr'>sed</span> <span class='ocrx_word' id='word_1_395' title='bbox 1585 4081 1715 4136; x_wconf 90' lang='lat' dir='ltr'>satis</span> <span class='ocrx_word' id='word_1_396' title='bbox 1750 4079 2068 4150; x_wconf 68' lang='lat' dir='ltr'>Frequenter</span> <span class='ocrx_word' id='word_1_397' title='bbox 2101 4076 2269 4132; x_wconf 88' lang='lat' dir='ltr'>etiam</span> <span class='ocrx_word' id='word_1_398' title='bbox 2296 4076 2404 4131; x_wconf 85' lang='lat' dir='ltr'>tria</span> <span class='ocrx_word' id='word_1_399' title='bbox 2435 4083 2531 4130; x_wconf 88' lang='lat' dir='ltr'>aut</span> <span class='ocrx_word' id='word_1_400' title='bbox 2559 4085 2814 4146; x_wconf 88' lang='lat' dir='ltr'>quatuor.</span> <span class='ocrx_word' id='word_1_401' title='bbox 2845 4073 2899 4125; x_wconf 90' lang='lat' dir='ltr'>ln</span> 
     </span>
     <span class='ocr_line' id='line_1_41' title="bbox 386 4161 2898 4238; baseline -0.004 -14"><span class='ocrx_word' id='word_1_402' title='bbox 386 4169 649 4224; x_wconf 87' lang='lat' dir='ltr'>tristichis</span> <span class='ocrx_word' id='word_1_403' title='bbox 673 4169 952 4226; x_wconf 90' lang='lat' dir='ltr'>interdum</span> <span class='ocrx_word' id='word_1_404' title='bbox 978 4170 1162 4224; x_wconf 93' lang='lat' dir='ltr'>omnia</span> <span class='ocrx_word' id='word_1_405' title='bbox 1191 4170 1297 4224; x_wconf 87' lang='lat' dir='ltr'>tria</span> <span class='ocrx_word' id='word_1_406' title='bbox 1320 4169 1571 4224; x_wconf 90' lang='lat' dir='ltr'>membra</span> <span class='ocrx_word' id='word_1_407' title='bbox 1596 4167 1822 4223; x_wconf 90' lang='lat' dir='ltr'>omnino</span> <span class='ocrx_word' id='word_1_408' title='bbox 1851 4174 1980 4222; x_wconf 87' lang='lat' dir='ltr'>sunt</span> <span class='ocrx_word' id='word_1_409' title='bbox 2003 4177 2306 4238; x_wconf 88' lang='lat' dir='ltr'>synonyma</span> <span class='ocrx_word' id='word_1_410' title='bbox 2323 4207 2338 4232; x_wconf 92' lang='lat'>‚</span> <span class='ocrx_word' id='word_1_411' title='bbox 2365 4161 2646 4219; x_wconf 85' lang='lat' dir='ltr'>interdum</span> <span class='ocrx_word' id='word_1_412' title='bbox 2677 4161 2898 4234; x_wconf 86' lang='lat' dir='ltr'>primum</span> 
     </span>
     <span class='ocr_line' id='line_1_42' title="bbox 390 4242 2896 4328; baseline -0.003 -17"><span class='ocrx_word' id='word_1_413' title='bbox 390 4258 475 4313; x_wconf 81' lang='lat' dir='ltr'>vel</span> <span class='ocrx_word' id='word_1_414' title='bbox 501 4257 725 4313; x_wconf 87' lang='lat' dir='ltr'>tertium</span> <span class='ocrx_word' id='word_1_415' title='bbox 751 4257 829 4314; x_wconf 91' lang='lat' dir='ltr'>ita</span> <span class='ocrx_word' id='word_1_416' title='bbox 855 4256 1193 4328; x_wconf 86' lang='lat' dir='ltr'>respondent</span> <span class='ocrx_word' id='word_1_417' title='bbox 1216 4255 1433 4312; x_wconf 89' lang='lat' dir='ltr'>duobus</span> <span class='ocrx_word' id='word_1_418' title='bbox 1461 4257 1602 4323; x_wconf 77' lang='lat' dir='ltr'>aliiS,</span> <span class='ocrx_word' id='word_1_419' title='bbox 1628 4265 1690 4310; x_wconf 91' lang='lat' dir='ltr'>ut</span> <span class='ocrx_word' id='word_1_420' title='bbox 1713 4255 1849 4311; x_wconf 87' lang='lat' dir='ltr'>haec</span> <span class='ocrx_word' id='word_1_421' title='bbox 1879 4253 2046 4310; x_wconf 88' lang='lat' dir='ltr'>simul</span> <span class='ocrx_word' id='word_1_422' title='bbox 2069 4260 2252 4309; x_wconf 87' lang='lat' dir='ltr'>sumta</span> <span class='ocrx_word' id='word_1_423' title='bbox 2275 4250 2610 4323; x_wconf 85' lang='lat' dir='ltr'>completam</span> <span class='ocrx_word' id='word_1_424' title='bbox 2637 4249 2800 4321; x_wconf 89' lang='lat' dir='ltr'>primi</span> <span class='ocrx_word' id='word_1_425' title='bbox 2825 4242 2896 4300; x_wconf 78' lang='lat' dir='ltr'>vel</span> 
     </span>
     <span class='ocr_line' id='line_1_43' title="bbox 386 4338 2896 4415; baseline -0.005 -15"><span class='ocrx_word' id='word_1_426' title='bbox 386 4345 533 4400; x_wconf 88' lang='lat' dir='ltr'>tertii</span> <span class='ocrx_word' id='word_1_427' title='bbox 559 4345 719 4401; x_wconf 88' lang='lat' dir='ltr'>stichi</span> <span class='ocrx_word' id='word_1_428' title='bbox 750 4345 1083 4401; x_wconf 89' lang='lat' dir='ltr'>seutentiam</span> <span class='ocrx_word' id='word_1_429' title='bbox 1110 4343 1602 4415; x_wconf 88' lang='lat' dir='ltr'>comprehendant.</span> <span class='ocrx_word' id='word_1_430' title='bbox 1637 4344 1704 4398; x_wconf 90' lang='lat' dir='ltr'>In</span> <span class='ocrx_word' id='word_1_431' title='bbox 1730 4340 2069 4398; x_wconf 88' lang='lat' dir='ltr'>tetrastichis</span> <span class='ocrx_word' id='word_1_432' title='bbox 2095 4355 2224 4396; x_wconf 90' lang='lat' dir='ltr'>raro</span> <span class='ocrx_word' id='word_1_433' title='bbox 2255 4338 2442 4395; x_wconf 90' lang='lat' dir='ltr'>omnia</span> <span class='ocrx_word' id='word_1_434' title='bbox 2469 4347 2708 4410; x_wconf 88' lang='lat' dir='ltr'>quatuor</span> <span class='ocrx_word' id='word_1_435' title='bbox 2733 4348 2896 4392; x_wconf 87' lang='lat' dir='ltr'>mem-</span> 
     </span>
     <span class='ocr_line' id='line_1_44' title="bbox 386 4427 2896 4506; baseline -0.006 -20"><span class='ocrx_word' id='word_1_436' title='bbox 386 4431 485 4487; x_wconf 89' lang='lat' dir='ltr'>bra</span> <span class='ocrx_word' id='word_1_437' title='bbox 518 4443 646 4488; x_wconf 91' lang='lat' dir='ltr'>sunt</span> <span class='ocrx_word' id='word_1_438' title='bbox 670 4449 999 4506; x_wconf 85' lang='lat' dir='ltr'>synonyma;</span> <span class='ocrx_word' id='word_1_439' title='bbox 1028 4433 1353 4505; x_wconf 90' lang='lat' dir='ltr'>plerumque</span> <span class='ocrx_word' id='word_1_440' title='bbox 1381 4431 1491 4486; x_wconf 90' lang='lat' dir='ltr'>duo</span> <span class='ocrx_word' id='word_1_441' title='bbox 1521 4430 1757 4487; x_wconf 85' lang='lat' dir='ltr'>disticha</span> <span class='ocrx_word' id='word_1_442' title='bbox 1796 4445 2099 4502; x_wconf 90' lang='lat' dir='ltr'>synonyma</span> <span class='ocrx_word' id='word_1_443' title='bbox 2137 4429 2214 4484; x_wconf 88' lang='lat' dir='ltr'>ita</span> <span class='ocrx_word' id='word_1_444' title='bbox 2253 4427 2686 4498; x_wconf 84' lang='lat' dir='ltr'>coniunguntur,</span> <span class='ocrx_word' id='word_1_445' title='bbox 2721 4433 2776 4479; x_wconf 91' lang='lat' dir='ltr'>ut</span> <span class='ocrx_word' id='word_1_446' title='bbox 2813 4427 2896 4476; x_wconf 87' lang='lat' dir='ltr'>aut</span> 
     </span>
     <span class='ocr_line' id='line_1_45' title="bbox 384 4514 2892 4592; baseline -0.004 -19"><span class='ocrx_word' id='word_1_447' title='bbox 384 4519 627 4590; x_wconf 89' lang='lat' dir='ltr'>primum</span> <span class='ocrx_word' id='word_1_448' title='bbox 655 4521 965 4577; x_wconf 88' lang='lat' dir='ltr'>membrum</span> <span class='ocrx_word' id='word_1_449' title='bbox 990 4520 1182 4588; x_wconf 85' lang='lat' dir='ltr'>tertio,</span> <span class='ocrx_word' id='word_1_450' title='bbox 1223 4527 1278 4592; x_wconf 78' lang='lat' dir='ltr'>et</span> <span class='ocrx_word' id='word_1_451' title='bbox 1304 4517 1608 4574; x_wconf 89' lang='lat' dir='ltr'>secundum</span> <span class='ocrx_word' id='word_1_452' title='bbox 1637 4527 1834 4590; x_wconf 90' lang='lat' dir='ltr'>quarto</span> <span class='ocrx_word' id='word_1_453' title='bbox 1863 4515 2249 4588; x_wconf 84' lang='lat' dir='ltr'>respondeant,</span> <span class='ocrx_word' id='word_1_454' title='bbox 2295 4523 2390 4570; x_wconf 90' lang='lat' dir='ltr'>aut</span> <span class='ocrx_word' id='word_1_455' title='bbox 2429 4514 2672 4584; x_wconf 84' lang='lat' dir='ltr'>primum</span> <span class='ocrx_word' id='word_1_456' title='bbox 2713 4516 2892 4582; x_wconf 80' lang='lat' dir='ltr'>quarto</span> 
     </span>
     <span class='ocr_line' id='line_1_46' title="bbox 386 4595 2892 4678; baseline -0.006 -16"><span class='ocrx_word' id='word_1_457' title='bbox 386 4616 442 4662; x_wconf 90' lang='lat' dir='ltr'>et</span> <span class='ocrx_word' id='word_1_458' title='bbox 478 4607 778 4662; x_wconf 86' lang='lat' dir='ltr'>secundum</span> <span class='ocrx_word' id='word_1_459' title='bbox 810 4607 973 4662; x_wconf 88' lang='lat' dir='ltr'>tertio</span> <span class='ocrx_word' id='word_1_460' title='bbox 1010 4615 1331 4662; x_wconf 88' lang='lat' dir='ltr'>consonent.</span> <span class='ocrx_word' id='word_1_461' title='bbox 1360 4605 1594 4662; x_wconf 87' lang='lat' dir='ltr'>Distichi</span> <span class='ocrx_word' id='word_1_462' title='bbox 1635 4606 1926 4678; x_wconf 78' lang='lat' dir='ltr'>synonymi</span> <span class='ocrx_word' id='word_1_463' title='bbox 1955 4605 2206 4677; x_wconf 86' lang='lat' dir='ltr'>exempla</span> <span class='ocrx_word' id='word_1_464' title='bbox 2235 4601 2674 4673; x_wconf 81' lang='lat' dir='ltr'>frequentissima</span> <span class='ocrx_word' id='word_1_465' title='bbox 2701 4595 2892 4654; x_wconf 87' lang='lat' dir='ltr'>suntin</span> 
     </span>
    </p>
   </div>
   <div class='ocr_carea' id='block_1_7' title="bbox 3021 0 3029 4442">
    <p class='ocr_par' dir='ltr' id='par_1_9' title="bbox 3021 0 3029 4442">
     <span class='ocr_line' id='line_1_47' title="bbox 3021 0 3029 4442; baseline 0 0"><span class='ocrx_word' id='word_1_466' title='bbox 3021 0 3029 4442; x_wconf 95' lang='lat' dir='ltr'> </span> 
     </span>
    </p>
   </div>
  </div>
 </body>
</html>
