3050 5184
343 268 458 327 1116
667 285 826 328 uter.
857 284 1200 327 vensioxtx
1229 283 1288 327 t.
1321 284 1384 326 r.
1411 301 1496 311 --
1519 285 1655 328 mr.
1686 287 1749 327 τ.
1778 287 1857 329 nn
1882 286 2051 329 vm.
2080 288 2217 331 ur.
2246 288 2537 333 τιτιωτᾼ.

337 412 604 485 dirim,
641 422 814 487 atque
845 416 1130 471 innuistis
1155 430 1410 487 quoque,
1441 417 1502 471 S.
1540 416 1945 489 Hieronymum
1978 420 2193 475 i—
2220 436 2255 474 a
2288 423 2347 476 S.
2378 423 2617 477 Damaso
2658 422 2933 477 Romae

341 501 990 559 muerannetxom
1029 506 1184 557 Test.
1221 501 1775 569 adgraeamiidun
1812 521 2129 574 revocasse,
2162 508 2535 563 institutam
2562 516 2773 564 autem
2804 524 2927 564 re-

339 589 2445 667 vemminoegmmvameadhexaptaremtemmreemfinesn.
2470 596 2519 650 1.
2538 612 2594 665 p.
2610 601 2922 673 908qu

337 675 548 745 Quibus
585 692 702 733 non
731 686 1056 744 contentus,
1093 698 1118 729 ι
1155 686 1220 732 ut
1251 693 1386 733 suae
1415 678 1637 750 linguae
1668 679 2181 750 houiinessdrent,
2216 682 2353 754 quid
2388 681 2645 738 hebraica
2672 682 2925 737 veritas

337 764 718 829 cuminam»,
747 767 804 821 S
835 767 1046 820 Doetor
1073 780 1144 821 ex
1181 766 1301 837 ipso
1331 765 1775 822 textuhebraieo
1800 783 2003 823 noram
2028 768 2921 839 protooenonieorumlibronun

339 852 646 907 versionem
679 867 1004 923 comparare
1041 854 1236 909 statuit
1269 852 1364 923 (ad
1396 857 1547 925 Aug.
1588 870 1679 925 ep.
1722 856 1973 927 112.2o);
2020 872 2077 911 a.
2120 862 2245 913 389.
2284 858 2453 929 igiun·
2484 858 2543 912 in
2580 856 2918 913 bethlehe-

337 938 522 995 mitiae
545 954 644 995 ma
671 939 970 997 solitudine
991 940 1200 997 alibris
1221 942 1444 1007 Regum
1473 940 1755 997 vertendis
1769 943 2051 998 inchoavit
2066 950 2233 1015 atque
2256 945 2574 1016 quindecim
2600 960 2916 1000 annorum

337 1026 514 1097 spatio
541 1041 738 1083 munes
762 1028 1220 1099 promoemnims
1247 1036 1302 1083 et
1323 1028 1466 1083 duos
1487 1028 2023 1087 daneta-anonim
2046 1032 2297 1096 (tobiam
2318 1040 2379 1086 et
2404 1031 2615 1102 Iudith)
2644 1029 2919 1086 feliciter

336 1114 672 1169 terminavit.
695 1114 801 1185 Qui
829 1113 954 1170 libri
975 1130 1008 1169 a
1033 1118 1092 1171 S.
1123 1117 1368 1171 Doctore
1393 1117 1669 1183 translati,
1700 1118 1824 1172 solo
1844 1118 2117 1173 Psalterio
2144 1127 2397 1189 excepto,
2416 1128 2631 1189 partem
2658 1117 2913 1189 praeci-

341 1216 506 1271 puam
533 1202 876 1257 constituunt
905 1201 1212 1259 hodiernae
1235 1204 1537 1275 Vulgatae3
1576 1204 1813 1259 alteram
1850 1214 2069 1275 partem
2104 1206 2401 1262 elion-mant
2436 1205 2777 1262 psalterium
2826 1203 2911 1259 ab

337 1302 406 1343 eo
431 1287 502 1343 ad
527 1287 884 1360 hexaplarem
909 1297 1124 1345 textum
1151 1292 1486 1346 reeensimm
1511 1292 1703 1357 (Psalt.
1736 1294 2092 1363 gallicanum)
2122 1302 2179 1348 et
2202 1295 2421 1349 Novum
2440 1296 2593 1348 Test.
2617 1292 2689 1347 ab
2716 1308 2792 1347 eo
2826 1308 2905 1345 ex

339 1390 538 1445 graeco
561 1376 938 1443 emendatum
965 1378 1126 1433 tertia
1157 1376 1384 1433 demum
1421 1394 1551 1448 pars
1584 1381 1829 1451 quinque
1860 1380 2033 1435 libros
2058 1380 2587 1437 detitemoenonieos
2612 1378 2905 1448 (Baruch.

339 1464 492 1535 δεμ,
533 1464 736 1531 Decii,
773 1474 826 1521 1.
861 1472 897 1521 2
927 1464 1138 1535 Maeli.)
1177 1466 1585 1537 complectitur,
1626 1467 1723 1538 qui
1756 1483 1871 1522 non
1906 1469 2142 1523 correcti
2176 1484 2243 1522 ex
2274 1470 2503 1539 antiqua
2544 1467 2801 1523 versione
2838 1467 2905 1522 in

341 1550 634 1621 vulgatam
657 1552 1018 1608 transierunt.
1049 1554 1324 1623 Quoniam
1349 1553 1424 1609 de
1448 1554 1675 1625 antiqua
1704 1556 1955 1609 versione
1978 1571 2143 1627 supra
2170 1555 2217 1626 (ἓ
2244 1562 2330 1611 12.
2356 1557 2429 1624 1.)
2460 1556 2569 1610 iam
2606 1554 2903 1621 diximuS,

339 1647 530 1707 restat,
559 1647 624 1695 ut
653 1640 726 1697 de
747 1656 890 1697 nova
913 1643 972 1697 S.
1001 1640 1327 1714 Hieronymi
1347 1642 1709 1696 translatione
1730 1642 1999 1697 nonnulla
2026 1642 2313 1698 addamus.

419 1808 476 1865 Ξ.
507 1840 585 1851 --
615 1808 830 1867 Multis
855 1808 1178 1885 variisque
1206 1808 1436 1869 studiis
1467 1809 1548 1869 ad
1581 1810 1973 1869 translatoris
2010 1826 2243 1870 munus
2270 1810 2511 1889 optime
2540 1826 2902 1887 praepara—

345 1906 450 1963 tus
477 1902 542 1963 S.
576 1903 998 1983 Hieronymus
1025 1904 1220 1965 libros
1253 1922 1464 1964 sacros
1487 1904 1577 1965 ita
1598 1905 1791 1965 latine
1814 1905 2125 1979 reddidit,
2154 1912 2223 1966 ut
2246 1907 2385 1966 eius
2406 1905 2679 1966 versioni
2708 1905 2899 1965 inter

341 2002 601 2061 cunctas
623 2000 914 2079 antiquas
941 2001 1184 2079 primus
1210 2001 1384 2062 locus
1409 2001 1488 2061 ab
1513 2001 1812 2062 omnibus
1840 2002 2239 2073 attribuatur,
2266 2003 2418 2061 licet
2440 2001 2737 2062 omnibus
2767 2018 2896 2061 nu—

343 2096 534 2157 meris
567 2096 856 2158 absoluta
888 2102 954 2157 et
975 2098 1259 2174 perfecta
1284 2096 1412 2157 dici
1443 2114 1571 2158 non
1600 2099 1821 2175 possit.
1854 2098 2235 2175 Plerumque
2264 2115 2382 2158 nee
2405 2098 2551 2176 plus
2572 2113 2781 2173 aequo
2812 2097 2897 2156 li-

345 2198 510 2253 terae
548 2192 837 2253 inhaeret
867 2210 984 2255 nec
1019 2194 1264 2272 longius
1303 2194 1382 2254 ab
1426 2211 1500 2253 ea
1540 2193 1847 2265 discedit,
1876 2194 1987 2253 sed
2025 2212 2257 2254 sensum
2294 2193 2568 2253 fideliter
2590 2198 2655 2254 et
2677 2192 2857 2253 clare
2878 2241 2893 2260 ,

347 2290 542 2350 immo
577 2290 833 2368 saepius
869 2308 1014 2351 cum
1057 2290 1372 2367 elegantia
1409 2290 1687 2367 quadam
1714 2290 1955 2363 reddit;
1984 2308 2189 2368 neque
2221 2290 2450 2351 desunt
2475 2295 2691 2350 tamen
2720 2287 2889 2358 loci,

345 2386 408 2445 in
427 2386 660 2465 quibus
686 2386 902 2447 literae
929 2386 1260 2448 hebraicae
1285 2387 1520 2445 arctius
1551 2384 1887 2447 inhaerens
1910 2387 2239 2447 obscurior
2262 2391 2379 2457 est,
2413 2391 2523 2446 aut
2552 2386 2617 2443 in
2647 2384 2896 2461 quibus

341 2487 702 2543 accuratum
733 2499 987 2543 sensum
1015 2486 1224 2543 textus
1263 2482 1624 2559 primigenii
1658 2499 1781 2541 non
1815 2483 2000 2561 plene
2034 2483 2245 2560 attigit
2268 2484 2369 2541 vel
2406 2482 2599 2541 etiam
2626 2496 2891 2541 sensum

343 2594 526 2641 suum
557 2578 873 2657 privatum
903 2578 1118 2639 sensui
1148 2579 1307 2639 sacri
1335 2578 1663 2655 scriptoris
1690 2580 2023 2638 substituit
2049 2579 2150 2639 vel
2179 2579 2469 2639 inseruit.

413 2700 612 2755 Literis
635 2715 746 2755 non
773 2700 956 2755 minus
980 2716 1148 2771 quam
1169 2698 1562 2771 philosophicis
1586 2699 2021 2773 theologicisque
2048 2699 2243 2755 studiis
2270 2716 2303 2755 a
2334 2715 2504 2770 puero
2525 2706 2705 2753 totum
2721 2714 2890 2753 suum

343 2796 558 2858 tempus
587 2787 858 2843 tribuerat
883 2790 940 2845 S.
965 2788 1367 2861 Hieronymum,
1400 2787 1624 2860 quando
1657 2787 2023 2860 quadraginta
2052 2796 2167 2842 tres
2192 2802 2369 2843 annos
2394 2794 2557 2842 natus
2583 2784 2755 2841 libros
2786 2802 2887 2841 sa-

343 2890 468 2931 cros
486 2892 551 2930 ex
579 2874 839 2931 hebraico
868 2881 1024 2931 textu
1051 2884 1264 2930 vertere
1293 2876 1494 2945 coepit.
1536 2875 1801 2930 Omnium
1832 2874 2151 2931 scholarum
2182 2875 2587 2945 exegeticarum
2614 2872 2886 2943 optimos,

346 2962 436 3034 qui
465 2971 596 3017 tunc
621 2964 945 3032 floruerunt,
973 2964 1303 3033 interpretes
1325 2962 1608 3026 audierat,
1641 2962 1882 3033 linguam
1910 2960 2229 3018 hebraicam
2265 2977 2296 3016 a
2330 2960 2670 3033 peritissimis
2697 2958 2889 3015 rabbi-

345 3051 430 3105 nis
467 3049 754 3119 didicerat,
799 3066 926 3105 eum
967 3051 1144 3122 iisque
1183 3051 1462 3120 integram
1502 3049 1871 3105 Palaestinam
1908 3058 2314 3121 peragraverat,
2361 3057 2425 3103 ut
2464 3068 2490 3098 «
2536 3047 2887 3117 antiquarum

347 3138 564 3193 urbium
589 3139 882 3194 memorias
903 3139 1267 3209 locorumque
1291 3136 1380 3191 vel
1402 3135 1598 3193 eadem
1620 3135 1885 3191 voeabula
1907 3137 1992 3191 vel
2016 3144 2229 3191 mutata
2249 3142 2610 3207 cognosceret
2635 3155 2659 3183 n
2689 3135 2883 3202 (Praei.

347 3232 378 3281 2
403 3225 625 3294 Pax-at),
668 3225 857 3281 multis
884 3226 1096 3297 graecis
1123 3224 1384 3295 operibus
1409 3222 1691 3280 translatis
1724 3232 1891 3294 atque
1918 3224 2145 3295 integris
2182 3222 2479 3292 scripturis
2517 3220 2587 3276 ad
2626 3235 2884 3293 graecum

345 3321 558 3369 textum
589 3314 856 3369 revocatis
890 3313 948 3368 in
975 3313 1291 3384 interpretis
1317 3326 1549 3367 munere
1574 3326 1689 3367 non
1725 3326 1923 3381 parum
1960 3325 2079 3365 sese
2107 3318 2449 3378 exercuerat,
2480 3309 2539 3363 in
2574 3309 2877 3379 Scriptura-

349 3416 470 3456 rum
499 3400 850 3473 intelligentia
895 3402 970 3457 ita
992 3399 1330 3473 profecerat,
1359 3406 1421 3453 ut
1449 3414 1549 3453 sua
1578 3406 1759 3453 aetate
1788 3412 1984 3468 parem
2022 3397 2301 3453 neminem
2332 3395 2563 3452 haberet
2590 3410 2886 3467 onmesque

347 3486 590 3561 undique
614 3490 664 3543 ei
691 3486 1042 3545 difficultates
1070 3503 1199 3543 suas
1224 3493 1613 3557 proponerent.
1641 3486 1833 3555 Neque
1860 3485 2044 3539 minus
2066 3485 2269 3556 pietate
2298 3493 2354 3539 et
2380 3483 2688 3550 sanctitate,
2720 3498 2882 3554 quam

348 3576 568 3633 scientia
605 3586 661 3633 et
706 3575 1032 3645 eruditione,
1074 3574 1352 3642 excelluit,
1398 3582 1460 3628 ut
1505 3571 1791 3628 fatendum
1832 3574 1921 3641 sit,
1970 3571 2233 3644 singulari
2283 3586 2507 3642 prorsus
2547 3568 2877 3643 providentia

347 3679 476 3721 eum
499 3662 570 3719 ad
594 3672 706 3719 tam
735 3664 974 3719 arduum
997 3663 1246 3719 laborem
1273 3676 1390 3717 esse
1421 3669 1824 3731 praeparatum.
1852 3657 2183 3723 HebraieuS,
2217 3674 2383 3730 quem
2412 3658 2680 3724 adhibuit,
2702 3666 2875 3713 textus

347 3750 740 3807 massorethico
769 3750 1012 3823 quidem,
1037 3766 1205 3821 quam
1229 3730 1588 3805 alexandrino
1618 3755 1713 3803 aut
1739 3762 1886 3819 syro,
1922 3747 2168 3813 vicinior,
2194 3745 2293 3801 sed
2312 3761 2425 3801 non
2452 3746 2617 3817 plane
2637 3746 2871 3815 aequalis

345 3848 491 3901 eretz
517 3840 572 3894 S.
607 3839 1008 3912 Hieronymum
1031 3839 1181 3893 enim
1209 3852 1324 3892 non
1347 3844 1566 3891 tantum
1588 3834 1705 3891 aliis
1735 3834 2013 3890 vocalibus
2035 3842 2249 3889 textum
2277 3832 2499 3903 saepius
2524 3832 2747 3903 legisse,
2777 3833 2869 3887 sed

347 3928 514 3984 etiam
551 3926 695 3983 haud
723 3942 852 3983 raro
888 3927 1026 3983 alias
1048 3932 1414 3981 consonantes
1457 3937 1727 3992 vocesque
1764 3937 1895 3993 prae
1939 3921 2112 3976 oculis
2154 3920 2441 3985 habuisse,
2486 3921 2665 3975 versio
2698 3918 2864 3975 docet.

347 4016 561 4087 Lingua
590 4015 756 4071 latina
789 4013 1090 4086 impuriore
1125 4028 1254 4067 eum
1283 4012 1339 4066 in
1367 4026 1466 4066 sua
1497 4010 1778 4077 versione,
1809 4025 1977 4081 quam
2009 4008 2065 4062 in
2092 4007 2211 4063 aliis
2242 4006 2533 4079 operibuS,
2566 4005 2868 4063 adhibuisse

351 4103 507 4159 facile
534 4102 885 4175 intelligitur;
912 4116 1022 4157 una
1052 4099 1200 4156 enim
1237 4115 1303 4153 ex
1341 4106 1496 4169 parte
1524 4097 1786 4168 antiquae
1822 4090 2169 4152 translationi
2195 4110 2227 4151 a
2266 4110 2439 4166 puero
2482 4101 2729 4150 assuetus
2758 4094 2867 4165 ple-

348 4190 532 4247 beium
577 4191 693 4247 eius
719 4188 1112 4259 rudioremque
1150 4200 1463 4241 sermonem
1511 4185 1667 4256 quasi
1706 4184 1909 4239 invitus
1952 4184 2198 4238 imitatus
2239 4190 2347 4251 est,
2396 4181 2572 4238 altera
2614 4196 2681 4236 ex
2724 4190 2867 4253 parte

353 4298 376 4327 «
405 4293 570 4333 curae
600 4279 786 4333 elnon
809 4284 925 4332 erat
963 4274 1134 4330 vitare
1172 4273 1444 4328 sermonis
1483 4270 1641 4339 vitia,
1674 4270 1772 4327 sed
1800 4271 2213 4341 scripturarum
2245 4268 2639 4325 obscuritatem
2667 4268 2866 4339 quibus·-

350 4380 586 4436 eumquc
615 4363 794 4420 verbis
819 4364 1088 4419 disserere
1119 4382 1144 4413 n
1171 4362 1250 4429 (in
1270 4360 1468 4415 Ezech.
1497 4364 1586 4427 40,
1614 4358 1689 4429 5).
1718 4359 1819 4414 Uti
1848 4366 2033 4412 autem
2055 4358 2253 4413 veteris
2270 4356 2474 4412 latinae
2492 4357 2756 4411 rationem
2772 4356 2865 4413 ha-

351 4448 484 4514 buit,
509 4450 584 4505 ita
607 4451 772 4507 etiam
799 4470 822 4502 ι
853 4449 1210 4521 Septuaginta
1231 4447 1595 4518 interpretum
1612 4444 1996 4501 consuetudini
2012 4459 2073 4500 se
2091 4444 2368 4516 coaptavit
2387 4443 2445 4498 in
2464 4443 2595 4511 inis,
2620 4458 2753 4513 quae
2764 4458 2864 4498 non

353 4536 589 4591 multum
612 4536 680 4591 ab
709 4536 962 4593 hebraeis
989 4534 1375 4606 discrepabant
1405 4556 1456 4598 »,
1489 4542 1655 4604 atque
1690 4553 1713 4582 α
1745 4531 2023 4587 interdum
2048 4547 2269 4603 quoque
2298 4530 2530 4603 Aquilae
2559 4540 2615 4585 et
2632 4532 2861 4601 Symma-

355 4619 441 4675 chi
471 4630 525 4676 ct
551 4622 945 4678 'l'heodotionis
969 4624 1291 4679 recordatus
1311 4630 1394 4678 est
1424 4642 1448 4672 o
1480 4622 1559 4689 (in
1587 4620 1768 4675 Eccle.
1792 4618 2017 4687 praet).
2051 4622 2224 4675 Porro
2252 4619 2310 4673 in
2338 4617 2603 4691 opusculo
2630 4634 2725 4673 suo
2754 4639 2773 4667 «
2802 4618 2863 4672 de
