3050 5184
374 298 499 359 65⁷⁴
1537 322 1737 368 mnnx.

627 448 827 520 Caput
852 453 928 504 11.
955 452 1041 506 De
1064 461 1217 508 textu
1246 468 1443 526 graeco
1471 455 1611 509 Novi
1639 457 1768 511 Test
1782 500 2712 520 ..............
2823 468 2882 516 69

826 541 856 605 5
882 545 937 592 4.
965 540 1048 594 De
1076 540 1263 612 lingua
1290 540 1618 613 primigenia
1645 541 1918 598 librorum
1943 545 2092 608 Novi
2113 547 2290 604 Test..
2349 593 2360 603 .
2418 594 2430 604 .
2489 591 2500 600 .
2559 590 2570 602 .
2631 593 2642 602 .
2701 594 2711 603 .
2823 555 2882 602 69

827 627 858 691 5
883 631 937 680 5.
964 628 1049 681 De
1076 635 1305 684 externa
1333 627 1511 684 forma
1542 628 1810 684 librorum
1837 631 1978 686 Novi
2004 635 2134 688 Test
2146 675 2712 695 .........
2825 642 2878 690 71

823 715 854 778 S
880 718 934 768 6.
962 713 1203 770 Historia
1231 723 1413 770 textus
1435 717 1578 771 Novi
1606 719 1738 772 Test
1743 760 2714 780 ...............
2827 729 2884 776 73

826 803 857 866 5
883 806 936 855 7.
964 804 1047 857 De
1074 803 1258 874 graeci
1288 804 1429 858 Novi
1456 807 1604 859 Test.
1637 805 1963 861 auctoritate
1995 851 2715 867 ...........
2827 817 2886 863 73

489 921 677 975 Sectio
704 921 931 978 altera.
959 928 1038 980 De
1066 925 1372 998 Utriusque
1407 931 1554 982 Test.
1589 928 1950 982 versionibus
1979 931 2238 1002 antiquis
2243 973 2712 990 ........
2827 939 2880 987 81

615 1043 808 1114 Caput
833 1047 936 1102 III.
964 1047 1048 1103 De
1075 1047 1418 1104 versionibus
1444 1050 1654 1122 graecis
1678 1050 1892 1106 Veteris
1923 1052 2054 1106 Test
2063 1093 2713 1113 ..........
2825 1063 2880 1110 81

824 1137 937 1200 58.
966 1136 1041 1189 De
1066 1134 1453 1192 alexandrinae
1482 1137 1748 1192 versionis
1769 1138 1980 1210 origine
2007 1147 2062 1195 et
2089 1139 2298 1196 indole.
2349 1189 2360 1199 .
2419 1183 2434 1196 .
2489 1183 2504 1198 .
2557 1191 2572 1204 .
2629 1189 2640 1198 .
2701 1189 2714 1198 .
2825 1149 2880 1196 81

825 1225 856 1288 §
883 1226 937 1276 9.
965 1223 1049 1277 De
1096 1222 1321 1294 reliquis
1364 1225 1432 1278 V.
1482 1225 1548 1279 T.
1598 1226 1943 1282 versionibus
1991 1228 2199 1299 graecis
2246 1233 2378 1300 (Aq.
2396 1271 2409 1283 .
2472 1229 2684 1288 Theod.
2703 1273 2716 1290 .

1034 1310 1281 1380 symm.)
1294 1355 2714 1380 .....................
2827 1325 2891 1372 8-1

790 1400 821 1463 5
855 1403 938 1452 10.
964 1397 1208 1452 Historia
1247 1406 1429 1454 textus
1457 1401 1722 1455 versionis
1758 1400 2148 1458 alexandrinae
2187 1405 2485 1476 (oriqenis
2525 1407 2726 1464 Hexa—

1026 1485 1163 1558 pla)
1177 1526 1509 1547 ......
1508 1551 1515 1560 ,
1568 1528 2714 1550 .................
2831 1501 2894 1548 86

792 1575 823 1639 5
854 1578 911 1627 11
926 1615 939 1626 .
965 1574 1050 1627 De
1074 1573 1461 1630 alexandrinae
1490 1575 1753 1630 versionis
1779 1577 2101 1632 auctoritate
2109 1621 2713 1638 ..........
2833 1587 2896 1638 89

790 1663 821 1726 5
851 1665 937 1715 12.
963 1662 1050 1716 De
1076 1661 1417 1717 versionibus
1448 1678 1516 1717 ex
1546 1662 1900 1718 alexandrina
1934 1663 2190 1720 derivatis
2202 1707 2710 1726 ........
2831 1675 2896 1724 90

862 1751 935 1814 (1.
964 1749 1152 1817 Itala,
1182 1755 1234 1804 2.
1264 1752 1564 1822 Coptieae,
1602 1757 1655 1806 3.
1691 1751 2083 1823 Aethiopica,
2117 1759 2170 1807 4.
2211 1755 2496 1822 Gothic-ct,
2525 1761 2579 1810 5.
2609 1761 2724 1810 Ar·-

1036 1839 1317 1892 menz‘aea
1354 1843 1409 1893 et
1436 1841 1668 1910 Geor-9„
1698 1843 1752 1892 6.
1779 1839 2026 1908 Syrieae
2062 1847 2217 1906 ete).
2275 1883 2288 1896 .
2347 1889 2356 1899 .
2415 1882 2430 1895 .
2487 1889 2500 1900 .
2559 1890 2570 1900 .
2630 1890 2641 1900 .
2703 1889 2713 1898 .
2833 1849 2890 1897 91

618 1959 812 2027 caput
836 1960 939 2013 IV.
968 1960 1053 2015 De
1082 1959 1423 2016 versionibus
1445 1961 1801 2016 orientalibus
1823 1961 2157 2017 immediatis
2179 1963 2484 2035 Utriusque
2507 1966 2664 2019 Test.
2701 2011 2712 2020 .
2832 1971 2898 2020 99

790 2049 821 2112 §
853 2051 937 2101 13.
966 2049 1050 2102 De
1080 2046 1377 2102 chaldaicis
1403 2049 1620 2103 Veteris
1643 2050 1794 2104 Test.
1826 2049 2254 2121 paraphrasibus
2285 2051 2678 2123 (shargumim,
2701 2094 2713 2106 .
2831 2059 2896 2108 99

872 2138 944 2200 (1.
974 2135 1222 2192 Onlcelos
1250 2140 1307 2190 et
1335 2139 1427 2190 Ps.
1456 2136 1771 2200 Ionatham
1803 2142 1855 2192 2.
1887 2137 2370 2208 Jonatlaan.etc.).
2415 2181 2430 2194 .
2486 2186 2499 2198 .
2556 2187 2568 2197 .
2626 2180 2640 2193 .
2699 2188 2712 2197 .
2831 2147 2896 2194 99

790 2225 819 2288 5
852 2227 933 2276 14.
961 2224 1046 2278 De
1074 2222 1281 2294 syriaca
1306 2224 1612 2294 Utriusque
1639 2225 1788 2280 Test.
1825 2224 2074 2284 versione
2101 2225 2333 2296 simplici
2361 2226 2680 2294 (Pesclatto).
2698 2269 2711 2280 .
2801 2235 2894 2282 102

790 2313 821 2378 5
853 2314 935 2365 15.
963 2311 1047 2365 De
1072 2309 1309 2366 arabicis
1337 2319 1393 2366 et
1418 2311 1642 2381 persicis
1667 2307 2014 2368 'versionibus
2037 2312 2366 2369 immediatis
2379 2357 2711 2372 ......
2801 2322 2894 2370 105

562 2421 571 2430 ’
632 2433 831 2502 Caput
863 2436 934 2486 V.
960 2433 1047 2489 De
1073 2433 1323 2488 versione
1346 2433 1520 2489 latina
1545 2434 1776 2505 Vulgata
1792 2475 2711 2495 ..............
2801 2445 2894 2492 lot,

788 2523 820 2587 §
851 2525 934 2576 16.
960 2521 1046 2576 De
1070 2521 1339 2592 vulgatae
1358 2521 1607 2592 origine,
1638 2519 1852 2588 indole,
1882 2523 2298 2594 propagatione.
2345 2570 2360 2582 .
2413 2570 2427 2584 .
2483 2571 2494 2582 .
2554 2571 2566 2582 .
2626 2569 2639 2579 .
2700 2569 2711 2579 .
2801 2531 2894 2579 105

788 2611 820 2675 §
852 2615 935 2663 17.
962 2608 1207 2664 Historia
1241 2617 1426 2664 textus
1448 2610 1717 2682 vulgatae
1745 2625 1919 2682 usque
1947 2609 2020 2666 ad
2045 2613 2214 2667 Cone.
2243 2609 2497 2667 Trident.
2554 2654 2568 2667 .
2625 2653 2640 2664 .
2699 2655 2714 2668 .
2801 2620 2894 2668 los

785 2699 817 2763 §
848 2702 932 2751 18.
959 2698 1259 2752 Decretum
1286 2695 1669 2753 Tridentinum
1696 2697 1766 2752 de
1793 2698 2065 2770 vulgatae
2094 2698 2442 2756 anctoritate.
2484 2743 2494 2753 .
2550 2741 2564 2753 .
2625 2741 2640 2752 .
2699 2748 2711 2758 .
2801 2708 2886 2755 111

789 2787 821 2850 5
851 2790 934 2839 19.
962 2787 1046 2839 De
1072 2784 1346 2856 vulgatae
1372 2785 1712 2840 correctione
1749 2799 1978 2841 romana
1993 2825 2712 2845 ...........
2803 2793 2893 2843 113

790 2875 820 2939 5
846 2877 933 2926 20.
961 2874 1047 2928 De
1071 2871 1411 2928 versionibus
1436 2889 1503 2928 ex
1527 2873 1762 2944 Vulgata
1791 2871 2056 2928 derivatis
2061 2915 2714 2932 ..........
2803 2883 2896 2930 118

616 2999 801 3066 Caput
832 2997 932 3049 VI.
959 2997 1043 3051 De
1070 3011 1177 3050 usu
1204 2995 1395 3051 critico
1418 3003 1672 3051 textuum
1696 2963 2152 3068 primigeniorum
2181 3005 2238 3052 et
2265 2996 2605 3052 versionum.
2627 3042 2639 3052 .
2701 3039 2714 3051 .
2803 3004 2886 3053 121

787 3087 819 3151 5
846 3089 935 3138 21.
963 3084 1200 3139 Criticae
1222 3099 1411 3138 sacrae
1437 3091 1731 3155 praecepta
1760 3084 2050 3154 praecipua
2063 3123 2713 3144 ..........
2805 3091 2890 3141 121

790 3175 821 3238 §
845 3177 934 3227 22.
964 3172 1049 3226 De
1102 3185 1289 3226 sacrae
1334 3171 1560 3227 criticae
1603 3170 1864 3226 subsidiis
1910 3171 2273 3243 (Apparatus
2320 3173 2455 3227 crit.
2475 3215 2489 3240 ,
2537 3173 2724 3241 Poly·

1063 3260 1255 3330 qlotta
1290 3259 1556 3330 maiora)
1569 3301 2712 3320 .................
2803 3267 2896 3315 123

367 3440 773 3482 nissnnnno
801 3442 1043 3482 muru.
1074 3431 1155 3482 De
1182 3425 1674 3498 interpretatione
1704 3427 1763 3481 S.
1793 3427 2138 3496 Scripturae
2151 3467 2710 3482 .........
2803 3432 2897 3480 125

540 3569 725 3624 Sectz’o
746 3570 931 3636 prior.
958 3570 1235 3636 systema
1270 3565 1769 3622 hermeneuticum
1783 3605 2713 3626 ..............
2803 3573 2898 3622 1215

664 3701 861 3770 Caput
886 3701 931 3754 Ι.
960 3700 1045 3753 De
1072 3699 1127 3754 S.
1160 3699 1575 3770 Scripturarum
1597 3697 1848 3754 sensibus
1860 3737 2714 3756 .............
2801 3703 2898 3753 126

822 3791 853 3854 5
884 3793 933 3841 1.
960 3786 1045 3841 De
1070 3802 1262 3841 sensus
1287 3786 1669 3857 scripturistici
1697 3784 2014 3841 delinitione
2041 3794 2096 3840 et
2124 3785 2435 3856 speciebus,
2481 3831 2491 3840 .
2552 3831 2563 3840 .
2623 3829 2634 3840 .
2695 3833 2707 3843 .
2803 3791 2898 3840 120

824 3879 854 3942 5
880 3880 934 3930 2.
963 3877 1047 3930 De
1073 3889 1238 3929 sensu
1261 3873 1457 3929 literali
1465 3914 2711 3931 ...................
2803 3880 2892 3928 127

822 3967 852 4030 5
883 3969 935 4018 3.
964 3965 1047 4016 De
1076 3977 1239 4016 sensu
1266 3963 1449 4032 typico
1486 3961 1799 4032 (spirituali)
1814 4000 2712 4019 ..............
2805 3968 2890 4016 131

821 4055 851 4118 S
878 4057 933 4105 4.
960 4052 1045 4106 De
1068 4052 1124 4106 S.
1156 4048 1567 4120 Scripturarum
1591 4047 2102 4104 accommodatione
2131 4089 2716 4105 .........
2805 4055 2894 4104 134

630 4179 827 4245 Caput
854 4177 929 4229 11.
958 4174 1134 4246 Leges
1157 4171 1644 4228 hermeneuticae..
1705 4215 1720 4228 .
1774 4213 1787 4226 .
1845 4160 1860 4226 .
1918 4211 2714 4230 ............
2802 4175 2898 4226 136

826 4265 856 4330 S
882 4268 935 4317 5.
963 4262 1139 4334 Leges
1164 4259 1638 4332 interpretationis
1667 4257 2351 4332 grammatico-historicae
2363 4299 2713 4315 ......
2803 4265 2898 4312 136

824 4353 855 4417 5
880 4356 934 4404 6.
965 4347 1437 4420 Interpretationis
1467 4346 1770 4404 catholicae
1796 4355 2086 4417 praecepta
2094 4386 2715 4403 ..........
2805 4353 2890 4400 141

491 4485 677 4540 Sec-tio
704 4483 928 4539 altera.
964 4485 1309 4554 Conspectus
1336 4480 1634 4536 historiae
1663 4494 1960 4562 exeqeseos
1965 4519 2714 4536 ............
2803 4484 2894 4532 147

602 4608 794 4678 Caput
822 4609 928 4661 111.
955 4607 1039 4661 De
1067 4604 1518 4676 interpretatione
1549 4601 1881 4659 Iudaeorum
1889 4641 2716 4659 .............
2799 4607 2894 4655 147
