3050 5184
421 306 498 350 m:
538 307 856 352 armet-:tn
901 307 1210 354 secuntum
1245 306 1494 352 naucum
1537 307 1971 354 nasnuArtour:
2014 309 2089 354 ar
2130 308 2295 368 rma.
2510 289 2627 352 473

173 441 230 496 7.
257 439 428 498 -ld
456 445 668 500 autem
706 442 827 502 sibi
862 442 1192 521 proposuit
1221 441 1284 501 S.
1311 442 1580 514 MarcuS,
1615 445 1683 502 ut
1714 441 2077 502 adumbrata
2110 440 2353 520 publica
2380 440 2632 502 Domini

91 537 214 593 vita
247 540 310 595 et
327 541 652 616 praecipue
677 539 992 598 miraculis
1019 538 1141 622 eius
1167 541 1434 598 narratis
1455 555 1593 598 eum
1614 555 1735 598 esse
1764 535 1987 598 Filium
2012 537 2129 600 Dei
2160 537 2623 608 demonstraret,

89 631 256 690 cuius
283 649 558 709 supremo
581 634 848 694 dominio
875 639 1085 695 omnia
1111 641 1289 712 atque
1313 638 1446 711 ipsa
1462 635 1781 694 daemonia
1800 632 1923 694 sint
1942 634 2203 696 subiecta
2229 637 2507 711 cuiusque
2534 637 2630 693 di·-

86 731 230 786 vina
259 727 540 789 doctrina
565 729 838 791 omnibus
863 735 940 792 sit
964 729 1088 811 fide
1113 731 1456 808 recipienda
1493 737 1553 791 et
1574 731 1909 792 retinenda.

147 851 212 905 S.
251 852 594 922 Augustinus
628 851 718 920 (de
744 854 909 909 ConS.
939 855 1149 926 Evang.
1183 853 1229 908 Ι.
1265 857 1320 919 2)
1349 853 1405 908 S.
1437 853 1690 908 Marcum
1723 873 1747 902 α
1780 851 2167 926 pedissequum
2196 863 2251 908 et
2278 853 2625 908 abbreviato-

89 954 202 992 rem
237 938 510 995 Matthaei
540 960 566 990 n
595 939 882 1012 appellans
918 941 1150 997 innuere
1179 939 1415 1008 videtur,
1443 939 1749 996 secundum
1778 941 2138 1014 Evangelium
2164 940 2329 1011 primi
2361 954 2627 1010 compen-

84 1025 240 1080 dium
263 1024 552 1098 quoddam
599 1042 736 1084 esse.
768 1027 876 1084 Sed
917 1029 964 1084 si
993 1027 1130 1084 haec
1155 1029 1212 1085 S.
1256 1028 1515 1084 Doctoris
1554 1026 1747 1083 suisset
1773 1043 1959 1096 mcnS,
1990 1044 2103 1084 non
2145 1034 2363 1082 tantum
2405 1027 2629 1097 reliquis

87 1113 346 1170 Patribus
381 1111 841 1185 contradixisset,
881 1115 974 1187 qui
1013 1115 1436 1189 synopticorum
1483 1123 1733 1170 mutuam
1779 1114 2207 1186 dependentiam
2253 1123 2486 1186 negant,
2532 1112 2626 1168 sed

85 1203 254 1256 etiam
283 1201 408 1272 ipso
435 1201 578 1258 libro
608 1203 815 1258 erroris
855 1203 1292 1258 convinceretur.
1323 1201 1539 1258 Etenim
1583 1201 1832 1257 diversus
1859 1211 1943 1258 est
1970 1203 2259 1274 utriusque
2300 1200 2427 1257 libri
2466 1199 2625 1267 ord0,

85 1288 304 1344 diversa
329 1290 646 1362 argumenti
669 1288 948 1347 tractandi
971 1291 1140 1356 ratio;
1169 1289 1336 1345 licet
1322 1307 1378 1345 ιιι
1403 1288 1647 1346 secundo
1670 1289 1865 1358 multa,
1894 1305 2037 1362 quae
2058 1290 2119 1345 in
2142 1289 2324 1362 primo
2348 1290 2627 1368 leguntur,

84 1375 263 1432 desint
294 1385 356 1431 ct
382 1377 490 1432 alia
519 1377 968 1448 compendiosius
996 1385 1312 1447 narrentur,
1340 1376 1649 1446 secundum
1678 1385 1868 1432 tamen
1895 1378 2060 1433 etiam
2089 1377 2305 1449 aliquas
2336 1392 2425 1432 res
2450 1383 2629 1448 gestas

83 1463 240 1519 addit
267 1472 444 1535 atque
469 1465 527 1519 in
557 1465 831 1537 plerisque
859 1464 1297 1534 narratIonibuS,
1333 1481 1472 1537 quas
1508 1480 1832 1522 communes
1859 1465 2094 1532 habent,
2127 1465 2309 1536 primo
2340 1463 2515 1519 fusius
2541 1477 2629 1518 res

83 1560 290 1608 narrat.
335 1553 529 1624 Neque
563 1551 770 1608 rectius
799 1553 894 1610 alii
921 1553 1170 1608 Marcum
1198 1552 1459 1608 dixerunt
1485 1553 1728 1624 primum
1754 1552 2113 1626 Evangelium
2148 1551 2505 1623 complevisse
2534 1557 2630 1604 aut

83 1639 458 1710 supplevisse3
500 1654 680 1711 neque
721 1641 872 1696 enim
914 1638 1228 1712 appendicis
1272 1648 1369 1696 aut
1409 1639 1800 1712 complementi
1843 1640 1929 1696 vel
1979 1638 2345 1712 supplementi
2390 1635 2633 1694 sormam·

81 1737 271 1782 noster
295 1725 444 1782 liber
463 1726 650 1782 habet.

139 1814 306 1870 Finis
333 1814 506 1886 igitur
530 1815 911 1888 Evangelistae
935 1816 1044 1871 alia
1074 1815 1162 1871 via
1189 1815 1537 1871 definiendus
1574 1824 1677 1884 est,
1712 1832 1879 1888 quam
1916 1816 2076 1872 nobis
2099 1823 2411 1871 monstrant
2434 1815 2629 1870 Patres

79 1909 416 1968 asserentes,
445 1903 696 1957 Marcum
725 1901 1195 1973 praedicationem
1223 1902 1368 1958 Petri
1396 1903 1570 1958 literis
1588 1902 1899 1972 mandasse,
1924 1902 2163 1959 eundem
2183 1902 2353 1975 igitur
2374 1901 2543 1956 finem
2570 1900 2623 1954 in

77 1989 332 2044 secundo
353 1990 654 2062 Evangelio
682 1989 934 2057 inveniri,
961 1991 1055 2062 qui
1084 1991 1140 2044 in
1161 2005 1390 2046 romana
1415 1991 1565 2047 Petri
1593 1989 2001 2060 praedicatione
2022 1990 2138 2046 suit.
2168 1991 2340 2045 Porro
2364 1988 2625 2060 quoniam

75 2075 332 2150 magistri
373 2075 716 2132 auditoribus
752 2077 866 2132 suis
901 2093 1020 2132 sese
1054 2076 1474 2133 accommodent
1518 2093 1743 2134 necesse
1781 2087 1893 2144 est,
1936 2085 2113 2147 patet,
2145 2078 2372 2132 Petrum
2416 2077 2626 2131 Romae

75 2179 270 2220 coram
309 2163 554 2220 ethnicis
580 2172 676 2220 aut
711 2166 1002 2237 proselytis
1037 2162 1266 2220 iudaicis
1300 2164 1535 2221 eandem
1571 2164 1805 2220 docendi
1845 2164 2173 2221 methodum
2210 2180 2323 2220 non
2350 2163 2623 2227 tenuisse,

75 2269 248 2323 quam
277 2251 538 2323 Apostoli
577 2253 930 2324 ierosolymis
965 2267 1157 2308 coram
1194 2252 1410 2309 iudaeis
1431 2251 1816 2323 praedicantes
1841 2260 2155 2308 tenuerant.
2186 2253 2301 2308 Nec
2330 2250 2400 2306 de
2427 2249 2624 2306 Messia

75 2341 136 2394 iis
161 2339 329 2410 loqui
363 2339 568 2408 potuit,
601 2341 694 2410 qui
720 2341 952 2396 Messiae
979 2348 1077 2396 aut
1102 2340 1313 2396 nullam
1349 2348 1446 2395 aut
1472 2355 1670 2412 vagam
1697 2347 1753 2395 et
1781 2339 2072 2396 obscuram
2100 2339 2286 2395 ideam
2314 2339 2622 2406 habebant,

75 2443 170 2482 nec
219 2427 644 2498 scripturarum
670 2427 998 2483 testimoniis
1025 2427 1106 2482 uti
1133 2443 1320 2484 coram
1351 2427 1432 2494 iis,
1461 2429 1561 2499 qui
1587 2428 1898 2497 Scripturas
1921 2435 2019 2482 aut
2044 2428 2374 2499 ignorabant
2398 2435 2495 2482 aut
2524 2441 2624 2496 pro

73 2515 283 2570 divinis
309 2529 428 2569 non
455 2513 749 2570 habebant.
771 2515 852 2570 Ut
872 2515 1124 2571 ethnicos
1148 2514 1429 2571 auditores
1459 2513 1529 2570 ad
1558 2516 1859 2570 Dominum
1880 2512 2199 2582 adduceret,
2228 2514 2471 2570 divinam
2497 2514 2625 2569 Iesu

73 2611 342 2658 naturam
368 2617 801 2674 supremumque
831 2601 1157 2668 dominium,
1182 2603 1272 2658 cui
1294 2603 1398 2674 ipsi
1424 2602 1752 2672 daemoneS,
1784 2601 2138 2658 ethnicorum
2157 2600 2263 2670 dii,
2289 2610 2471 2657 essent
2491 2599 2622 2657 sub-

74 2691 230 2758 iecti,
279 2689 671 2746 demonstrare
703 2689 913 2746 debuit.
943 2691 1067 2745 Hoc
1089 2690 1271 2764 ,igitur
1298 2693 1354 2746 S.
1394 2692 1619 2746 Petrum
1657 2689 1765 2745 sibi
1800 2689 1858 2744 in
1897 2690 2009 2745 suis
2050 2689 2295 2745 romanis
2335 2686 2620 2759 praedica-

72 2779 324 2835 tionibus
353 2779 708 2849 proposuisse
739 2778 858 2833 iure
892 2777 1264 2846 admittimus,
1307 2787 1474 2850 atque
1515 2778 1657 2834 haec
1698 2791 1919 2849 quoque
1959 2785 2043 2833 est
2082 2776 2256 2832 thesis
2297 2778 2352 2832 S.
2397 2774 2617 2832 Marci:

77 2887 96 2912 n
131 2867 372 2922 Initium
397 2865 681 2938 Evangelii
705 2867 831 2921 Iesu
859 2865 1084 2932 Christi,
1114 2865 1260 2922 Filii
1283 2867 1388 2922 Dei
1417 2887 1442 2917 n
1481 2868 1633 2936 (1,1).

135 2956 410 3010 Divinam
439 2963 624 3008 autem
653 2954 779 3009 Iesu
805 2962 1062 3008 naturam
1091 2956 1146 3010 S.
1192 2955 1416 3021 PetruS,
1447 2954 1529 3009 uti
1558 2969 1625 3008 ex
1652 2963 1846 3010 nostro
1882 2951 2179 3026 Evangelio
2210 2961 2465 3024 apparet,
2500 2955 2619 3008 Ro-

71 3043 254 3098 manis
279 3041 684 3096 demonstravit
712 3048 1062 3114 argumento,
1093 3040 1244 3112 quod
1270 3041 1554 3096 intellectu
1585 3040 1909 3096 facillimum
1938 3041 2245 3113 animisque
2270 3040 2620 3097 ethnicorum

67 3127 416 3201 abripiendis
438 3128 884 3184 efficacissimum
919 3137 1068 3198 erat,
1097 3129 1408 3185 miraculis
1445 3127 1668 3185 scilicet
1710 3127 2045 3198 dominicis,
2081 3145 2320 3202 quorum
2354 3128 2621 3202 Apostoli

67 3225 248 3274 testes
275 3216 616 3272 immediati
643 3215 909 3290 fuerant.
943 3215 1212 3274 Omnibus
1241 3215 1375 3286 fere,
1405 3232 1548 3288 quae
1576 3216 1854 3287 publicam
1872 3215 2095 3272 Domini
2116 3217 2285 3272 vitam
2314 3231 2619 3288 praecesse-

67 3313 198 3361 rant
229 3319 590 3378 quorumque
616 3306 816 3360 Petrus
845 3303 1002 3360 testis
1027 3319 1140 3359 non
1170 3303 1376 3372 suerat,
1405 3304 1807 3375 praetermissis
1835 3307 1888 3360 S.
1922 3306 2144 3360 Marcus
2170 3304 2355 3359 thesin
2380 3321 2537 3359 suam
2564 3306 2619 3358 in

67 3393 438 3464 inscriptione
471 3394 602 3462 (1,1)
636 3401 691 3448 et
718 3393 776 3448 in
817 3392 1238 3450 adumbratione
1266 3391 1611 3462 baptismatis
1642 3393 1765 3447 Iesu
1814 3397 1983 3461 (1,11)
2012 3393 2297 3463 proponit,
2338 3411 2363 3442 ιι
2395 3401 2561 3448 testes
2588 3409 2617 3447 a

69 3485 190 3538 Deo
237 3479 664 3553 praeordinatos
691 3501 716 3531 n
749 3482 882 3536 citat
923 3481 1216 3552 (1,14-20),
1248 3497 1314 3536 ac
1343 3481 1532 3536 statim
1558 3478 1771 3535 medias
1798 3479 1855 3535 in
1882 3495 1973 3536 res
1997 3496 2101 3536 nos
2142 3479 2345 3550 abripit
2385 3482 2621 3537 narratis

71 3572 201 3625 lesu
249 3568 539 3624 miraculis
587 3571 918 3636 (1,2t-2,12;
971 3575 1162 3638 3,1-12
1205 3573 1357 3636 etc.).
1407 3567 1767 3639 Evangelium
1816 3576 2096 3637 nostrum,
2143 3567 2395 3639 quamvis
2442 3569 2619 3640 primo

65 3658 240 3728 longe
270 3657 344 3712 sit
371 3656 624 3724 breviuS,
655 3671 768 3711 non
801 3664 1020 3712 tautum
1063 3655 1250 3712 omnia
1295 3655 1442 3712 illius
1486 3655 1751 3711 miracula
1795 3661 2053 3727 (quatuor
2081 3658 2342 3729 exceptis)
2374 3659 2621 3713 continet

67 3745 459 3817 nonnullaque
503 3759 644 3799 nova
690 3742 873 3812 addit,
917 3744 1015 3799 scd
1057 3744 1227 3800 etiam
1271 3743 1463 3799 inillis
1499 3741 1803 3800 referendis
1850 3754 1946 3800 aut
1988 3745 2210 3801 nomina
2258 3761 2481 3812 eorum,
2528 3747 2619 3817 qui

67 3834 254 3888 sanati
284 3840 436 3902 sunt,
464 3840 562 3888 aut
583 3831 722 3886 alias
747 3831 856 3887 loci
890 3831 1261 3903 temporisque
1287 3831 1533 3888 rationes
1554 3829 1813 3899 adnotat;
1844 3840 1908 3888 ut
1935 3834 2199 3889 maiorem
2231 3840 2419 3889 autem
2445 3842 2619 3888 atten-

67 3922 291 3976 tionem
315 3918 390 3976 ad
423 3919 690 3974 miracula
721 3919 992 3989 attrahat,
1025 3919 1315 3974 turbarum
1349 3935 1573 3991 quoque
1600 3918 2023 3976 admirationem
2050 3920 2157 3976 illis
2185 3922 2476 3976 excitatam
2507 3919 2615 3976 frc-

73 4016 316 4079 quentcr
360 4015 764 4064 commemorat
813 4007 980 4078 (1,27.
1029 4014 1118 4063 33.
1161 4013 1259 4076 453
1300 4012 1457 4076 2‚12;
1489 4013 1619 4074 4,10
1657 4009 1807 4078 etc.).
1842 4010 1907 4063 ln
1948 4007 2057 4064 tine
2101 4009 2379 4078 Evangelii
2418 4007 2618 4063 iterum

69 4095 361 4152 miraculis
388 4095 634 4167 primum
662 4096 848 4151 locum
889 4095 1166 4164 attribuit,
1199 4103 1254 4150 at
1269 4109 1366 4164 lue
1392 4097 1807 4152 enumeratione
1835 4096 2150 4166 signorum,
2182 4111 2325 4166 quae
2370 4111 2493 4161 eos,
2525 4096 2621 4167 qui

69 4299 160 4358 *fad
193 4301 338 4348 Dam.
370 4299 533 4350 Praei.
559 4299 613 4348 in
641 4299 852 4362 Evang.)
880 4311 1134 4362 yraeeam
1165 4297 1374 4348 secundi
1393 4296 1657 4361 Evangelii
1680 4297 1928 4360 originem
1954 4296 2143 4347 diserte
2168 4301 2439 4357 testantur,
2467 4302 2623 4362 atque

71 4377 406 4441 praecipuum
435 4377 842 4428 adversariorum
875 4381 1232 4442 argumentum
1267 4377 1470 4440 (Romae
1503 4377 1747 4427 Romanis
1784 4389 1885 4425 non
1920 4375 2019 4426 nisi
2045 4375 2265 4426 latinum
2294 4377 2621 4440 Evangelium

69 4456 242 4507 scribi
265 4458 504 4521 potuisse)
524 4469 744 4507 erroneo
769 4456 956 4506 nititur
981 4456 1268 4522 supposit03
1300 4468 1535 4511 romanae
1562 4456 1699 4505 enim
1733 4455 1985 4506 Ecclesiae
2014 4454 2163 4506 initia
2192 4453 2348 4508 fuisse
2370 4471 2545 4520 graeca
2570 4461 2623 4508 et

71 4547 250 4600 nsque
275 4535 338 4586 ad
371 4549 499 4586 saec.
535 4543 582 4587 3.
615 4535 838 4598 linguam
867 4536 1156 4598 liturgicam
1192 4539 1378 4588 Romae
1407 4548 1508 4584 non
1537 4534 1691 4585 fuisse
1730 4533 1939 4585 latinam
1966 4533 2058 4586 sed
2084 4549 2343 4599 graecam,
2372 4535 2493 4586 alibi
2522 4537 2622 4588 iam

69 4614 376 4666 monuimus
403 4615 563 4680 (Diss.
593 4617 655 4665 11.
690 4617 718 4676 ξ
747 4621 856 4674 12‚2
891 4629 938 4680 p.
970 4615 1068 4678 91).
