3050 5184
631 351 706 396 aa
749 350 1086 398 sacrus-rm
1125 352 1362 396 usatica
1403 351 1482 396 m·
1523 352 1599 396 ns
1640 352 1921 396 nris-rom
1963 349 2277 394 innexus.
2600 334 2716 394 399

435 603 469 684 ἓ
495 605 601 667 11.
628 639 718 648 —
748 603 841 664 De
872 599 1234 688 Prophetia
1271 599 1541 666 Bar-uela
1570 611 1635 665 et
1660 599 1743 666 de
1768 597 2077 688 Epistola
2110 597 2449 664 Ieremiae.

406 802 678 858 Quns'rlo
706 801 750 850 1.
779 827 842 838 —
869 801 944 849 De
970 801 1222 862 Epistolae
1249 801 1484 849 Ieremiae
1512 801 1655 877 (Bar.
1683 801 1739 862 6)
1762 801 1777 834 ¹
1813 805 2101 860 argumento
2126 805 2177 847 et
2203 800 2473 848 authentia.

269 983 318 1041 1.
347 1011 428 1020 —
456 1001 486 1032 «
513 977 824 1055 Epistola,
854 993 1043 1054 quam
1063 977 1240 1037 misit
1267 977 1561 1038 Ieremias
1585 977 1663 1036 ad
1688 977 1971 1055 captivos
1992 976 2058 1036 in
2086 975 2495 1053 Babyloniam
2519 973 2711 1035 abdu-

186 1074 440 1144 cemos,
475 1078 548 1134 ut
566 1073 962 1134 annuntiaret
988 1073 1110 1133 illis
1143 1073 1492 1135 secundum
1522 1073 1692 1151 quod
1721 1077 2124 1152 praeceptum
2150 1077 2283 1132 erat
2310 1072 2403 1132 illi
2428 1090 2465 1132 a
2492 1071 2708 1132 Domi-

185 1187 260 1230 no
303 1195 357 1240 »‚
397 1173 530 1230 tota
571 1170 638 1230 in
684 1187 759 1230 eo
788 1175 1092 1241 versatur,
1139 1174 1209 1230 ut
1236 1170 1538 1232 inanitate
1584 1170 1895 1230 idolorum
1941 1169 2368 1230 demonstrata
2404 1185 2711 1248 pauperes

186 1267 422 1327 exsules
449 1270 667 1327 contra
696 1267 990 1328 timorem
1023 1271 1086 1326 et
1107 1267 1344 1328 cultum
1375 1266 1689 1328 idolorum
1720 1267 2135 1345 praemuniat.

247 1381 376 1436 Post
400 1378 568 1435 breve
596 1379 883 1436 exordium
912 1381 1040 1450 (6‚1.
1073 1385 1128 1447 2)
1156 1378 1344 1436 thema
1378 1395 1541 1436 suum
1571 1379 1827 1451 proponit
1854 1379 2125 1451 propheta
2156 1379 2378 1452 (6,3-6),
2408 1387 2574 1450 atque
2602 1393 2700 1434 va-

181 1468 274 1522 riis
300 1468 661 1540 argumentis,
687 1483 830 1538 quae
856 1469 1048 1524 stricto
1069 1483 1214 1524 nexu
1243 1468 1422 1539 logico
1445 1481 1560 1523 non
1590 1468 1849 1524 videntur
1875 1467 2120 1539 colligari
2136 1509 2149 1530 ,
2177 1467 2555 1522 infirmitatem
2582 1464 2709 1522 ido·

183 1555 374 1622 lorum,
405 1570 548 1626 quae
577 1569 680 1610 nec
699 1571 816 1610 sese
846 1554 1146 1612 defendere
1167 1555 1418 1627 (Ga-¹5),
1441 1571 1545 1612 nec
1572 1554 1673 1612 sibi
1693 1555 1981 1612 consulere
2005 1559 2296 1622 (mle-26),
2323 1569 2427 1610 nec
2448 1553 2707 1610 sacerdo-

181 1651 292 1698 tum
328 1657 556 1698 suorum
578 1641 808 1698 iniurias
832 1658 861 1698 a
891 1657 949 1697 se
978 1651 1224 1699 avertere
1251 1651 1346 1699 aut
1370 1644 1569 1714 punire
1593 1645 1802 1715 possint
1830 1645 2117 1712 (6‚27-44)‚
2150 1641 2411 1712 explicat3
2448 1641 2649 1698 etenim
2674 1659 2705 1696 a

183 1730 374 1786 vilibus
409 1729 714 1786 artificibus
750 1729 1002 1786 confecta
1040 1731 1192 1786 omni
1221 1731 1482 1787 vilissimo
1518 1746 1647 1786 vase
1684 1740 1812 1786 sunt
1838 1729 2119 1786 inutiliora
2148 1731 2418 1802 (6‚45-58)
2442 1745 2545 1786 nec
2572 1743 2701 1786 cum

180 1817 288 1874 sole
314 1815 506 1874 aliisve
534 1818 802 1874 creaturis
829 1819 1038 1874 maiore
1064 1819 1175 1874 via
1209 1820 1328 1874 Deo
1367 1817 1631 1888 praeditis
1665 1817 1975 1890 comparari
2016 1825 2317 1888 merentur,
2363 1815 2461 1873 sed
2502 1816 2705 1873 similia

179 1913 300 1960 sunt
326 1906 514 1960 avium
545 1904 962 1970 formidinibus‚
987 1921 1095 1978 que
1121 1905 1180 1962 in
1204 1906 1597 1962 cucumerariis
1622 1915 1907 1977 ponuntur
1928 1908 2207 1976 (6‚59-71).
2234 1904 2339 1976 Qui
2367 1905 2537 1978 igitur
2560 1919 2707 1961 com-

179 1993 443 2048 maculari
465 1992 634 2061 nolit,
665 2002 855 2050 caveat
884 2009 916 2048 a
949 1993 1258 2050 simulacris
1290 1996 1472 2063 (632).

251 2146 305 2202 2.
337 2175 418 2186 —-
444 2143 766 2222 Ieremiae,
793 2144 897 2204 cui
923 2140 1252 2221 inscriptio
1275 2161 1414 2204 eam
1438 2143 1746 2218 attribuit,
1770 2143 2050 2221 Epistola
2070 2162 2105 2204 a
2126 2143 2591 2222 protestanticis
2616 2142 2709 2203 in·

178 2239 553 2316 terpretibus
585 2239 998 2310 abiudicatur‚
1033 2241 1178 2318 quia
1208 2241 1586 2320 primigenia
1614 2240 1751 2301 eius
1782 2241 1995 2318 lingua
2018 2241 2101 2300 sit
2126 2257 2343 2318 graeca
2373 2245 2435 2301 et
2462 2239 2527 2299 in
2556 2257 2706 2300 non-

177 2333 362 2396 nullis
413 2336 686 2397 textibus
733 2337 1008 2414 genuino
1053 2337 1351 2398 Ieremiae
1399 2337 1806 2398 contradicat.
1848 2339 1927 2397 At
1972 2338 2049 2398 ab
2109 2341 2360 2398 auctore
2416 2337 2701 2397 hebraice

175 2437 268 2491 est
296 2433 683 2511 conscripta,
713 2450 831 2492 nec
861 2432 1215 2510 quidquam
1243 2433 1555 2504 continet,
1579 2434 1747 2511 quod
1778 2452 1814 2493 a
1842 2433 2101 2494 Ieremia
2129 2434 2319 2494 scribi
2339 2452 2464 2493 non
2486 2438 2702 2511 potue-

179 2529 287 2603 rit;
317 2529 640 2590 immerito
669 2529 862 2608 igitur
896 2529 1292 2608 inscriptioni
1323 2529 1478 2590 fides
1510 2531 1871 2609 denegatur.

239 2640 405 2698 Solus
437 2657 663 2714 graecus
697 2642 920 2714 quidem
957 2651 1140 2699 textus
1168 2643 1328 2699 nobis
1351 2653 1436 2700 est
1463 2645 1837 2711 transmissuS‚
1865 2659 2046 2716 neque
2070 2659 2363 2715 negamus,
2392 2645 2452 2698 in
2476 2659 2541 2699 eo
2571 2659 2703 2715 pau-

171 2731 348 2786 ciores
387 2745 556 2800 quam
597 2745 683 2785 ex.
728 2746 812 2802 gr.
864 2731 921 2785 in
967 2729 1108 2786 libro
1153 2731 1372 2787 Baruch
1417 2730 1762 2787 hebraismos
1808 2731 2074 2796 invenir13
2108 2740 2352 2786 attamen
2400 2739 2582 2786 tantus
2622 2739 2705 2786 est

171 2831 368 2874 eorum
396 2832 661 2872 numerus
689 2827 742 2873 et
773 2826 884 2874 tam
914 2817 1038 2873 duri
1066 2827 1196 2874 sunt
1221 2819 1506 2887 nonnulli,
1544 2828 1604 2874 ut
1631 2819 1957 2892 primigenio
1989 2817 2250 2874 hebraico
2284 2827 2439 2874 textu
2465 2834 2577 2874 non
2602 2819 2701 2872 ad-

171 2905 338 2960 misso
361 2913 490 2973 apte
515 2920 627 2960 non
657 2905 1018 2976 explicentur.
1051 2907 1173 2975 Quo
1201 2904 1464 2978 frequens
1491 2907 1757 2978 temporis
1788 2905 1956 2962 futuri
1982 2921 2114 2961 usus
2142 2905 2212 2961 de
2246 2905 2408 2962 rebus
2440 2921 2701 2977 praesen·

165 2991 315 3048 tibus
359 2999 458 3047 aut
497 2991 827 3048 continuatis
861 2997 1028 3062 (6‚10.
1067 2999 1152 3048 11.
1197 3000 1283 3050 33.
1325 3000 1392 3050 34
1425 2997 1575 3064 etc.),
1606 2995 1865 3050 continua
1904 3002 2218 3065 temporum
2260 2994 2521 3062 varietas,
2566 3009 2701 3048 con-

169 3081 650 3152 structionumque
684 3079 1070 3136 hebraicarum
1101 3088 1156 3136 et
1193 3095 1515 3154 graecarum
1543 3083 1604 3137 in
1626 3081 1820 3138 eadem
1847 3081 2036 3154 phrasi
2060 3082 2351 3153 permixtio
2378 3080 2707 3153 praeprimis

167 3175 451 3240 spectant;
496 3176 658 3240 atque
713 3168 941 3240 phrases
996 3169 1323 3238 nonnullae,
1373 3185 1514 3241 quae
1564 3170 1670 3225 soli
1723 3169 2040 3240 interpretis
2094 3169 2460 3242 negligentiae
2514 3169 2702 3225 deberi

169 3255 428 3312 videntur
441 3256 483 3322 ¹,
513 3255 885 3328 inscriptionis
912 3258 1288 3313 testimonium
1319 3257 1545 3313 omnino
1575 3257 1925 3314 confirmant.

233 3345 380 3400 Cum
423 3343 707 3400 vaticiniis
749 3360 996 3416 pugnare
1037 3344 1241 3401 dicitur
1287 3346 1529 3416 Epistola
1577 3346 1635 3400 in
1678 3346 1851 3401 exsilii
1888 3344 2178 3402 duratione
2225 3367 2238 3401 ε
2287 3350 2493 3402 lerem.
2538 3351 2707 3412 29,10

171 3453 194 3482 a
221 3431 576 3504 septuaginta
602 3433 734 3488 anni
760 3453 809 3498 n,
842 3433 1085 3504 Epistola
1115 3435 1274 3504 (Bar.
1309 3437 1420 3502 63)
1452 3453 1465 3489 :
1499 3453 1524 3484 α
1558 3449 1730 3505 usque
1758 3432 1830 3489 ad
1856 3435 2235 3506 generationes
2267 3443 2474 3506 septem
2514 3455 2561 3490 ι».
2594 3433 2700 3489 Sed

167 3543 351 3602 pugna
372 3544 441 3584 eo
460 3529 576 3584 solo
603 3530 660 3585 in
682 3545 812 3585 casu
834 3530 1098 3596 exoritur,
1122 3531 1166 3585 si
1186 3529 1488 3602 yeneratio
1516 3523 1662 3602 (ua)
1685 3539 1839 3586 certo
1861 3546 2095 3586 numero
2115 3546 2387 3586 annorum
2406 3529 2699 3598 delinitur·,

165 3617 362 3674 nullibi
390 3623 574 3673 autem
606 3618 664 3672 in
692 3617 974 3688 Scriptura
1004 3617 1262 3673 delinitus
1289 3634 1555 3674 numerus
1580 3634 1853 3674 annorum
1891 3619 2251 3690 qenerationi
2280 3618 2362 3673 vel
2390 3617 2571 3690 potius
2590 3635 2701 3690 pe-

165 3705 341 3762 riodo
380 3705 536 3776 (Dor)
569 3706 896 3780 assignatur.
937 3706 994 3761 Si
1021 3705 1223 3774 mavis,
1254 3707 1459 3778 poteris
1496 3706 1759 3764 mendum
1796 3705 2009 3762 librarii
2047 3704 2336 3762 admittere
2370 3706 2602 3779 legentis
2640 3715 2696 3762 et

221 3853 286 3916 (1)
319 3855 396 3902 De
425 3853 671 3916 Epistola
694 3854 978 3912 Ieremiae,
1013 3853 1106 3902 etsi
1135 3854 1186 3902 in
1223 3853 1434 3917 Vulgata
1461 3853 1527 3903 sit
1558 3853 1775 3904 Bamch
1798 3860 1864 3913 6.,
1899 3854 2061 3918 primo
2082 3855 2195 3904 loco
2220 3854 2439 3916 agimuS,
2470 3866 2533 3903 ne
2562 3855 2693 3903 lere·

163 3932 290 3982 miae
314 3931 538 3995 genuina
569 3945 719 3996 opera
747 3931 850 3982 alio
873 3933 1138 3983 interiecto
1166 3947 1471 3995 separemus.
1499 3935 1575 3983 De
1599 3933 1867 3996 Prophetis
1893 3934 2091 3984 Barucb
2120 3939 2171 3983 et
2202 3932 2440 3984 Ieremiae
2470 3933 2695 3995 Epistola

163 4017 334 4062 autem
369 4010 526 4060 simin
551 4013 770 4075 agimus,
803 4011 920 4061 licet
956 4012 1140 4062 diversi
1173 4012 1276 4062 sint
1313 4025 1492 4063 eorum
1529 4015 1788 4074 auctores,
1826 4013 1947 4077 quia
1977 4014 2025 4063 in
2066 4013 2210 4076 vulg.
2238 4012 2614 4075 coniunguntur
2643 4017 2696 4062 et

162 4091 280 4154 quia
310 4089 495 4141 ambae
523 4105 586 4141 ex
609 4090 1182 4142 deuterocanonicorum
1207 4090 1458 4142 librorum
1487 4105 1699 4142 numero
1722 4096 1860 4142 sunt.

221 4173 284 4232 (2)
317 4169 414 4222 Csr
441 4183 520 4220 ex.
555 4185 628 4234 gr.
660 4175 740 4230 6‚8
767 4173 936 4230 Ψευδῆ
965 4171 1143 4222 meu
1172 4172 1252 4234 (τὰ
1284 4173 1480 4232 εἴδωλα)
1511 4175 1591 4221 καὶ
1621 4173 1677 4221 οὗ
1706 4173 1972 4222 δύνανται
1997 4174 2180 4230 λαλεῖν,
2210 4173 2300 4220 aut
2327 4173 2437 4230 ⁶,oe
2466 4171 2526 4219 τὰ
2557 4171 2693 4236 θηρία

163 4250 314 4299 αὐτῶν
343 4251 473 4300 ἐστι
502 4251 769 4312 κρείττονα.
801 4252 833 4300 ἃ
857 4253 1139 4300 δυνανται
1165 4251 1429 4314 inserena
1455 4252 1520 4308 ιῖς
1544 4253 1731 4309 σκεπήν
1759 4254 1937 4301 ἑαυτῶν
1966 4253 2229 4314 ὠφελῆσαι,
2262 4247 2349 4298 ubi
2376 4249 2428 4298 in
2458 4250 2692 4299 secundis

165 4329 404 4380 membris
421 4327 633 4393 pluralis
659 4341 723 4380 ex
749 4329 891 4380 hebr.
919 4333 994 4380 est
1011 4332 1268 4389 retentus,
1291 4329 1344 4379 in
1362 4329 1543 4395 primis
1563 4333 1734 4380 autem
1760 4327 2029 4393 singularis
2052 4332 2189 4378 recte
2210 4328 2422 4390 positus,
2451 4329 2689 4391 quoniam

164 4407 212 4456 in
240 4411 386 4458 textu
415 4406 558 4458 hebr.
589 4407 802 4458 verbum
829 4423 932 4460 non
957 4411 1070 4458 erat
1091 4422 1402 4471 expressum.
1427 4436 1490 4446 —
1510 4411 1673 4459 Porro
1698 4413 1809 4468 6,12
1828 4407 2149 4472 ἐκμάσσονται
2170 4409 2227 4457 τὸ
2250 4407 2507 4472 πρόσωπον
2534 4407 2689 4458 αὐτῶν

165 4494 396 4546 hebraice
422 4498 656 4546 vertatur
685 4499 884 4560 oportet
914 4499 1103 4570 0¹:⁸³3?
1133 4499 1280 4571 tm:-
1311 4497 1621 4560 (abluentur
1648 4495 1814 4560 facies
1836 4497 2056 4560 eorum),
2090 4499 2140 4545 et
2164 4495 2291 4546 mira
2318 4495 2407 4546 illa
2430 4499 2691 4546 construc-

165 4589 232 4640 tio
259 4596 373 4650 6,38
412 4597 508 4649 τοῖς
543 4593 686 4649 λίθοις
722 4569 1244 4656 ὡμοιωμίῦοιὶῑσὶῦ
1280 4596 1338 4643 τὰ
1377 4595 1538 4651 ξύλινα
1578 4593 1660 4642 κτλ
1702 4591 1810 4642 solo
1853 4591 2073 4643 admisso
2116 4596 2259 4644 textu
2304 4593 2539 4644 hebraico
2577 4597 2693 4657 apte

162 4671 455 4732 explicatur.
