3050 5184
731 307 808 353 ΒΕ
849 308 1382 356 senous'rlconuu
1429 312 2011 357 INTERPRETAHONE.
2532 298 2639 358 161

131 436 398 493 ediderunt
431 439 750 496 Porclaetus
785 441 1154 507 Salvatieus,
1193 446 1262 499 Ο.
1301 444 1493 501 Carth.
1525 446 1589 515 (1-
1617 460 1667 500 e.
1711 444 1886 516 1320),
1914 446 2305 516 Hieronymus
2330 460 2373 501 a
2404 445 2463 502 S.
2508 432 2647 501 Fide

143 530 394 594 -;·1430.),
415 528 670 583 Iacobus
684 531 870 585 Pares
898 530 980 585 vel
1009 534 1184 587 Peres
1202 536 1268 599 (c.
1303 536 1504 601 1491.),
1533 536 1747 588 Petrus
1772 531 2099 589 Calatinus
2127 534 2186 603 (†
2214 536 2392 601 1530.)
2418 533 2641 604 aliique,

131 614 200 683 qui
225 613 292 669 ad
319 624 648 687 sequentem
673 616 964 689 periodum
994 620 1294 690 pertinent.

185 778 234 833 4.
265 809 344 819 —-
371 776 640 837 Ineunte
669 794 926 839 sancum
959 782 1054 840 14.
1087 780 1320 859 linguis
1354 781 1765 843 orientalibus
1798 782 2081 843 studium
2113 782 2481 859 impendere
2512 798 2647 841 coe-

127 876 326 945 perunt
353 872 668 951 theologi,
701 890 908 953 neque
947 894 1250 955 umquam
1279 878 1358 939 ab
1401 894 1477 939 eo
1505 880 1797 957 tempore
1843 878 2209 949 defuerunt,
2248 878 2353 955 qui
2386 878 2450 937 in
2482 876 2644 938 Scri-

127 968 298 1043 pturis
327 970 730 1047 explicandis
756 973 964 1033 textus
991 974 1407 1053 primigenios
1439 976 1864 1036 consulerent.
1900 973 2171 1045 PrimuS‚
2208 975 2315 1051 qui
2351 990 2508 1035 saec.
2547 976 2639 1035 14.

127 1066 434 1125 scientiam
477 1066 734 1145 linguae
773 1068 1104 1131 hebraicae
1151 1072 1216 1130 in
1262 1072 1737 1133 commentariis
1768 1072 1899 1133 suis
1930 1071 2196 1132 feliciter
2237 1070 2523 1131 adhibuit
2550 1076 2647 1131 est

129 1160 374 1223 Nicotaus
425 1162 724 1243 Lyn-anus,
777 1166 847 1227 O.
901 1167 1052 1227 Min.
1105 1166 1175 1247 Η-
1225 1166 1456 1248 1340.)‚
1511 1186 1801 1230 summus
1845 1185 1995 1230 suae
2040 1168 2266 1229 aetatis
2309 1168 2640 1245 interpres,

127 1258 352 1320 Praeter
383 1278 536 1321 eum
567 1266 778 1323 autem
809 1280 934 1324 non
963 1264 1150 1343 pauci
1180 1264 1406 1327 eodem
1435 1264 1689 1327 saeculo
1719 1266 2082 1325 floruerunt.

179 1382 232 1435 ln
257 1382 512 1438 Concilio
547 1384 846 1441 Viennensi
889 1389 1094 1454 (1311.)
1137 1387 1397 1445 Clemens
1435 1388 1504 1443 V.
1534 1387 1593 1442 in
1622 1386 1932 1458 praecipuis
1957 1384 2411 1441 universitatibus
2452 1385 2645 1441 cathe-

125 1466 228 1523 dras
247 1470 574 1544 linguarum
600 1473 952 1529 orientalium
981 1474 1270 1549 erigendas
1295 1475 1510 1544 statuit,
1538 1483 1601 1530 ut
1630 1474 1823 1531 ludaei
1849 1472 2401 1544 Mahummetanique
2438 1488 2505 1528 ex
2532 1474 2646 1528 suis

125 1558 342 1629 ipsorum
383 1558 550 1616 libris
591 1577 624 1617 a
666 1560 941 1635 theologis
967 1563 1174 1619 erroris
1217 1563 1472 1619 convinci
1508 1571 1752 1634 possent.
1794 1566 1871 1617 At
1910 1560 2019 1617 hoc
2054 1560 2371 1633 linguarum
2398 1559 2644 1617 studium

127 1648 523 1719 seripturisticis
550 1648 749 1707 studiis
769 1650 1006 1707 mirifice
1036 1649 1265 1722 profuit,
1291 1650 1350 1707 id
1389 1650 1541 1723 quod
1576 1649 1737 1707 facile
1767 1656 1999 1722 apparet
2024 1664 2091 1705 ex
2130 1648 2358 1720 Lyram:
2378 1648 2641 1715 Postillis,

129 1752 238 1804 qme
263 1736 338 1793 ad
365 1752 568 1793 omncs
595 1738 904 1810 Utriusque
931 1740 1082 1795 Test.
1119 1738 1322 1805 libros,
1363 1738 1611 1811 exceptis
1637 1736 1888 1810 partibus
1922 1738 2206 1793 nonnullis
2241 1736 2645 1793 deuterocano-

127 1823 262 1891 uicis,
287 1840 424 1881 sese
459 1825 786 1881 extendunt.
819 1824 1032 1883 Eadem
1054 1827 1324 1900 principia
1363 1826 1811 1892 hermeneutica‚
1840 1841 1981 1899 quae
2016 1823 2469 1898 praedecessores
2494 1826 2643 1892 eius,

127 1914 368 1983 sequitur,
407 1913 508 1969 sed
534 1912 594 1969 in
613 1914 815 1970 Vetere
841 1917 992 1970 Test.
1022 1914 1092 1971 ad
1115 1924 1334 1971 textum
1360 1914 1687 1971 hebraicum
1711 1913 1951 1971 attendit
1972 1922 2029 1970 et
2054 1914 2349 1985 aliquoties
2366 1914 2537 1969 etiam
2556 1930 2646 1969 ex·

127 2001 434 2069 plicationes
459 2004 531 2057 R.
557 2002 869 2059 Salomonis
895 2002 1082 2061 larchi
1109 2004 1292 2061 affert.
1326 2004 1392 2058 In
1419 2003 1703 2059 nonnullis
1725 2001 1883 2058 libris
1906 2000 2045 2071 (Iob,
2072 2002 2243 2071 Isaia‚
2266 2004 2365 2058 Ev.
2398 2001 2643 2071 IoanniS‚

127 2104 191 2158 ep.
217 2090 496 2157 paulinis)
539 2106 570 2145 a
601 2093 656 2147 S.
687 2090 901 2147 Thoma
932 2090 1048 2148 sere
1075 2090 1372 2163 dependet,
1403 2091 1535 2147 licet
1562 2091 1780 2163 saepius
1816 2090 1987 2147 aliam
2020 2088 2292 2147 librorum
2319 2090 2645 2145 divisionem

125 2176 319 2233 indicet.
355 2178 644 2249 Quoniam
681 2178 742 2234 in
781 2180 894 2235 suis
922 2180 1168 2235 Postillis
1203 2178 1386 2235 solum
1419 2195 1645 2235 sensum
1682 2178 1959 2235 literalem
1984 2186 2335 2250 exposuerat,
2368 2177 2647 2233 volumine

123 2275 356 2336 separato
387 2264 568 2322 edidit
603 2288 629 2318 α
659 2268 1006 2325 Moralitates
1035 2291 1060 2321 n
1089 2268 1127 2322 i.
1161 2284 1212 2323 e.
1242 2267 1569 2340 allegoricas
1592 2275 1651 2323 et
1666 2266 2041 2341 tropologicas
2069 2266 2484 2337 explicationeS‚
2506 2282 2648 2337 quae

125 2362 283 2423 postea
303 2354 560 2410 Postillis
585 2355 720 2426 ipsis
741 2355 981 2412 insertae
1005 2364 1150 2411 sunt.
1174 2356 1407 2412 Saeculo
1435 2355 1761 2428 insequente
1783 2356 2011 2411 Paulus
2034 2356 2343 2427 Burqensis
2370 2357 2433 2424 (†
2467 2358 2647 2420 1435.)

123 2440 180 2495 ad
199 2443 462 2499 Postillas
491 2441 698 2499 adiecit
729 2463 753 2495 e
782 2443 1119 2501 Additiones
1149 2464 1200 2514 n,
1231 2444 1290 2500 in
1321 2443 1522 2515 quibus
1550 2451 1648 2499 aut
1673 2443 2112 2513 Postillatorem,
2140 2442 2237 2499 ubi
2262 2442 2431 2498 nimis
2457 2442 2649 2497 leviter

123 2530 466 2587 traditionem
504 2532 847 2604 exegeticam
878 2532 1168 2605 reliquisse
1199 2530 1512 2601 videbatur,
1556 2530 1628 2587 ad
1656 2530 1923 2588 traditam
1959 2530 2385 2602 explicationem
2419 2546 2649 2586 revoca-

125 2619 202 2683 rit,
229 2628 327 2675 aut
354 2618 502 2675 alias
525 2619 898 2691 expositiones
926 2636 991 2676 ex
1022 2619 1380 2676 Maimonidis
1397 2628 1454 2677 et
1475 2619 1794 2677 Abenesrae
1818 2618 1974 2675 libris
1996 2617 2231 2675 addidit.
2258 2617 2651 2674 Additionibus

121 2707 258 2763 Pauli
278 2710 454 2780 Burg.
487 2706 790 2764 Matthias
810 2708 1156 2781 Thorinqus,
1184 2710 1252 2765 Ο.
1283 2708 1404 2764 Min
1427 2710 1490 2779 (1-
1522 2712 1702 2775 1460.)
1726 2707 1986 2779 opposuit
2006 2722 2135 2763 suas
2155 2706 2432 2778 Replicas.
2460 2708 2652 2762 Trium

123 2793 302 2851 horum
328 2803 630 2852 auctorum
652 2811 820 2867 opera
847 2797 908 2853 in
931 2798 1140 2871 Lyrani
1165 2796 1502 2853 editionibus
1517 2839 1533 2865 ‚
1566 2812 1707 2869 quae
1734 2796 1879 2869 typis
1900 2795 2199 2867 impressae
2224 2802 2373 2863 sunt,
2404 2794 2651 2866 plerum-

121 2898 210 2951 que
235 2899 366 2939 mm
389 2882 594 2941 Glossa
621 2883 902 2941 ordinaria
932 2894 987 2941 et
1013 2885 1360 2941 interlineari
1383 2892 1512 2941 sunt
1541 2884 1837 2941 coniuncta
1858 2882 2083 2951 (Biblia
2100 2882 2458 2949 ordinaria).
2489 2884 2654 2937 Prae-

123 2980 192 3025 ter
221 2974 512 3045 Lyranum
553 2986 621 3026 ex
667 2988 813 3029 saec.
865 2978 952 3029 14.
993 2971 1392 3045 interpretibus
1437 2973 1719 3028 nominari
1764 2979 2049 3027 merentur
2084 2975 2291 3026 Petrus
2334 2971 2651 3037 Aureolus,

121 3063 174 3112 ⁴).
205 3061 338 3117 Min.
373 3062 436 3133 (1-
469 3064 672 3129 1322.),
713 3060 968 3117 Thomas
989 3061 1276 3133 Anqlicus
1299 3078 1344 3117 s.
1378 3061 1657 3118 vallensis
1684 3060 1752 3116 Ο.
1784 3057 1983 3116 Praed.
2026 3060 2089 3129 (1-
2124 3062 2323 3127 1340.),
2370 3058 2657 3113 Robertus

123 3149 371 3217 Hele-oth,
399 3148 472 3205 Ο.
503 3147 704 3204 Praed.
733 3150 796 3219 (†
825 3154 1026 3217 ima),
1049 3150 1338 3205 Nicotaus
1360 3148 1435 3204 de
1459 3149 1745 3217 Gor-kam,
1776 3149 1843 3205 Ο.
1863 3146 2062 3204 Praed.
2090 3148 2375 3217 (†1375.)‚
2407 3144 2657 3203 ΜίοΙιαεί

125 3238 159 3288 ,1
167 3254 432 3309 yqnamaes
455 3239 526 3293 Ο.
551 3238 736 3292 Carm.
767 3239 830 3307 (1-
861 3243 1016 3293 1396.
1042 3239 1129 3293 vel
1156 3242 1360 3307 1416.),
1386 3252 1624 3309 quorum
1649 3236 1903 3292 omnium
1925 3250 2093 3307 opera
2112 3234 2393 3309 exegetica
2414 3243 2570 3290 tanto
2598 3234 2657 3290 in

126 3322 314 3381 honore
343 3312 594 3393 fuerunt,
623 3332 687 3379 ut
715 3333 839 3397 post
867 3324 1152 3381 inventam
1183 3324 1607 3398 typographiam
1636 3326 1879 3396 saepius
1908 3324 2019 3379 sint
2045 3322 2191 3395 typis
2221 3322 2513 3395 descripta.

187 3498 242 3553 5.
273 3526 348 3541 —·-
377 3498 470 3556 Ex
497 3510 746 3556 sancum
779 3497 874 3556 15.
909 3495 1361 3573 interpretibus
1389 3494 1711 3573 plerique,
1746 3493 1913 3552 inter
1944 3509 2099 3569 quos
2136 3491 2463 3570 praecipui
2514 3496 2659 3553 sunt

135 3591 458 3668 Alphonsus
515 3592 790 3653 Testatus
846 3609 896 3651 S.
961 3592 1268 3652 abulensis
1325 3590 1394 3670 (†
1451 3588 1657 3669 1455.)
1717 3595 1780 3650 et
1833 3588 2159 3667 Dionysius
2216 3586 2657 3650 Cartha-sicinus

133 3686 426 3769 1-1-1471.)‚
465 3688 859 3749 scholasticis
910 3688 1369 3749 adnumerandi
1414 3691 1593 3760 sunt3
1625 3704 1661 3746 a
1704 3686 1915 3747 medio
1964 3690 2173 3746 autem
2220 3702 2377 3746 saec.
2415 3688 2511 3745 15.
2549 3686 2657 3745 alii

126 3782 459 3862 linguistica
488 3785 705 3846 studia
736 3784 1105 3865 diligentius
1140 3785 1496 3845 excolentes
1533 3783 1854 3861 sequentis
1885 3781 2133 3860 periodi
2166 3783 2375 3861 prima
2416 3782 2661 3841 semina

133 3878 310 3941 iacere
330 3900 691 3959 novamque
724 3898 980 3943 auream
1011 3899 1348 3960 exegeseos
1378 3885 1649 3941 aetatem
1680 3896 2054 3959 praeparare
2088 3881 2455 3957 coeperunt.

191 4002 518 4075 Alpkonsus
551 4006 842 4073 Tostatus,
873 4005 1165 4076 episcopus
1205 4002 1526 4072 Abulensis,
1568 4018 1700 4058 suae
1738 4002 1936 4059 aetatis
1974 4001 2056 4056 vir
2092 3999 2530 4069 eruditissimus,
2572 4000 2654 4054 vi-

135 4090 260 4152 ginti
297 4094 539 4165 quinque
576 4108 780 4166 magna
823 4092 1106 4148 volumina·
1145 4090 1607 4163 explicationibus
1642 4088 2003 4157 octateuchi,
2042 4087 2313 4144 librorum
2352 4090 2571 4159 Regum
2600 4096 2656 4143 et

137 4178 350 4251 Paralip.
369 4225 384 4249 ,
407 4189 574 4253 atque
603 4179 892 4251 Evangelii
921 4182 978 4237 S.
1008 4179 1284 4236 Matthaei
1313 4179 1598 4251 implevit,
1623 4177 1993 4234 diffusissimis
2029 4174 2443 4248 quaestionibus
2465 4176 2649 4231 omnia

137 4266 443 4325 scholastico
487 4268 602 4325 fere
647 4266 818 4325 modo
859 4275 1126 4324 tractans.
1170 4268 1316 4324 Satis
1356 4266 1590 4323 diffusae
1643 4281 1863 4339 quoque
1903 4273 2033 4321 sunt
2072 4264 2351 4335 Dionysii
2381 4278 2415 4319 a
2454 4263 2649 4320 Rickel

139 4352 515 4413 carthusiani
546 4356 928 4413 enarrationes
971 4355 1030 4412 in
1071 4370 1265 4411 omnes
1291 4354 1465 4412 libros
1492 4368 1706 4423 sacros,
1736 4369 1974 4425 quorum
2014 4366 2238 4407 sensum
2271 4350 2545 4406 literalem
2580 4351 2649 4407 ab

137 4441 424 4513 allegoricis
457 4442 1065 4501 accommodationibus
1114 4452 1170 4500 et
1203 4443 1563 4515 tropologicis
1600 4440 1957 4498 consectariis
1994 4439 2287 4512 diligenter
2332 4436 2645 4510 distinguit,

139 4528 204 4581 ita
225 4537 288 4584 ut
313 4531 582 4588 interdum
606 4531 888 4605 duplicem
917 4530 1002 4587 vel
1030 4532 1306 4603 triplicem
1334 4529 1585 4587 eiusdem
1613 4529 1743 4586 libri
1771 4528 2197 4601 explicationem
2223 4525 2427 4584 tradat.

199 4618 346 4675 Licet
367 4618 544 4695 lingua
563 4620 825 4677 hebraica
849 4620 961 4676 iam
980 4618 1108 4676 inde
1128 4635 1161 4676 a
1189 4634 1334 4676 saec.
1362 4625 1448 4675 14.
1474 4618 1795 4690 diligentius
1815 4626 1959 4673 esset
1976 4614 2214 4684 exculta,
2244 4629 2441 4689 graeca
2460 4622 2649 4671 tamen

860 4716 1114 4767 Gonnum
1151 4717 1422 4765 counito.
1457 4717 1679 4764 Iit-raon.
1714 4740 1776 4751 --
1811 4718 1882 4763 11.
