<?xml version="1.0" encoding="UTF-8"?>
<!DOCTYPE html PUBLIC "-//W3C//DTD XHTML 1.0 Transitional//EN"
    "http://www.w3.org/TR/xhtml1/DTD/xhtml1-transitional.dtd">
<html xmlns="http://www.w3.org/1999/xhtml" xml:lang="en" lang="en">
 <head>
  <title>
</title>
<meta http-equiv="Content-Type" content="text/html;charset=utf-8" />
  <meta name='ocr-system' content='tesseract 3.04.00' />
  <meta name='ocr-capabilities' content='ocr_page ocr_carea ocr_par ocr_line ocrx_word'/>
</head>
<body>
  <div class='ocr_page' id='page_1' title='image "./historicaeetcri00corngoog_0492.png"; bbox 0 0 3050 5184; ppageno 0'>
   <div class='ocr_carea' id='block_1_1' title="bbox 467 291 2912 356">
    <p class='ocr_par' dir='ltr' id='par_1_1' title="bbox 467 291 2912 356">
     <span class='ocr_line' id='line_1_1' title="bbox 467 291 2912 356; baseline 0.002 -8"><span class='ocrx_word' id='word_1_1' title='bbox 467 291 584 348; x_wconf 63' lang='grc'><strong>432</strong></span> <span class='ocrx_word' id='word_1_2' title='bbox 661 308 739 350; x_wconf 83' lang='lat' dir='ltr'><strong>DE</strong></span> <span class='ocrx_word' id='word_1_3' title='bbox 769 307 908 352; x_wconf 78' lang='lat' dir='ltr'><strong>Novt</strong></span> <span class='ocrx_word' id='word_1_4' title='bbox 934 309 1103 354; x_wconf 77' lang='lat' dir='ltr'><strong>TEST.</strong></span> <span class='ocrx_word' id='word_1_5' title='bbox 1133 309 1332 354; x_wconf 72' lang='lat' dir='ltr'><strong>nnius</strong></span> <span class='ocrx_word' id='word_1_6' title='bbox 1361 309 1702 355; x_wconf 71' lang='lat' dir='ltr'><strong>nlsromcls.</strong></span> <span class='ocrx_word' id='word_1_7' title='bbox 1731 327 1812 337; x_wconf 88' lang='lat'><strong>—</strong></span> <span class='ocrx_word' id='word_1_8' title='bbox 1838 311 1971 356; x_wconf 76' lang='lat' dir='ltr'><strong>cAP.</strong></span> <span class='ocrx_word' id='word_1_9' title='bbox 2001 313 2049 356; x_wconf 87' lang='lat'><strong>1.</strong></span> <span class='ocrx_word' id='word_1_10' title='bbox 2078 311 2156 355; x_wconf 78' lang='lat' dir='ltr'><strong>DE</strong></span> <span class='ocrx_word' id='word_1_11' title='bbox 2182 309 2527 356; x_wconf 64' lang='lat' dir='ltr'><strong>nummus</strong></span> <span class='ocrx_word' id='word_1_12' title='bbox 2567 309 2912 356; x_wconf 74' lang='lat' dir='ltr'><strong>SYNOPTICIS.</strong></span> 
     </span>
    </p>
   </div>
   <div class='ocr_carea' id='block_1_2' title="bbox 406 437 3031 4660">
    <p class='ocr_par' dir='ltr' id='par_1_2' title="bbox 447 437 2957 1807">
     <span class='ocr_line' id='line_1_2' title="bbox 465 437 2954 513; baseline 0.001 -23"><span class='ocrx_word' id='word_1_13' title='bbox 465 437 732 504; x_wconf 62' lang='lat' dir='ltr'><strong>‚qentibus</strong></span> <span class='ocrx_word' id='word_1_14' title='bbox 759 448 984 512; x_wconf 83' lang='lat' dir='ltr'><strong>propter</strong></span> <span class='ocrx_word' id='word_1_15' title='bbox 1005 455 1207 495; x_wconf 92' lang='lat' dir='ltr'><strong>nomen</strong></span> <span class='ocrx_word' id='word_1_16' title='bbox 1235 455 1427 495; x_wconf 89' lang='lat' dir='ltr'><strong>meum</strong></span> <span class='ocrx_word' id='word_1_17' title='bbox 1453 459 1480 492; x_wconf 78' lang='grc' dir='ltr'><strong>ιο</strong></span> <span class='ocrx_word' id='word_1_18' title='bbox 1517 439 1685 511; x_wconf 79' lang='grc'>(24,9)</span> <span class='ocrx_word' id='word_1_19' title='bbox 1714 439 1917 496; x_wconf 87' lang='lat' dir='ltr'><strong>iterum</strong></span> <span class='ocrx_word' id='word_1_20' title='bbox 1945 439 2201 513; x_wconf 89' lang='lat' dir='ltr'><strong>mitigans</strong></span> <span class='ocrx_word' id='word_1_21' title='bbox 2222 441 2377 512; x_wconf 89' lang='lat' dir='ltr'><strong>ponit</strong></span> <span class='ocrx_word' id='word_1_22' title='bbox 2404 461 2431 492; x_wconf 74' lang='grc' dir='ltr'><strong>α</strong></span> <span class='ocrx_word' id='word_1_23' title='bbox 2450 441 2609 497; x_wconf 89' lang='lat' dir='ltr'><strong>eritis</strong></span> <span class='ocrx_word' id='word_1_24' title='bbox 2635 439 2765 496; x_wconf 85' lang='lat' dir='ltr'><strong>odio</strong></span> <span class='ocrx_word' id='word_1_25' title='bbox 2790 441 2954 494; x_wconf 70' lang='lat' dir='ltr'><strong>omni-</strong></span> 
     </span>
     <span class='ocr_line' id='line_1_3' title="bbox 470 524 2951 599; baseline 0.001 -21"><span class='ocrx_word' id='word_1_26' title='bbox 470 524 574 578; x_wconf 77' lang='lat' dir='ltr'><strong>bus</strong></span> <span class='ocrx_word' id='word_1_27' title='bbox 604 533 826 596; x_wconf 86' lang='lat' dir='ltr'><strong>propter</strong></span> <span class='ocrx_word' id='word_1_28' title='bbox 851 542 1056 591; x_wconf 82' lang='lat' dir='ltr'><strong>nomen</strong></span> <span class='ocrx_word' id='word_1_29' title='bbox 1077 543 1266 582; x_wconf 89' lang='lat' dir='ltr'><strong>meum</strong></span> <span class='ocrx_word' id='word_1_30' title='bbox 1295 547 1321 578; x_wconf 72' lang='grc' dir='ltr'><strong>ι»</strong></span> <span class='ocrx_word' id='word_1_31' title='bbox 1352 527 1552 596; x_wconf 80' lang='grc'>(21,17)</span> <span class='ocrx_word' id='word_1_32' title='bbox 1578 535 1687 582; x_wconf 91' lang='lat' dir='ltr'><strong>etc.</strong></span> <span class='ocrx_word' id='word_1_33' title='bbox 1710 530 1885 582; x_wconf 87' lang='lat' dir='ltr'><strong>Porro</strong></span> <span class='ocrx_word' id='word_1_34' title='bbox 1908 529 2212 584; x_wconf 89' lang='lat' dir='ltr'><strong>Dominum</strong></span> <span class='ocrx_word' id='word_1_35' title='bbox 2239 527 2473 582; x_wconf 80' lang='lat' dir='ltr'><strong>ethnicis</strong></span> <span class='ocrx_word' id='word_1_36' title='bbox 2495 543 2719 599; x_wconf 86' lang='lat' dir='ltr'><strong>quoque</strong></span> <span class='ocrx_word' id='word_1_37' title='bbox 2742 527 2951 591; x_wconf 79' lang='lat' dir='ltr'><strong>venisse,</strong></span> 
     </span>
     <span class='ocr_line' id='line_1_4' title="bbox 467 610 2955 684; baseline 0 -19"><span class='ocrx_word' id='word_1_38' title='bbox 467 610 521 665; x_wconf 93' lang='lat' dir='ltr'><strong>S.</strong></span> <span class='ocrx_word' id='word_1_39' title='bbox 550 613 730 667; x_wconf 89' lang='lat' dir='ltr'><strong>Lucas</strong></span> <span class='ocrx_word' id='word_1_40' title='bbox 757 612 917 668; x_wconf 90' lang='lat' dir='ltr'><strong>docet</strong></span> <span class='ocrx_word' id='word_1_41' title='bbox 946 613 1056 668; x_wconf 88' lang='lat' dir='ltr'><strong>iam</strong></span> <span class='ocrx_word' id='word_1_42' title='bbox 1084 612 1400 684; x_wconf 81' lang='lat' dir='ltr'><strong>genealogia</strong></span> <span class='ocrx_word' id='word_1_43' title='bbox 1424 629 1554 680; x_wconf 85' lang='lat' dir='ltr'><strong>sua,</strong></span> <span class='ocrx_word' id='word_1_44' title='bbox 1580 628 1745 684; x_wconf 88' lang='lat' dir='ltr'><strong>quam</strong></span> <span class='ocrx_word' id='word_1_45' title='bbox 1773 612 1845 669; x_wconf 91' lang='lat' dir='ltr'><strong>ad</strong></span> <span class='ocrx_word' id='word_1_46' title='bbox 1863 613 2143 669; x_wconf 86' lang='lat' dir='ltr'><strong>Adamum</strong></span> <span class='ocrx_word' id='word_1_47' title='bbox 2164 629 2337 684; x_wconf 89' lang='lat' dir='ltr'><strong>usque</strong></span> <span class='ocrx_word' id='word_1_48' title='bbox 2360 613 2611 684; x_wconf 88' lang='lat' dir='ltr'><strong>perducit</strong></span> <span class='ocrx_word' id='word_1_49' title='bbox 2634 614 2793 682; x_wconf 90' lang='lat' dir='ltr'><strong>(Luc.</strong></span> <span class='ocrx_word' id='word_1_50' title='bbox 2823 617 2955 678; x_wconf 78' lang='lat'><strong>3,23·</strong></span> 
     </span>
     <span class='ocr_line' id='line_1_5' title="bbox 447 698 2955 770; baseline -0.002 -13"><span class='ocrx_word' id='word_1_51' title='bbox 447 703 563 765; x_wconf 80' lang='lat'><strong>.38;</strong></span> <span class='ocrx_word' id='word_1_52' title='bbox 593 698 676 753; x_wconf 88' lang='lat' dir='ltr'><strong>cfr</strong></span> <span class='ocrx_word' id='word_1_53' title='bbox 701 701 760 754; x_wconf 85' lang='lat' dir='ltr'><strong>S.</strong></span> <span class='ocrx_word' id='word_1_54' title='bbox 789 703 940 754; x_wconf 81' lang='lat' dir='ltr'><strong>Iren.</strong></span> <span class='ocrx_word' id='word_1_55' title='bbox 971 716 1023 755; x_wconf 92' lang='lat' dir='ltr'><strong>c.</strong></span> <span class='ocrx_word' id='word_1_56' title='bbox 1051 701 1221 756; x_wconf 85' lang='lat' dir='ltr'><strong>Haer.</strong></span> <span class='ocrx_word' id='word_1_57' title='bbox 1253 702 1360 755; x_wconf 91' lang='lat'><strong>111.</strong></span> <span class='ocrx_word' id='word_1_58' title='bbox 1389 706 1488 768; x_wconf 77' lang='lat'><strong>223</strong></span> <span class='ocrx_word' id='word_1_59' title='bbox 1517 702 1575 756; x_wconf 90' lang='lat' dir='ltr'><strong>S.</strong></span> <span class='ocrx_word' id='word_1_60' title='bbox 1608 699 1821 770; x_wconf 76' lang='lat' dir='ltr'><strong>Chrys.</strong></span> <span class='ocrx_word' id='word_1_61' title='bbox 1850 701 1905 754; x_wconf 89' lang='lat' dir='ltr'><strong>in</strong></span> <span class='ocrx_word' id='word_1_62' title='bbox 1933 699 2131 754; x_wconf 88' lang='lat' dir='ltr'><strong>Matth.</strong></span> <span class='ocrx_word' id='word_1_63' title='bbox 2164 699 2313 755; x_wconf 89' lang='lat' dir='ltr'><strong>hom.</strong></span> <span class='ocrx_word' id='word_1_64' title='bbox 2348 705 2484 770; x_wconf 77' lang='lat'><strong>1,3);</strong></span> <span class='ocrx_word' id='word_1_65' title='bbox 2514 699 2767 754; x_wconf 82' lang='lat' dir='ltr'><strong>Christus</strong></span> <span class='ocrx_word' id='word_1_66' title='bbox 2800 701 2955 770; x_wconf 84' lang='lat' dir='ltr'><strong>prima</strong></span> 
     </span>
     <span class='ocr_line' id='line_1_6' title="bbox 464 784 2957 857; baseline 0.001 -20"><span class='ocrx_word' id='word_1_67' title='bbox 464 784 582 839; x_wconf 83' lang='lat' dir='ltr'><strong>vice</strong></span> <span class='ocrx_word' id='word_1_68' title='bbox 608 785 668 840; x_wconf 93' lang='lat' dir='ltr'><strong>in</strong></span> <span class='ocrx_word' id='word_1_69' title='bbox 693 786 961 856; x_wconf 89' lang='lat' dir='ltr'><strong>templum</strong></span> <span class='ocrx_word' id='word_1_70' title='bbox 983 787 1262 857; x_wconf 87' lang='lat' dir='ltr'><strong>ingressus</strong></span> <span class='ocrx_word' id='word_1_71' title='bbox 1283 801 1317 841; x_wconf 83' lang='lat' dir='ltr'><strong>a</strong></span> <span class='ocrx_word' id='word_1_72' title='bbox 1341 787 1595 841; x_wconf 80' lang='lat' dir='ltr'><strong>simeone</strong></span> <span class='ocrx_word' id='word_1_73' title='bbox 1618 801 1749 841; x_wconf 89' lang='lat' dir='ltr'><strong>sene</strong></span> <span class='ocrx_word' id='word_1_74' title='bbox 1777 786 2048 841; x_wconf 84' lang='lat' dir='ltr'><strong>salutatur</strong></span> <span class='ocrx_word' id='word_1_75' title='bbox 2072 805 2098 838; x_wconf 68' lang='grc' dir='ltr'>ι</span> <span class='ocrx_word' id='word_1_76' title='bbox 2124 786 2391 854; x_wconf 88' lang='lat' dir='ltr'><strong>salutare,</strong></span> <span class='ocrx_word' id='word_1_77' title='bbox 2417 784 2567 857; x_wconf 91' lang='lat' dir='ltr'><strong>quod</strong></span> <span class='ocrx_word' id='word_1_78' title='bbox 2590 785 2805 855; x_wconf 85' lang='lat' dir='ltr'><strong>paravit</strong></span> <span class='ocrx_word' id='word_1_79' title='bbox 2824 787 2957 840; x_wconf 84' lang='lat' dir='ltr'><strong>Deus</strong></span> 
     </span>
     <span class='ocr_line' id='line_1_7' title="bbox 465 871 2954 945; baseline 0 -20"><span class='ocrx_word' id='word_1_80' title='bbox 465 879 592 926; x_wconf 88' lang='lat' dir='ltr'><strong>ante</strong></span> <span class='ocrx_word' id='word_1_81' title='bbox 626 871 820 927; x_wconf 89' lang='lat' dir='ltr'><strong>faciem</strong></span> <span class='ocrx_word' id='word_1_82' title='bbox 848 873 1114 927; x_wconf 79' lang='lat' dir='ltr'><strong>omnium</strong></span> <span class='ocrx_word' id='word_1_83' title='bbox 1131 873 1511 945; x_wconf 78' lang='lat' dir='ltr'><strong>populorum,</strong></span> <span class='ocrx_word' id='word_1_84' title='bbox 1538 873 1731 927; x_wconf 90' lang='lat' dir='ltr'><strong>lumen</strong></span> <span class='ocrx_word' id='word_1_85' title='bbox 1754 871 1825 926; x_wconf 88' lang='lat' dir='ltr'><strong>ad</strong></span> <span class='ocrx_word' id='word_1_86' title='bbox 1846 872 2235 928; x_wconf 84' lang='lat' dir='ltr'><strong>revelationem</strong></span> <span class='ocrx_word' id='word_1_87' title='bbox 2256 875 2517 944; x_wconf 75' lang='lat' dir='ltr'><strong>qentium</strong></span> <span class='ocrx_word' id='word_1_88' title='bbox 2542 893 2568 923; x_wconf 70' lang='grc' dir='ltr'><strong><em>ι</em></strong></span> <span class='ocrx_word' id='word_1_89' title='bbox 2600 873 2763 940; x_wconf 74' lang='lat' dir='ltr'><strong>(Luc.</strong></span> <span class='ocrx_word' id='word_1_90' title='bbox 2788 874 2954 938; x_wconf 75' lang='lat'><strong>2,³1);</strong></span> 
     </span>
     <span class='ocr_line' id='line_1_8' title="bbox 447 947 2953 1029; baseline -0 -17"><span class='ocrx_word' id='word_1_91' title='bbox 447 947 522 1012; x_wconf 73' lang='lat' dir='ltr'><strong>&#39;in</strong></span> <span class='ocrx_word' id='word_1_92' title='bbox 561 972 835 1029; x_wconf 85' lang='lat' dir='ltr'><strong>synagoga</strong></span> <span class='ocrx_word' id='word_1_93' title='bbox 878 958 1252 1014; x_wconf 88' lang='lat' dir='ltr'><strong>nazarethana</strong></span> <span class='ocrx_word' id='word_1_94' title='bbox 1290 958 1470 1029; x_wconf 87' lang='lat' dir='ltr'><strong>prima</strong></span> <span class='ocrx_word' id='word_1_95' title='bbox 1515 958 1637 1013; x_wconf 86' lang='lat' dir='ltr'><strong>vice</strong></span> <span class='ocrx_word' id='word_1_96' title='bbox 1676 956 1881 1014; x_wconf 87' lang='lat' dir='ltr'><strong>docens</strong></span> <span class='ocrx_word' id='word_1_97' title='bbox 1924 958 2197 1013; x_wconf 87' lang='lat' dir='ltr'><strong>Dominus</strong></span> <span class='ocrx_word' id='word_1_98' title='bbox 2234 958 2353 1029; x_wconf 88' lang='lat' dir='ltr'><strong>ipse</strong></span> <span class='ocrx_word' id='word_1_99' title='bbox 2398 956 2665 1026; x_wconf 85' lang='lat' dir='ltr'><strong>ostendit,</strong></span> <span class='ocrx_word' id='word_1_100' title='bbox 2708 967 2953 1028; x_wconf 81' lang='lat' dir='ltr'><strong>quantam</strong></span> 
     </span>
     <span class='ocr_line' id='line_1_9' title="bbox 465 1042 2956 1116; baseline 0 -19"><span class='ocrx_word' id='word_1_101' title='bbox 465 1043 810 1099; x_wconf 87' lang='lat' dir='ltr'><strong>ethnicorum</strong></span> <span class='ocrx_word' id='word_1_102' title='bbox 839 1059 1058 1116; x_wconf 89' lang='lat' dir='ltr'><strong>quoque</strong></span> <span class='ocrx_word' id='word_1_103' title='bbox 1083 1060 1276 1100; x_wconf 89' lang='lat' dir='ltr'><strong>curam</strong></span> <span class='ocrx_word' id='word_1_104' title='bbox 1302 1046 1454 1100; x_wconf 91' lang='lat' dir='ltr'><strong>Deus</strong></span> <span class='ocrx_word' id='word_1_105' title='bbox 1481 1059 1699 1111; x_wconf 80' lang='lat' dir='ltr'><strong>semper</strong></span> <span class='ocrx_word' id='word_1_106' title='bbox 1734 1043 1987 1100; x_wconf 88' lang='lat' dir='ltr'><strong>habuerit</strong></span> <span class='ocrx_word' id='word_1_107' title='bbox 2014 1046 2274 1113; x_wconf 80' lang='lat'><strong>(4,25-27</strong></span> <span class='ocrx_word' id='word_1_108' title='bbox 2290 1067 2304 1112; x_wconf 78' lang='grc' dir='ltr'><strong>ς</strong></span> <span class='ocrx_word' id='word_1_109' title='bbox 2336 1042 2419 1099; x_wconf 89' lang='lat' dir='ltr'><strong>cfr</strong></span> <span class='ocrx_word' id='word_1_110' title='bbox 2443 1047 2502 1100; x_wconf 89' lang='lat' dir='ltr'><strong>S.</strong></span> <span class='ocrx_word' id='word_1_111' title='bbox 2536 1045 2680 1114; x_wconf 77' lang='lat' dir='ltr'><strong>Cyr.</strong></span> <span class='ocrx_word' id='word_1_112' title='bbox 2704 1044 2887 1099; x_wconf 69' lang='lat' dir='ltr'><strong>Alex.</strong></span> <span class='ocrx_word' id='word_1_113' title='bbox 2916 1051 2956 1098; x_wconf 82' lang='lat' dir='ltr'><strong>et</strong></span> 
     </span>
     <span class='ocr_line' id='line_1_10' title="bbox 471 1129 2955 1202; baseline 0.001 -21"><span class='ocrx_word' id='word_1_114' title='bbox 471 1133 610 1184; x_wconf 84' lang='lat' dir='ltr'><strong>Ven.</strong></span> <span class='ocrx_word' id='word_1_115' title='bbox 635 1130 801 1186; x_wconf 83' lang='lat' dir='ltr'><strong>Beda</strong></span> <span class='ocrx_word' id='word_1_116' title='bbox 829 1132 864 1187; x_wconf 89' lang='lat' dir='ltr'><strong>i.</strong></span> <span class='ocrx_word' id='word_1_117' title='bbox 899 1131 956 1186; x_wconf 85' lang='lat' dir='ltr'><strong>h.</strong></span> <span class='ocrx_word' id='word_1_118' title='bbox 987 1131 1074 1200; x_wconf 88' lang='lat' dir='ltr'><strong>l.).</strong></span> <span class='ocrx_word' id='word_1_119' title='bbox 1105 1133 1159 1188; x_wconf 93' lang='lat' dir='ltr'><strong>S.</strong></span> <span class='ocrx_word' id='word_1_120' title='bbox 1187 1132 1366 1188; x_wconf 88' lang='lat' dir='ltr'><strong>Lucas</strong></span> <span class='ocrx_word' id='word_1_121' title='bbox 1401 1131 1551 1187; x_wconf 89' lang='lat' dir='ltr'><strong>solus</strong></span> <span class='ocrx_word' id='word_1_122' title='bbox 1581 1139 1805 1202; x_wconf 87' lang='lat' dir='ltr'><strong>praeter</strong></span> <span class='ocrx_word' id='word_1_123' title='bbox 1836 1129 2129 1186; x_wconf 80' lang='lat' dir='ltr'><strong>duodecim</strong></span> <span class='ocrx_word' id='word_1_124' title='bbox 2154 1131 2445 1202; x_wconf 88' lang='lat' dir='ltr'><strong>Apostolos</strong></span> <span class='ocrx_word' id='word_1_125' title='bbox 2478 1129 2781 1186; x_wconf 85' lang='lat' dir='ltr'><strong>Dominum</strong></span> <span class='ocrx_word' id='word_1_126' title='bbox 2806 1131 2955 1184; x_wconf 85' lang='lat' dir='ltr'><strong>ctiam</strong></span> 
     </span>
     <span class='ocr_line' id='line_1_11' title="bbox 464 1211 2957 1290; baseline 0 -19"><span class='ocrx_word' id='word_1_127' title='bbox 464 1217 810 1289; x_wconf 80' lang='lat' dir='ltr'><strong>septuaginta</strong></span> <span class='ocrx_word' id='word_1_128' title='bbox 841 1215 982 1274; x_wconf 90' lang='lat' dir='ltr'><strong>duos</strong></span> <span class='ocrx_word' id='word_1_129' title='bbox 1017 1215 1313 1289; x_wconf 89' lang='lat' dir='ltr'><strong>discipulos</strong></span> <span class='ocrx_word' id='word_1_130' title='bbox 1347 1217 1573 1290; x_wconf 86' lang='lat' dir='ltr'><strong>elegisse</strong></span> <span class='ocrx_word' id='word_1_131' title='bbox 1608 1215 1779 1272; x_wconf 86' lang='lat' dir='ltr'><strong>refert</strong></span> <span class='ocrx_word' id='word_1_132' title='bbox 1812 1218 1989 1289; x_wconf 82' lang='lat'><strong>(10,1;</strong></span> <span class='ocrx_word' id='word_1_133' title='bbox 2018 1211 2103 1271; x_wconf 83' lang='lat' dir='ltr'><strong>cfr</strong></span> <span class='ocrx_word' id='word_1_134' title='bbox 2127 1217 2187 1272; x_wconf 90' lang='lat' dir='ltr'><strong>S.</strong></span> <span class='ocrx_word' id='word_1_135' title='bbox 2229 1218 2368 1286; x_wconf 63' lang='grc' dir='ltr'><strong>ΟΨ.</strong></span> <span class='ocrx_word' id='word_1_136' title='bbox 2406 1217 2557 1283; x_wconf 80' lang='lat' dir='ltr'><strong>Al.);</strong></span> <span class='ocrx_word' id='word_1_137' title='bbox 2588 1217 2731 1271; x_wconf 83' lang='lat' dir='ltr'><strong>sicut</strong></span> <span class='ocrx_word' id='word_1_138' title='bbox 2762 1215 2957 1286; x_wconf 72' lang='lat' dir='ltr'><strong>priores</strong></span> 
     </span>
     <span class='ocr_line' id='line_1_12' title="bbox 465 1301 2955 1374; baseline -0.001 -16"><span class='ocrx_word' id='word_1_139' title='bbox 465 1303 612 1358; x_wconf 89' lang='lat' dir='ltr'><strong>enim</strong></span> <span class='ocrx_word' id='word_1_140' title='bbox 635 1311 1048 1374; x_wconf 83' lang='lat' dir='ltr'><strong>repraesentant</strong></span> <span class='ocrx_word' id='word_1_141' title='bbox 1072 1302 1366 1360; x_wconf 86' lang='lat' dir='ltr'><strong>duodecim</strong></span> <span class='ocrx_word' id='word_1_142' title='bbox 1386 1303 1563 1359; x_wconf 87' lang='lat' dir='ltr'><strong>tribus</strong></span> <span class='ocrx_word' id='word_1_143' title='bbox 1583 1304 1753 1358; x_wconf 88' lang='lat' dir='ltr'><strong>Israel</strong></span> <span class='ocrx_word' id='word_1_144' title='bbox 1767 1345 1782 1373; x_wconf 90' lang='lat'><strong>,</strong></span> <span class='ocrx_word' id='word_1_145' title='bbox 1808 1303 1883 1358; x_wconf 88' lang='lat' dir='ltr'><strong>ita</strong></span> <span class='ocrx_word' id='word_1_146' title='bbox 1910 1303 2255 1374; x_wconf 83' lang='lat' dir='ltr'><strong>septuaginta</strong></span> <span class='ocrx_word' id='word_1_147' title='bbox 2282 1301 2423 1358; x_wconf 88' lang='lat' dir='ltr'><strong>duae</strong></span> <span class='ocrx_word' id='word_1_148' title='bbox 2442 1304 2719 1371; x_wconf 89' lang='lat' dir='ltr'><strong>nationes,</strong></span> <span class='ocrx_word' id='word_1_149' title='bbox 2748 1318 2893 1374; x_wconf 86' lang='lat' dir='ltr'><strong>quae</strong></span> <span class='ocrx_word' id='word_1_150' title='bbox 2916 1303 2955 1356; x_wconf 89' lang='lat' dir='ltr'><strong>in</strong></span> 
     </span>
     <span class='ocr_line' id='line_1_13' title="bbox 461 1387 2953 1462; baseline -0 -18"><span class='ocrx_word' id='word_1_151' title='bbox 461 1389 646 1446; x_wconf 87' lang='lat' dir='ltr'><strong>tabula</strong></span> <span class='ocrx_word' id='word_1_152' title='bbox 673 1391 1024 1462; x_wconf 80' lang='lat' dir='ltr'><strong>genealogica</strong></span> <span class='ocrx_word' id='word_1_153' title='bbox 1053 1393 1212 1458; x_wconf 79' lang='lat' dir='ltr'><strong>(Gen.</strong></span> <span class='ocrx_word' id='word_1_154' title='bbox 1244 1393 1329 1459; x_wconf 84' lang='grc' dir='ltr'><strong>ιο)</strong></span> <span class='ocrx_word' id='word_1_155' title='bbox 1355 1397 1771 1456; x_wconf 87' lang='lat' dir='ltr'><strong>enumerantur,</strong></span> <span class='ocrx_word' id='word_1_156' title='bbox 1802 1404 1901 1460; x_wconf 88' lang='lat' dir='ltr'><strong>per</strong></span> <span class='ocrx_word' id='word_1_157' title='bbox 1924 1389 2251 1459; x_wconf 86' lang='lat' dir='ltr'><strong>posteriores</strong></span> <span class='ocrx_word' id='word_1_158' title='bbox 2276 1387 2584 1461; x_wconf 81' lang='lat' dir='ltr'><strong>figurantur</strong></span> <span class='ocrx_word' id='word_1_159' title='bbox 2606 1393 2781 1454; x_wconf 67' lang='lat' dir='ltr'><strong>(Veia.</strong></span> <span class='ocrx_word' id='word_1_160' title='bbox 2806 1389 2953 1444; x_wconf 77' lang='lat' dir='ltr'><strong>Beda</strong></span> 
     </span>
     <span class='ocr_line' id='line_1_14' title="bbox 461 1473 2956 1549; baseline 0 -19"><span class='ocrx_word' id='word_1_161' title='bbox 461 1475 518 1531; x_wconf 90' lang='lat' dir='ltr'><strong>in</strong></span> <span class='ocrx_word' id='word_1_162' title='bbox 545 1477 678 1532; x_wconf 91' lang='lat' dir='ltr'><strong>Luc.</strong></span> <span class='ocrx_word' id='word_1_163' title='bbox 725 1477 902 1548; x_wconf 85' lang='lat'><strong>10,1);</strong></span> <span class='ocrx_word' id='word_1_164' title='bbox 943 1477 1090 1533; x_wconf 85' lang='lat' dir='ltr'><strong>solus</strong></span> <span class='ocrx_word' id='word_1_165' title='bbox 1117 1492 1337 1549; x_wconf 88' lang='lat' dir='ltr'><strong>quoque</strong></span> <span class='ocrx_word' id='word_1_166' title='bbox 1371 1475 1518 1532; x_wconf 86' lang='lat' dir='ltr'><strong>inter</strong></span> <span class='ocrx_word' id='word_1_167' title='bbox 1540 1477 1865 1548; x_wconf 82' lang='lat' dir='ltr'><strong>synopticos</strong></span> <span class='ocrx_word' id='word_1_168' title='bbox 1890 1473 2089 1545; x_wconf 81' lang='lat' dir='ltr'><strong>refert,</strong></span> <span class='ocrx_word' id='word_1_169' title='bbox 2124 1475 2400 1548; x_wconf 87' lang='lat' dir='ltr'><strong>quomodo</strong></span> <span class='ocrx_word' id='word_1_170' title='bbox 2426 1474 2699 1530; x_wconf 85' lang='lat' dir='ltr'><strong>Dominus</strong></span> <span class='ocrx_word' id='word_1_171' title='bbox 2724 1476 2956 1530; x_wconf 81' lang='lat' dir='ltr'><strong>Samari-</strong></span> 
     </span>
     <span class='ocr_line' id='line_1_15' title="bbox 459 1558 2954 1632; baseline -0.001 -14"><span class='ocrx_word' id='word_1_172' title='bbox 459 1571 718 1618; x_wconf 86' lang='lat' dir='ltr'><strong>tanorum</strong></span> <span class='ocrx_word' id='word_1_173' title='bbox 745 1563 816 1618; x_wconf 87' lang='lat' dir='ltr'><strong>sit</strong></span> <span class='ocrx_word' id='word_1_174' title='bbox 847 1564 1108 1619; x_wconf 87' lang='lat' dir='ltr'><strong>misertus</strong></span> <span class='ocrx_word' id='word_1_175' title='bbox 1143 1568 1438 1632; x_wconf 81' lang='lat'><strong>(9,52-56;</strong></span> <span class='ocrx_word' id='word_1_176' title='bbox 1482 1567 1791 1630; x_wconf 85' lang='lat' dir='ltr'><strong>10,3o-37;</strong></span> <span class='ocrx_word' id='word_1_177' title='bbox 1831 1561 2133 1632; x_wconf 83' lang='lat'><strong>17,11-19),</strong></span> <span class='ocrx_word' id='word_1_178' title='bbox 2162 1561 2313 1616; x_wconf 85' lang='lat' dir='ltr'><strong>solus</strong></span> <span class='ocrx_word' id='word_1_179' title='bbox 2346 1558 2639 1631; x_wconf 85' lang='lat' dir='ltr'><strong>parabolas</strong></span> <span class='ocrx_word' id='word_1_180' title='bbox 2671 1561 2954 1616; x_wconf 74' lang='lat' dir='ltr'><strong>nonnullas</strong></span> 
     </span>
     <span class='ocr_line' id='line_1_16' title="bbox 460 1643 2955 1722; baseline -0.001 -19"><span class='ocrx_word' id='word_1_181' title='bbox 460 1649 830 1718; x_wconf 87' lang='lat' dir='ltr'><strong>conservavit,</strong></span> <span class='ocrx_word' id='word_1_182' title='bbox 861 1664 1002 1720; x_wconf 85' lang='lat' dir='ltr'><strong>quae</strong></span> <span class='ocrx_word' id='word_1_183' title='bbox 1029 1649 1272 1722; x_wconf 87' lang='lat' dir='ltr'><strong>gentium</strong></span> <span class='ocrx_word' id='word_1_184' title='bbox 1300 1649 1645 1705; x_wconf 85' lang='lat' dir='ltr'><strong>vocationem</strong></span> <span class='ocrx_word' id='word_1_185' title='bbox 1672 1649 2062 1718; x_wconf 82' lang='lat' dir='ltr'><strong>praenuntiant</strong></span> <span class='ocrx_word' id='word_1_186' title='bbox 2086 1651 2351 1714; x_wconf 77' lang='lat'>(15‚3·32</span> <span class='ocrx_word' id='word_1_187' title='bbox 2378 1643 2509 1716; x_wconf 84' lang='lat' dir='ltr'><strong>etc.)</strong></span> <span class='ocrx_word' id='word_1_188' title='bbox 2530 1669 2545 1716; x_wconf 66' lang='grc' dir='ltr'><strong>ς</strong></span> <span class='ocrx_word' id='word_1_189' title='bbox 2570 1646 2673 1704; x_wconf 83' lang='lat' dir='ltr'><strong>sed</strong></span> <span class='ocrx_word' id='word_1_190' title='bbox 2694 1646 2955 1702; x_wconf 57' lang='lat' dir='ltr'><strong>eiusnodi</strong></span> 
     </span>
     <span class='ocr_line' id='line_1_17' title="bbox 459 1734 2257 1807; baseline 0.001 -17"><span class='ocrx_word' id='word_1_191' title='bbox 459 1735 707 1806; x_wconf 85' lang='lat' dir='ltr'><strong>exempla</strong></span> <span class='ocrx_word' id='word_1_192' title='bbox 723 1777 738 1804; x_wconf 94' lang='lat'><strong>,</strong></span> <span class='ocrx_word' id='word_1_193' title='bbox 770 1736 1031 1807; x_wconf 88' lang='lat' dir='ltr'><strong>quoniam</strong></span> <span class='ocrx_word' id='word_1_194' title='bbox 1059 1735 1219 1791; x_wconf 81' lang='lat' dir='ltr'><strong>obvia</strong></span> <span class='ocrx_word' id='word_1_195' title='bbox 1249 1743 1408 1804; x_wconf 90' lang='lat' dir='ltr'><strong>sunt,</strong></span> <span class='ocrx_word' id='word_1_196' title='bbox 1443 1735 1604 1805; x_wconf 83' lang='lat' dir='ltr'><strong>plura</strong></span> <span class='ocrx_word' id='word_1_197' title='bbox 1626 1734 1825 1792; x_wconf 81' lang='lat' dir='ltr'><strong>afferre</strong></span> <span class='ocrx_word' id='word_1_198' title='bbox 1852 1749 1991 1805; x_wconf 88' lang='lat' dir='ltr'><strong>opus</strong></span> <span class='ocrx_word' id='word_1_199' title='bbox 2016 1749 2129 1789; x_wconf 89' lang='lat' dir='ltr'><strong>non</strong></span> <span class='ocrx_word' id='word_1_200' title='bbox 2156 1742 2257 1791; x_wconf 86' lang='lat' dir='ltr'><strong>est.</strong></span> 
     </span>
    </p>

    <p class='ocr_par' dir='ltr' id='par_1_3' title="bbox 448 1819 2953 3104">
     <span class='ocr_line' id='line_1_18' title="bbox 534 1819 2953 1892; baseline 0.001 -17"><span class='ocrx_word' id='word_1_201' title='bbox 534 1821 611 1888; x_wconf 81' lang='lat' dir='ltr'><strong>b.)</strong></span> <span class='ocrx_word' id='word_1_202' title='bbox 659 1820 847 1876; x_wconf 88' lang='lat' dir='ltr'><strong>Potius</strong></span> <span class='ocrx_word' id='word_1_203' title='bbox 887 1819 1284 1878; x_wconf 87' lang='lat' dir='ltr'><strong>ostendendum</strong></span> <span class='ocrx_word' id='word_1_204' title='bbox 1323 1829 1436 1892; x_wconf 87' lang='lat' dir='ltr'><strong>est,</strong></span> <span class='ocrx_word' id='word_1_205' title='bbox 1466 1822 1635 1877; x_wconf 85' lang='lat' dir='ltr'><strong>etiam</strong></span> <span class='ocrx_word' id='word_1_206' title='bbox 1668 1819 2187 1878; x_wconf 85' lang='lat' dir='ltr'><strong>ludaeochristianis</strong></span> <span class='ocrx_word' id='word_1_207' title='bbox 2226 1819 2452 1876; x_wconf 90' lang='lat' dir='ltr'><strong>tertium</strong></span> <span class='ocrx_word' id='word_1_208' title='bbox 2489 1820 2857 1892; x_wconf 82' lang='lat' dir='ltr'><strong>Evangelium</strong></span> <span class='ocrx_word' id='word_1_209' title='bbox 2894 1821 2953 1877; x_wconf 86' lang='lat' dir='ltr'><strong>ab</strong></span> 
     </span>
     <span class='ocr_line' id='line_1_19' title="bbox 455 1905 2953 1980; baseline -0 -18"><span class='ocrx_word' id='word_1_210' title='bbox 455 1913 680 1963; x_wconf 89' lang='lat' dir='ltr'><strong>auctore</strong></span> <span class='ocrx_word' id='word_1_211' title='bbox 708 1923 829 1964; x_wconf 88' lang='lat' dir='ltr'><strong>esse</strong></span> <span class='ocrx_word' id='word_1_212' title='bbox 855 1906 1208 1963; x_wconf 85' lang='lat' dir='ltr'><strong>destinatum.</strong></span> <span class='ocrx_word' id='word_1_213' title='bbox 1238 1909 1356 1963; x_wconf 88' lang='lat' dir='ltr'><strong>Iam</strong></span> <span class='ocrx_word' id='word_1_214' title='bbox 1392 1923 1524 1962; x_wconf 84' lang='lat' dir='ltr'><strong>vero</strong></span> <span class='ocrx_word' id='word_1_215' title='bbox 1560 1907 1659 1980; x_wconf 90' lang='lat' dir='ltr'><strong>qui</strong></span> <span class='ocrx_word' id='word_1_216' title='bbox 1685 1905 1796 1963; x_wconf 91' lang='lat' dir='ltr'><strong>duo</strong></span> <span class='ocrx_word' id='word_1_217' title='bbox 1831 1907 2015 1980; x_wconf 87' lang='lat' dir='ltr'><strong>priora</strong></span> <span class='ocrx_word' id='word_1_218' title='bbox 2048 1914 2227 1978; x_wconf 77' lang='lat' dir='ltr'><strong>capita</strong></span> <span class='ocrx_word' id='word_1_219' title='bbox 2267 1915 2474 1962; x_wconf 86' lang='lat' dir='ltr'><strong>attente</strong></span> <span class='ocrx_word' id='word_1_220' title='bbox 2502 1906 2830 1979; x_wconf 76' lang='lat' dir='ltr'><strong>perlegerit,</strong></span> <span class='ocrx_word' id='word_1_221' title='bbox 2858 1907 2953 1962; x_wconf 88' lang='lat' dir='ltr'><strong>dn-</strong></span> 
     </span>
     <span class='ocr_line' id='line_1_20' title="bbox 449 1991 2951 2067; baseline 0 -18"><span class='ocrx_word' id='word_1_222' title='bbox 449 1995 632 2050; x_wconf 79' lang='lat' dir='ltr'><strong>bitare</strong></span> <span class='ocrx_word' id='word_1_223' title='bbox 659 2009 772 2050; x_wconf 91' lang='lat' dir='ltr'><strong>non</strong></span> <span class='ocrx_word' id='word_1_224' title='bbox 809 1994 1040 2064; x_wconf 89' lang='lat' dir='ltr'><strong>poterit,</strong></span> <span class='ocrx_word' id='word_1_225' title='bbox 1081 1993 1212 2066; x_wconf 90' lang='lat' dir='ltr'><strong>quin</strong></span> <span class='ocrx_word' id='word_1_226' title='bbox 1243 1993 1304 2050; x_wconf 89' lang='lat' dir='ltr'><strong>in</strong></span> <span class='ocrx_word' id='word_1_227' title='bbox 1337 1993 1406 2050; x_wconf 90' lang='lat' dir='ltr'><strong>iis</strong></span> <span class='ocrx_word' id='word_1_228' title='bbox 1441 1992 1793 2067; x_wconf 85' lang='lat' dir='ltr'><strong>Evangelista</strong></span> <span class='ocrx_word' id='word_1_229' title='bbox 1823 1991 2357 2049; x_wconf 85' lang='lat' dir='ltr'><strong>Iudaeocbristianos</strong></span> <span class='ocrx_word' id='word_1_230' title='bbox 2380 1993 2557 2049; x_wconf 91' lang='lat' dir='ltr'><strong>multo</strong></span> <span class='ocrx_word' id='word_1_231' title='bbox 2592 1994 2771 2066; x_wconf 81' lang='lat' dir='ltr'><strong>magis</strong></span> <span class='ocrx_word' id='word_1_232' title='bbox 2796 2009 2951 2065; x_wconf 83' lang='lat' dir='ltr'><strong>quam</strong></span> 
     </span>
     <span class='ocr_line' id='line_1_21' title="bbox 450 2078 2951 2152; baseline 0.001 -16"><span class='ocrx_word' id='word_1_233' title='bbox 450 2081 706 2136; x_wconf 86' lang='lat' dir='ltr'><strong>ethnicos</strong></span> <span class='ocrx_word' id='word_1_234' title='bbox 743 2096 1039 2137; x_wconf 85' lang='lat' dir='ltr'><strong>conversos</strong></span> <span class='ocrx_word' id='word_1_235' title='bbox 1079 2082 1404 2152; x_wconf 79' lang='lat' dir='ltr'><strong>respexerit3</strong></span> <span class='ocrx_word' id='word_1_236' title='bbox 1443 2088 1561 2136; x_wconf 90' lang='lat' dir='ltr'><strong>tota</strong></span> <span class='ocrx_word' id='word_1_237' title='bbox 1602 2081 1749 2136; x_wconf 90' lang='lat' dir='ltr'><strong>enim</strong></span> <span class='ocrx_word' id='word_1_238' title='bbox 1780 2080 2047 2136; x_wconf 81' lang='lat' dir='ltr'><strong>infantiae</strong></span> <span class='ocrx_word' id='word_1_239' title='bbox 2080 2078 2385 2134; x_wconf 73' lang='lat' dir='ltr'><strong>dominicae</strong></span> <span class='ocrx_word' id='word_1_240' title='bbox 2416 2079 2647 2135; x_wconf 85' lang='lat' dir='ltr'><strong>historia</strong></span> <span class='ocrx_word' id='word_1_241' title='bbox 2680 2080 2849 2151; x_wconf 82' lang='lat' dir='ltr'><strong>plena</strong></span> <span class='ocrx_word' id='word_1_242' title='bbox 2878 2091 2951 2138; x_wconf 74' lang='lat' dir='ltr'><strong>est</strong></span> 
     </span>
     <span class='ocr_line' id='line_1_22' title="bbox 454 2165 2946 2238; baseline 0 -15"><span class='ocrx_word' id='word_1_243' title='bbox 454 2167 815 2223; x_wconf 88' lang='lat' dir='ltr'><strong>allusionibus</strong></span> <span class='ocrx_word' id='word_1_244' title='bbox 855 2166 928 2222; x_wconf 83' lang='lat' dir='ltr'><strong>ad</strong></span> <span class='ocrx_word' id='word_1_245' title='bbox 967 2171 1138 2224; x_wconf 87' lang='lat' dir='ltr'><strong>Vetus</strong></span> <span class='ocrx_word' id='word_1_246' title='bbox 1171 2168 1344 2232; x_wconf 85' lang='lat' dir='ltr'><strong>Test.,</strong></span> <span class='ocrx_word' id='word_1_247' title='bbox 1375 2167 1819 2238; x_wconf 87' lang='lat' dir='ltr'><strong>Iudaeorumque</strong></span> <span class='ocrx_word' id='word_1_248' title='bbox 1853 2166 2033 2237; x_wconf 85' lang='lat' dir='ltr'><strong>legem</strong></span> <span class='ocrx_word' id='word_1_249' title='bbox 2068 2165 2321 2221; x_wconf 86' lang='lat' dir='ltr'><strong>ritualem</strong></span> <span class='ocrx_word' id='word_1_250' title='bbox 2359 2165 2639 2238; x_wconf 84' lang='lat' dir='ltr'><strong>cognitam</strong></span> <span class='ocrx_word' id='word_1_251' title='bbox 2666 2177 2946 2238; x_wconf 85' lang='lat' dir='ltr'><strong>suppon1t;</strong></span> 
     </span>
     <span class='ocr_line' id='line_1_23' title="bbox 451 2251 2951 2325; baseline -0 -15"><span class='ocrx_word' id='word_1_252' title='bbox 451 2263 574 2310; x_wconf 91' lang='lat' dir='ltr'><strong>tota</strong></span> <span class='ocrx_word' id='word_1_253' title='bbox 601 2269 820 2325; x_wconf 87' lang='lat' dir='ltr'><strong>quoque</strong></span> <span class='ocrx_word' id='word_1_254' title='bbox 841 2255 899 2310; x_wconf 91' lang='lat' dir='ltr'><strong>in</strong></span> <span class='ocrx_word' id='word_1_255' title='bbox 927 2254 1218 2325; x_wconf 83' lang='lat' dir='ltr'><strong>privilegiis</strong></span> <span class='ocrx_word' id='word_1_256' title='bbox 1245 2253 1575 2310; x_wconf 85' lang='lat' dir='ltr'><strong>Iudaeorum</strong></span> <span class='ocrx_word' id='word_1_257' title='bbox 1604 2251 1945 2308; x_wconf 87' lang='lat' dir='ltr'><strong>celebrandis</strong></span> <span class='ocrx_word' id='word_1_258' title='bbox 1970 2260 2239 2321; x_wconf 81' lang='lat' dir='ltr'><strong>versatur,</strong></span> <span class='ocrx_word' id='word_1_259' title='bbox 2264 2258 2330 2307; x_wconf 89' lang='lat' dir='ltr'><strong>ut</strong></span> <span class='ocrx_word' id='word_1_260' title='bbox 2354 2252 2511 2324; x_wconf 87' lang='lat' dir='ltr'><strong>quasi</strong></span> <span class='ocrx_word' id='word_1_261' title='bbox 2532 2262 2951 2309; x_wconf 68' lang='lat' dir='ltr'><strong>commentantis</strong></span> 
     </span>
     <span class='ocr_line' id='line_1_24' title="bbox 455 2338 2947 2411; baseline 0 -15"><span class='ocrx_word' id='word_1_262' title='bbox 455 2341 527 2396; x_wconf 89' lang='lat' dir='ltr'><strong>sit</strong></span> <span class='ocrx_word' id='word_1_263' title='bbox 555 2341 875 2408; x_wconf 87' lang='lat' dir='ltr'><strong>verborum,</strong></span> <span class='ocrx_word' id='word_1_264' title='bbox 908 2339 1104 2411; x_wconf 89' lang='lat' dir='ltr'><strong>quibus</strong></span> <span class='ocrx_word' id='word_1_265' title='bbox 1131 2340 1186 2396; x_wconf 92' lang='lat' dir='ltr'><strong>S.</strong></span> <span class='ocrx_word' id='word_1_266' title='bbox 1216 2341 1422 2395; x_wconf 89' lang='lat' dir='ltr'><strong>Paulus</strong></span> <span class='ocrx_word' id='word_1_267' title='bbox 1455 2338 1649 2396; x_wconf 88' lang='lat' dir='ltr'><strong>eadem</strong></span> <span class='ocrx_word' id='word_1_268' title='bbox 1674 2346 1963 2394; x_wconf 85' lang='lat' dir='ltr'><strong>enumerat</strong></span> <span class='ocrx_word' id='word_1_269' title='bbox 1988 2343 2169 2405; x_wconf 80' lang='lat' dir='ltr'><strong>(Rom.</strong></span> <span class='ocrx_word' id='word_1_270' title='bbox 2202 2343 2315 2406; x_wconf 83' lang='lat'><strong>9‚4.</strong></span> <span class='ocrx_word' id='word_1_271' title='bbox 2345 2344 2422 2405; x_wconf 85' lang='lat'><strong>5).</strong></span> <span class='ocrx_word' id='word_1_272' title='bbox 2450 2341 2632 2393; x_wconf 89' lang='lat' dir='ltr'><strong>Deum</strong></span> <span class='ocrx_word' id='word_1_273' title='bbox 2658 2340 2835 2395; x_wconf 86' lang='lat' dir='ltr'><strong>Israel</strong></span> <span class='ocrx_word' id='word_1_274' title='bbox 2856 2341 2947 2396; x_wconf 77' lang='lat' dir='ltr'><strong>sihi</strong></span> 
     </span>
     <span class='ocr_line' id='line_1_25' title="bbox 453 2424 2948 2500; baseline -0.001 -18"><span class='ocrx_word' id='word_1_275' title='bbox 453 2427 512 2482; x_wconf 91' lang='lat' dir='ltr'><strong>in</strong></span> <span class='ocrx_word' id='word_1_276' title='bbox 540 2427 816 2497; x_wconf 89' lang='lat' dir='ltr'><strong>peculium</strong></span> <span class='ocrx_word' id='word_1_277' title='bbox 843 2427 1098 2500; x_wconf 85' lang='lat' dir='ltr'><strong>elegisse,</strong></span> <span class='ocrx_word' id='word_1_278' title='bbox 1127 2434 1183 2481; x_wconf 89' lang='lat' dir='ltr'><strong>et</strong></span> <span class='ocrx_word' id='word_1_279' title='bbox 1211 2427 1274 2480; x_wconf 91' lang='lat' dir='ltr'><strong>B.</strong></span> <span class='ocrx_word' id='word_1_280' title='bbox 1310 2427 1476 2498; x_wconf 81' lang='lat' dir='ltr'><strong>Virgo</strong></span> <span class='ocrx_word' id='word_1_281' title='bbox 1515 2427 1683 2497; x_wconf 82' lang='lat'>(1‚54)</span> <span class='ocrx_word' id='word_1_282' title='bbox 1716 2433 1773 2480; x_wconf 89' lang='lat' dir='ltr'><strong>et</strong></span> <span class='ocrx_word' id='word_1_283' title='bbox 1808 2424 2103 2480; x_wconf 88' lang='lat' dir='ltr'><strong>Zacharias</strong></span> <span class='ocrx_word' id='word_1_284' title='bbox 2142 2427 2308 2492; x_wconf 85' lang='lat'><em>(1‚68)</em></span> <span class='ocrx_word' id='word_1_285' title='bbox 2344 2433 2401 2480; x_wconf 90' lang='lat' dir='ltr'><strong>et</strong></span> <span class='ocrx_word' id='word_1_286' title='bbox 2436 2426 2659 2480; x_wconf 88' lang='lat' dir='ltr'><strong>Simeon</strong></span> <span class='ocrx_word' id='word_1_287' title='bbox 2698 2430 2867 2493; x_wconf 55' lang='lat'><strong>(232)</strong></span> <span class='ocrx_word' id='word_1_288' title='bbox 2900 2443 2948 2480; x_wconf 85' lang='lat' dir='ltr'><strong>m</strong></span> 
     </span>
     <span class='ocr_line' id='line_1_26' title="bbox 451 2509 2947 2584; baseline -0 -16"><span class='ocrx_word' id='word_1_289' title='bbox 451 2514 564 2569; x_wconf 90' lang='lat' dir='ltr'><strong>suis</strong></span> <span class='ocrx_word' id='word_1_290' title='bbox 591 2513 807 2584; x_wconf 86' lang='lat' dir='ltr'><strong>hymnis</strong></span> <span class='ocrx_word' id='word_1_291' title='bbox 847 2512 1113 2581; x_wconf 79' lang='lat' dir='ltr'><strong>innuunt3</strong></span> <span class='ocrx_word' id='word_1_292' title='bbox 1143 2512 1444 2568; x_wconf 90' lang='lat' dir='ltr'><strong>Dominum</strong></span> <span class='ocrx_word' id='word_1_293' title='bbox 1482 2511 1744 2582; x_wconf 87' lang='lat' dir='ltr'><strong>peculiari</strong></span> <span class='ocrx_word' id='word_1_294' title='bbox 1781 2509 1951 2567; x_wconf 88' lang='lat' dir='ltr'><strong>modo</strong></span> <span class='ocrx_word' id='word_1_295' title='bbox 1993 2511 2193 2582; x_wconf 87' lang='lat' dir='ltr'><strong>populo</strong></span> <span class='ocrx_word' id='word_1_296' title='bbox 2229 2511 2403 2565; x_wconf 89' lang='lat' dir='ltr'><strong>Israel</strong></span> <span class='ocrx_word' id='word_1_297' title='bbox 2436 2511 2649 2567; x_wconf 83' lang='lat' dir='ltr'><strong>venisse</strong></span> <span class='ocrx_word' id='word_1_298' title='bbox 2680 2520 2855 2584; x_wconf 88' lang='lat' dir='ltr'><strong>atque</strong></span> <span class='ocrx_word' id='word_1_299' title='bbox 2878 2521 2947 2568; x_wconf 78' lang='lat' dir='ltr'><strong>ita</strong></span> 
     </span>
     <span class='ocr_line' id='line_1_27' title="bbox 451 2595 2943 2671; baseline 0 -17"><span class='ocrx_word' id='word_1_300' title='bbox 451 2600 839 2671; x_wconf 81' lang='lat' dir='ltr'><strong>promissiones</strong></span> <span class='ocrx_word' id='word_1_301' title='bbox 877 2598 1131 2655; x_wconf 86' lang='lat' dir='ltr'><strong>Patribus</strong></span> <span class='ocrx_word' id='word_1_302' title='bbox 1166 2596 1322 2654; x_wconf 89' lang='lat' dir='ltr'><strong>datas</strong></span> <span class='ocrx_word' id='word_1_303' title='bbox 1349 2599 1686 2668; x_wconf 87' lang='lat' dir='ltr'><strong>implevisse,</strong></span> <span class='ocrx_word' id='word_1_304' title='bbox 1714 2596 2017 2652; x_wconf 87' lang='lat' dir='ltr'><strong>innumeris</strong></span> <span class='ocrx_word' id='word_1_305' title='bbox 2056 2595 2265 2652; x_wconf 85' lang='lat' dir='ltr'><strong>vicibus</strong></span> <span class='ocrx_word' id='word_1_306' title='bbox 2291 2595 2506 2652; x_wconf 87' lang='lat' dir='ltr'><strong>duobus</strong></span> <span class='ocrx_word' id='word_1_307' title='bbox 2535 2597 2655 2654; x_wconf 82' lang='lat' dir='ltr'><strong>istis</strong></span> <span class='ocrx_word' id='word_1_308' title='bbox 2680 2599 2943 2670; x_wconf 81' lang='lat' dir='ltr'><strong>capuibus</strong></span> 
     </span>
     <span class='ocr_line' id='line_1_28' title="bbox 448 2683 2947 2758; baseline 0 -17"><span class='ocrx_word' id='word_1_309' title='bbox 448 2686 714 2757; x_wconf 86' lang='lat' dir='ltr'><strong>repetitur</strong></span> <span class='ocrx_word' id='word_1_310' title='bbox 744 2689 889 2755; x_wconf 80' lang='lat'>(1‚16</span> <span class='ocrx_word' id='word_1_311' title='bbox 917 2703 998 2758; x_wconf 92' lang='lat' dir='ltr'><strong>sq.</strong></span> <span class='ocrx_word' id='word_1_312' title='bbox 1034 2693 1101 2741; x_wconf 79' lang='lat'><strong>30</strong></span> <span class='ocrx_word' id='word_1_313' title='bbox 1129 2701 1248 2757; x_wconf 91' lang='lat' dir='ltr'><strong>sqq.</strong></span> <span class='ocrx_word' id='word_1_314' title='bbox 1281 2691 1350 2739; x_wconf 80' lang='lat'><strong>54</strong></span> <span class='ocrx_word' id='word_1_315' title='bbox 1377 2700 1461 2757; x_wconf 92' lang='lat' dir='ltr'><strong>sq.</strong></span> <span class='ocrx_word' id='word_1_316' title='bbox 1498 2690 1569 2739; x_wconf 85' lang='lat'><strong>68</strong></span> <span class='ocrx_word' id='word_1_317' title='bbox 1595 2699 1740 2755; x_wconf 85' lang='lat' dir='ltr'><strong>sqq.;</strong></span> <span class='ocrx_word' id='word_1_318' title='bbox 1772 2689 1899 2750; x_wconf 82' lang='lat'><strong>2,10</strong></span> <span class='ocrx_word' id='word_1_319' title='bbox 1930 2699 2015 2754; x_wconf 84' lang='lat' dir='ltr'><strong>sq.</strong></span> <span class='ocrx_word' id='word_1_320' title='bbox 2044 2689 2111 2738; x_wconf 83' lang='grc'><strong>27</strong></span> <span class='ocrx_word' id='word_1_321' title='bbox 2141 2689 2314 2756; x_wconf 75' lang='lat' dir='ltr'><strong>sqq-&gt;3</strong></span> <span class='ocrx_word' id='word_1_322' title='bbox 2346 2683 2437 2738; x_wconf 82' lang='lat' dir='ltr'><strong>vix</strong></span> <span class='ocrx_word' id='word_1_323' title='bbox 2471 2699 2587 2739; x_wconf 89' lang='lat' dir='ltr'><strong>non</strong></span> <span class='ocrx_word' id='word_1_324' title='bbox 2618 2686 2810 2741; x_wconf 84' lang='lat' dir='ltr'><strong>minus</strong></span> <span class='ocrx_word' id='word_1_325' title='bbox 2844 2685 2947 2741; x_wconf 83' lang='lat' dir='ltr'><strong>fre-</strong></span> 
     </span>
     <span class='ocr_line' id='line_1_29' title="bbox 451 2769 2946 2843; baseline -0.001 -15"><span class='ocrx_word' id='word_1_326' title='bbox 451 2780 682 2843; x_wconf 89' lang='lat' dir='ltr'><strong>quenter</strong></span> <span class='ocrx_word' id='word_1_327' title='bbox 710 2772 1031 2840; x_wconf 86' lang='lat' dir='ltr'><strong>inculcatur,</strong></span> <span class='ocrx_word' id='word_1_328' title='bbox 1059 2787 1187 2827; x_wconf 91' lang='lat' dir='ltr'><strong>eum</strong></span> <span class='ocrx_word' id='word_1_329' title='bbox 1213 2787 1279 2826; x_wconf 87' lang='lat' dir='ltr'><strong>ex</strong></span> <span class='ocrx_word' id='word_1_330' title='bbox 1305 2771 1432 2826; x_wconf 82' lang='lat' dir='ltr'><strong>filiis</strong></span> <span class='ocrx_word' id='word_1_331' title='bbox 1461 2769 1639 2826; x_wconf 80' lang='lat' dir='ltr'><strong>David</strong></span> <span class='ocrx_word' id='word_1_332' title='bbox 1666 2785 1784 2824; x_wconf 89' lang='lat' dir='ltr'><strong>esse</strong></span> <span class='ocrx_word' id='word_1_333' title='bbox 1807 2785 1873 2825; x_wconf 90' lang='lat' dir='ltr'><strong>ac</strong></span> <span class='ocrx_word' id='word_1_334' title='bbox 1899 2769 2060 2841; x_wconf 91' lang='lat' dir='ltr'><strong>proin</strong></span> <span class='ocrx_word' id='word_1_335' title='bbox 2088 2772 2391 2826; x_wconf 88' lang='lat' dir='ltr'><strong>secundum</strong></span> <span class='ocrx_word' id='word_1_336' title='bbox 2422 2784 2647 2826; x_wconf 90' lang='lat' dir='ltr'><strong>carnem</strong></span> <span class='ocrx_word' id='word_1_337' title='bbox 2674 2769 2749 2826; x_wconf 83' lang='lat' dir='ltr'><strong>ad</strong></span> <span class='ocrx_word' id='word_1_338' title='bbox 2784 2787 2946 2843; x_wconf 86' lang='lat' dir='ltr'><strong>popu·</strong></span> 
     </span>
     <span class='ocr_line' id='line_1_30' title="bbox 449 2855 2947 2930; baseline -0.001 -16"><span class='ocrx_word' id='word_1_339' title='bbox 449 2859 566 2914; x_wconf 91' lang='lat' dir='ltr'><strong>lum</strong></span> <span class='ocrx_word' id='word_1_340' title='bbox 611 2859 783 2914; x_wconf 82' lang='lat' dir='ltr'><strong>Israel</strong></span> <span class='ocrx_word' id='word_1_341' title='bbox 819 2860 1093 2930; x_wconf 88' lang='lat' dir='ltr'><strong>pertinere</strong></span> <span class='ocrx_word' id='word_1_342' title='bbox 1133 2859 1306 2925; x_wconf 81' lang='lat'><strong>(1,27;</strong></span> <span class='ocrx_word' id='word_1_343' title='bbox 1347 2863 1459 2924; x_wconf 82' lang='grc'><strong>2,3.</strong></span> <span class='ocrx_word' id='word_1_344' title='bbox 1504 2864 1599 2924; x_wconf 87' lang='grc'><strong>11;</strong></span> <span class='ocrx_word' id='word_1_345' title='bbox 1642 2861 1767 2923; x_wconf 79' lang='grc'>1,69</span> <span class='ocrx_word' id='word_1_346' title='bbox 1810 2861 1957 2923; x_wconf 91' lang='lat' dir='ltr'><strong>etc.).</strong></span> <span class='ocrx_word' id='word_1_347' title='bbox 2000 2857 2065 2910; x_wconf 90' lang='lat' dir='ltr'><strong>In</strong></span> <span class='ocrx_word' id='word_1_348' title='bbox 2098 2855 2316 2926; x_wconf 89' lang='lat' dir='ltr'><strong>reliquo</strong></span> <span class='ocrx_word' id='word_1_349' title='bbox 2359 2855 2657 2928; x_wconf 83' lang='lat' dir='ltr'><strong>Evangelio</strong></span> <span class='ocrx_word' id='word_1_350' title='bbox 2696 2859 2947 2927; x_wconf 81' lang='lat' dir='ltr'><strong>pauciora</strong></span> 
     </span>
     <span class='ocr_line' id='line_1_31' title="bbox 450 2939 2945 3016; baseline -0 -16"><span class='ocrx_word' id='word_1_351' title='bbox 450 2946 676 3016; x_wconf 90' lang='lat' dir='ltr'><strong>quidem</strong></span> <span class='ocrx_word' id='word_1_352' title='bbox 720 2942 986 3001; x_wconf 89' lang='lat' dir='ltr'><strong>eiusmodi</strong></span> <span class='ocrx_word' id='word_1_353' title='bbox 1024 2944 1250 3010; x_wconf 82' lang='lat' dir='ltr'><strong>vestigia</strong></span> <span class='ocrx_word' id='word_1_354' title='bbox 1287 2943 1667 3008; x_wconf 84' lang='lat' dir='ltr'><strong>inveniuntur,</strong></span> <span class='ocrx_word' id='word_1_355' title='bbox 1706 2941 1807 2998; x_wconf 91' lang='lat' dir='ltr'><strong>sed</strong></span> <span class='ocrx_word' id='word_1_356' title='bbox 1842 2941 2071 2998; x_wconf 88' lang='lat' dir='ltr'><strong>minime</strong></span> <span class='ocrx_word' id='word_1_357' title='bbox 2108 2939 2327 2997; x_wconf 87' lang='lat' dir='ltr'><strong>desunt.</strong></span> <span class='ocrx_word' id='word_1_358' title='bbox 2366 2942 2543 2996; x_wconf 86' lang='lat' dir='ltr'><strong>Multo</strong></span> <span class='ocrx_word' id='word_1_359' title='bbox 2582 2941 2945 3013; x_wconf 77' lang='lat' dir='ltr'><strong>frequentius,</strong></span> 
     </span>
     <span class='ocr_line' id='line_1_32' title="bbox 448 3027 2945 3104; baseline -0.001 -17"><span class='ocrx_word' id='word_1_360' title='bbox 448 3047 618 3104; x_wconf 90' lang='lat' dir='ltr'><strong>quam</strong></span> <span class='ocrx_word' id='word_1_361' title='bbox 639 3034 888 3098; x_wconf 80' lang='lat' dir='ltr'><strong>MarcuS,</strong></span> <span class='ocrx_word' id='word_1_362' title='bbox 917 3033 1094 3086; x_wconf 86' lang='lat' dir='ltr'><strong>Lucas</strong></span> <span class='ocrx_word' id='word_1_363' title='bbox 1116 3028 1186 3085; x_wconf 89' lang='lat' dir='ltr'><strong>de</strong></span> <span class='ocrx_word' id='word_1_364' title='bbox 1215 3029 1549 3085; x_wconf 87' lang='lat' dir='ltr'><strong>ludaeorum</strong></span> <span class='ocrx_word' id='word_1_365' title='bbox 1574 3029 1737 3084; x_wconf 87' lang='lat' dir='ltr'><strong>sectis</strong></span> <span class='ocrx_word' id='word_1_366' title='bbox 1764 3043 2068 3099; x_wconf 89' lang='lat' dir='ltr'><strong>earumque</strong></span> <span class='ocrx_word' id='word_1_367' title='bbox 2096 3027 2357 3083; x_wconf 88' lang='lat' dir='ltr'><strong>doctrinis</strong></span> <span class='ocrx_word' id='word_1_368' title='bbox 2379 3029 2653 3099; x_wconf 86' lang='lat' dir='ltr'><strong>perversis</strong></span> <span class='ocrx_word' id='word_1_369' title='bbox 2678 3030 2945 3100; x_wconf 70' lang='lat' dir='ltr'><strong>loquium</strong></span> 
     </span>
    </p>

    <p class='ocr_par' dir='ltr' id='par_1_4' title="bbox 406 3113 2955 3966">
     <span class='ocr_line' id='line_1_33' title="bbox 406 3113 2948 3189; baseline -0.002 -15"><span class='ocrx_word' id='word_1_370' title='bbox 406 3135 555 3174; x_wconf 88' lang='lat' dir='ltr'><strong>-una</strong></span> <span class='ocrx_word' id='word_1_371' title='bbox 585 3133 714 3174; x_wconf 90' lang='lat' dir='ltr'><strong>cum</strong></span> <span class='ocrx_word' id='word_1_372' title='bbox 741 3117 1019 3174; x_wconf 87' lang='lat' dir='ltr'><strong>Matthaeo</strong></span> <span class='ocrx_word' id='word_1_373' title='bbox 1053 3117 1221 3188; x_wconf 84' lang='lat'><strong>(5,18)</strong></span> <span class='ocrx_word' id='word_1_374' title='bbox 1251 3115 1573 3171; x_wconf 88' lang='lat' dir='ltr'><strong>continuam</strong></span> <span class='ocrx_word' id='word_1_375' title='bbox 1608 3115 1999 3187; x_wconf 82' lang='lat' dir='ltr'><strong>obligationem</strong></span> <span class='ocrx_word' id='word_1_376' title='bbox 2024 3114 2189 3186; x_wconf 83' lang='lat' dir='ltr'><strong>Legis</strong></span> <span class='ocrx_word' id='word_1_377' title='bbox 2223 3113 2385 3169; x_wconf 86' lang='lat' dir='ltr'><strong>docet</strong></span> <span class='ocrx_word' id='word_1_378' title='bbox 2411 3115 2637 3185; x_wconf 82' lang='grc'>(16,17),</span> <span class='ocrx_word' id='word_1_379' title='bbox 2674 3135 2701 3166; x_wconf 75' lang='grc' dir='ltr'><strong>α</strong></span> <span class='ocrx_word' id='word_1_380' title='bbox 2728 3117 2948 3189; x_wconf 80' lang='lat' dir='ltr'><strong>Moysen</strong></span> 
     </span>
     <span class='ocr_line' id='line_1_34' title="bbox 447 3200 2947 3278; baseline -0 -19"><span class='ocrx_word' id='word_1_381' title='bbox 447 3214 505 3278; x_wconf 76' lang='lat' dir='ltr'><strong>ct</strong></span> <span class='ocrx_word' id='word_1_382' title='bbox 533 3203 828 3274; x_wconf 85' lang='lat' dir='ltr'><strong>propbetas</strong></span> <span class='ocrx_word' id='word_1_383' title='bbox 857 3224 883 3254; x_wconf 85' lang='grc'>»</span> <span class='ocrx_word' id='word_1_384' title='bbox 919 3201 1222 3259; x_wconf 89' lang='lat' dir='ltr'><strong>audiendos</strong></span> <span class='ocrx_word' id='word_1_385' title='bbox 1255 3217 1375 3258; x_wconf 88' lang='lat' dir='ltr'><strong>esse</strong></span> <span class='ocrx_word' id='word_1_386' title='bbox 1412 3200 1608 3269; x_wconf 80' lang='lat' dir='ltr'><strong>refert,</strong></span> <span class='ocrx_word' id='word_1_387' title='bbox 1640 3217 1711 3257; x_wconf 88' lang='lat' dir='ltr'><strong>ne</strong></span> <span class='ocrx_word' id='word_1_388' title='bbox 1738 3201 1861 3273; x_wconf 86' lang='lat' dir='ltr'><strong>quis</strong></span> <span class='ocrx_word' id='word_1_389' title='bbox 1894 3201 1954 3256; x_wconf 90' lang='lat' dir='ltr'><strong>in</strong></span> <span class='ocrx_word' id='word_1_390' title='bbox 1984 3208 2386 3256; x_wconf 89' lang='lat' dir='ltr'><strong>tormentorum</strong></span> <span class='ocrx_word' id='word_1_391' title='bbox 2419 3200 2604 3256; x_wconf 87' lang='lat' dir='ltr'><strong>locum</strong></span> <span class='ocrx_word' id='word_1_392' title='bbox 2632 3203 2821 3258; x_wconf 77' lang='lat' dir='ltr'><strong>veniat</strong></span> <span class='ocrx_word' id='word_1_393' title='bbox 2846 3207 2947 3271; x_wconf 79' lang='lat'><strong>(16,</strong></span> 
     </span>
     <span class='ocr_line' id='line_1_35' title="bbox 453 3283 2949 3361; baseline -0.001 -17"><span class='ocrx_word' id='word_1_394' title='bbox 453 3295 561 3359; x_wconf 77' lang='grc'>29),</span> <span class='ocrx_word' id='word_1_395' title='bbox 593 3290 862 3361; x_wconf 83' lang='lat' dir='ltr'><strong>originem</strong></span> <span class='ocrx_word' id='word_1_396' title='bbox 893 3288 1347 3345; x_wconf 85' lang='lat' dir='ltr'><strong>abrahamiticam</strong></span> <span class='ocrx_word' id='word_1_397' title='bbox 1377 3289 1462 3342; x_wconf 90' lang='lat' dir='ltr'><strong>ius</strong></span> <span class='ocrx_word' id='word_1_398' title='bbox 1488 3285 1766 3358; x_wconf 89' lang='lat' dir='ltr'><strong>quoddam</strong></span> <span class='ocrx_word' id='word_1_399' title='bbox 1804 3287 2080 3358; x_wconf 82' lang='lat' dir='ltr'><strong>singulare</strong></span> <span class='ocrx_word' id='word_1_400' title='bbox 2115 3284 2250 3341; x_wconf 80' lang='lat' dir='ltr'><strong>dare</strong></span> <span class='ocrx_word' id='word_1_401' title='bbox 2283 3283 2492 3342; x_wconf 86' lang='lat' dir='ltr'><strong>iudicat</strong></span> <span class='ocrx_word' id='word_1_402' title='bbox 2524 3284 2597 3342; x_wconf 90' lang='lat' dir='ltr'><strong>ad</strong></span> <span class='ocrx_word' id='word_1_403' title='bbox 2630 3285 2893 3344; x_wconf 79' lang='lat' dir='ltr'><strong>beneficia</strong></span> <span class='ocrx_word' id='word_1_404' title='bbox 2918 3303 2949 3342; x_wconf 84' lang='lat' dir='ltr'><strong>a</strong></span> 
     </span>
     <span class='ocr_line' id='line_1_36' title="bbox 450 3371 2951 3446; baseline -0 -16"><span class='ocrx_word' id='word_1_405' title='bbox 450 3375 690 3431; x_wconf 87' lang='lat' dir='ltr'><strong>Domino</strong></span> <span class='ocrx_word' id='word_1_406' title='bbox 719 3374 1032 3445; x_wconf 89' lang='lat' dir='ltr'><strong>accipienda</strong></span> <span class='ocrx_word' id='word_1_407' title='bbox 1065 3377 1244 3443; x_wconf 84' lang='lat'><strong>(13‚16</strong></span> <span class='ocrx_word' id='word_1_408' title='bbox 1281 3373 1364 3430; x_wconf 89' lang='lat' dir='ltr'><strong>cfr</strong></span> <span class='ocrx_word' id='word_1_409' title='bbox 1403 3379 1577 3442; x_wconf 81' lang='lat'><strong>19,9);</strong></span> <span class='ocrx_word' id='word_1_410' title='bbox 1608 3375 1667 3428; x_wconf 91' lang='lat' dir='ltr'><strong>in</strong></span> <span class='ocrx_word' id='word_1_411' title='bbox 1702 3372 1929 3428; x_wconf 88' lang='lat' dir='ltr'><strong>historia</strong></span> <span class='ocrx_word' id='word_1_412' title='bbox 1957 3371 2224 3443; x_wconf 87' lang='lat' dir='ltr'><strong>passionis</strong></span> <span class='ocrx_word' id='word_1_413' title='bbox 2257 3371 2471 3443; x_wconf 86' lang='lat' dir='ltr'><strong>integro</strong></span> <span class='ocrx_word' id='word_1_414' title='bbox 2498 3372 2727 3443; x_wconf 88' lang='lat' dir='ltr'><strong>quidem</strong></span> <span class='ocrx_word' id='word_1_415' title='bbox 2754 3375 2951 3446; x_wconf 82' lang='lat' dir='ltr'><strong>populo</strong></span> 
     </span>
     <span class='ocr_line' id='line_1_37' title="bbox 450 3457 2949 3534; baseline -0.001 -16"><span class='ocrx_word' id='word_1_416' title='bbox 450 3463 653 3534; x_wconf 78' lang='lat' dir='ltr'><strong>magiS,</strong></span> <span class='ocrx_word' id='word_1_417' title='bbox 685 3477 851 3532; x_wconf 89' lang='lat' dir='ltr'><strong>quam</strong></span> <span class='ocrx_word' id='word_1_418' title='bbox 879 3461 1078 3517; x_wconf 84' lang='lat' dir='ltr'><strong>Scribis</strong></span> <span class='ocrx_word' id='word_1_419' title='bbox 1105 3470 1160 3516; x_wconf 88' lang='lat' dir='ltr'><strong>et</strong></span> <span class='ocrx_word' id='word_1_420' title='bbox 1183 3460 1545 3532; x_wconf 88' lang='lat' dir='ltr'><strong>principibus,</strong></span> <span class='ocrx_word' id='word_1_421' title='bbox 1573 3459 1795 3530; x_wconf 89' lang='lat' dir='ltr'><strong>culpam</strong></span> <span class='ocrx_word' id='word_1_422' title='bbox 1820 3459 2037 3514; x_wconf 85' lang='lat' dir='ltr'><strong>videtur</strong></span> <span class='ocrx_word' id='word_1_423' title='bbox 2059 3457 2373 3526; x_wconf 87' lang='lat' dir='ltr'><strong>attribuere,</strong></span> <span class='ocrx_word' id='word_1_424' title='bbox 2401 3466 2647 3514; x_wconf 88' lang='lat' dir='ltr'><strong>attamen</strong></span> <span class='ocrx_word' id='word_1_425' title='bbox 2668 3461 2841 3516; x_wconf 85' lang='lat' dir='ltr'><strong>etiam</strong></span> <span class='ocrx_word' id='word_1_426' title='bbox 2859 3477 2949 3532; x_wconf 85' lang='lat' dir='ltr'><strong>po-</strong></span> 
     </span>
     <span class='ocr_line' id='line_1_38' title="bbox 450 3544 2947 3621; baseline -0.002 -17"><span class='ocrx_word' id='word_1_427' title='bbox 450 3550 581 3621; x_wconf 91' lang='lat' dir='ltr'><strong>pulo</strong></span> <span class='ocrx_word' id='word_1_428' title='bbox 609 3547 826 3604; x_wconf 87' lang='lat' dir='ltr'><strong>iudaico</strong></span> <span class='ocrx_word' id='word_1_429' title='bbox 855 3549 998 3602; x_wconf 89' lang='lat' dir='ltr'><strong>viam</strong></span> <span class='ocrx_word' id='word_1_430' title='bbox 1023 3547 1213 3603; x_wconf 88' lang='lat' dir='ltr'><strong>salutis</strong></span> <span class='ocrx_word' id='word_1_431' title='bbox 1239 3562 1272 3602; x_wconf 90' lang='lat' dir='ltr'><strong>a</strong></span> <span class='ocrx_word' id='word_1_432' title='bbox 1300 3546 1539 3601; x_wconf 87' lang='lat' dir='ltr'><strong>Domino</strong></span> <span class='ocrx_word' id='word_1_433' title='bbox 1566 3553 1959 3614; x_wconf 88' lang='lat' dir='ltr'><strong>monstratam,</strong></span> <span class='ocrx_word' id='word_1_434' title='bbox 1984 3552 2203 3614; x_wconf 86' lang='lat' dir='ltr'><strong>tempus</strong></span> <span class='ocrx_word' id='word_1_435' title='bbox 2223 3544 2589 3616; x_wconf 86' lang='lat' dir='ltr'><strong>poenitentiae</strong></span> <span class='ocrx_word' id='word_1_436' title='bbox 2610 3561 2947 3604; x_wconf 65' lang='lat' dir='ltr'><strong>concessura.</strong></span> 
     </span>
     <span class='ocr_line' id='line_1_39' title="bbox 449 3630 2953 3706; baseline -0.002 -14"><span class='ocrx_word' id='word_1_437' title='bbox 449 3651 603 3706; x_wconf 82' lang='lat' dir='ltr'><strong>spem</strong></span> <span class='ocrx_word' id='word_1_438' title='bbox 631 3632 980 3690; x_wconf 88' lang='lat' dir='ltr'><strong>redemtionis</strong></span> <span class='ocrx_word' id='word_1_439' title='bbox 1006 3631 1377 3704; x_wconf 88' lang='lat' dir='ltr'><strong>assequendae</strong></span> <span class='ocrx_word' id='word_1_440' title='bbox 1403 3633 1649 3688; x_wconf 89' lang='lat' dir='ltr'><strong>relictam</strong></span> <span class='ocrx_word' id='word_1_441' title='bbox 1675 3647 1795 3688; x_wconf 90' lang='lat' dir='ltr'><strong>esse</strong></span> <span class='ocrx_word' id='word_1_442' title='bbox 1820 3647 1931 3686; x_wconf 91' lang='lat' dir='ltr'><strong>non</strong></span> <span class='ocrx_word' id='word_1_443' title='bbox 1954 3631 2125 3686; x_wconf 89' lang='lat' dir='ltr'><strong>semel</strong></span> <span class='ocrx_word' id='word_1_444' title='bbox 2146 3630 2325 3686; x_wconf 89' lang='lat' dir='ltr'><strong>innuit</strong></span> <span class='ocrx_word' id='word_1_445' title='bbox 2350 3635 2517 3700; x_wconf 57' lang='lat'><strong>(1353.</strong></span> <span class='ocrx_word' id='word_1_446' title='bbox 2549 3637 2701 3702; x_wconf 80' lang='lat'>6-83</span> <span class='ocrx_word' id='word_1_447' title='bbox 2730 3639 2854 3704; x_wconf 80' lang='lat'><strong>21,4</strong></span> <span class='ocrx_word' id='word_1_448' title='bbox 2874 3632 2953 3688; x_wconf 83' lang='lat' dir='ltr'><strong>cfr</strong></span> 
     </span>
     <span class='ocr_line' id='line_1_40' title="bbox 451 3718 2951 3790; baseline -0.002 -12"><span class='ocrx_word' id='word_1_449' title='bbox 451 3728 613 3778; x_wconf 85' lang='lat' dir='ltr'><strong>Rom.</strong></span> <span class='ocrx_word' id='word_1_450' title='bbox 648 3725 855 3788; x_wconf 83' lang='lat'><strong>11,25);</strong></span> <span class='ocrx_word' id='word_1_451' title='bbox 883 3721 1053 3782; x_wconf 84' lang='lat' dir='ltr'><strong>immo</strong></span> <span class='ocrx_word' id='word_1_452' title='bbox 1089 3720 1238 3775; x_wconf 91' lang='lat' dir='ltr'><strong>solus</strong></span> <span class='ocrx_word' id='word_1_453' title='bbox 1272 3719 1469 3788; x_wconf 87' lang='lat' dir='ltr'><strong>refert,</strong></span> <span class='ocrx_word' id='word_1_454' title='bbox 1499 3718 1799 3774; x_wconf 88' lang='lat' dir='ltr'><strong>Dominum</strong></span> <span class='ocrx_word' id='word_1_455' title='bbox 1822 3726 2110 3789; x_wconf 86' lang='lat' dir='ltr'><strong>tantopere</strong></span> <span class='ocrx_word' id='word_1_456' title='bbox 2136 3718 2400 3788; x_wconf 86' lang='lat' dir='ltr'><strong>populum</strong></span> <span class='ocrx_word' id='word_1_457' title='bbox 2426 3733 2587 3774; x_wconf 89' lang='lat' dir='ltr'><strong>suum</strong></span> <span class='ocrx_word' id='word_1_458' title='bbox 2624 3735 2869 3790; x_wconf 85' lang='lat' dir='ltr'><strong>amasse,</strong></span> <span class='ocrx_word' id='word_1_459' title='bbox 2890 3729 2951 3774; x_wconf 84' lang='lat' dir='ltr'><strong>ut</strong></span> 
     </span>
     <span class='ocr_line' id='line_1_41' title="bbox 434 3801 2955 3878; baseline -0.003 -13"><span class='ocrx_word' id='word_1_460' title='bbox 434 3809 524 3865; x_wconf 90' lang='lat' dir='ltr'><strong>·de</strong></span> <span class='ocrx_word' id='word_1_461' title='bbox 554 3806 738 3864; x_wconf 86' lang='lat' dir='ltr'><strong>futuro</strong></span> <span class='ocrx_word' id='word_1_462' title='bbox 777 3806 896 3862; x_wconf 90' lang='lat' dir='ltr'><strong>eius</strong></span> <span class='ocrx_word' id='word_1_463' title='bbox 942 3805 1154 3863; x_wconf 86' lang='lat' dir='ltr'><strong>excidio</strong></span> <span class='ocrx_word' id='word_1_464' title='bbox 1183 3805 1394 3861; x_wconf 85' lang='lat' dir='ltr'><strong>fleverit</strong></span> <span class='ocrx_word' id='word_1_465' title='bbox 1437 3808 1639 3875; x_wconf 85' lang='grc'>(19,41)</span> <span class='ocrx_word' id='word_1_466' title='bbox 1678 3808 1736 3859; x_wconf 91' lang='lat' dir='ltr'><strong>et</strong></span> <span class='ocrx_word' id='word_1_467' title='bbox 1768 3804 1828 3860; x_wconf 92' lang='lat' dir='ltr'><strong>in</strong></span> <span class='ocrx_word' id='word_1_468' title='bbox 1852 3819 2017 3860; x_wconf 87' lang='lat' dir='ltr'><strong>cruce</strong></span> <span class='ocrx_word' id='word_1_469' title='bbox 2050 3801 2293 3877; x_wconf 85' lang='lat' dir='ltr'><strong>pendens</strong></span> <span class='ocrx_word' id='word_1_470' title='bbox 2333 3820 2433 3876; x_wconf 90' lang='lat' dir='ltr'><strong>pro</strong></span> <span class='ocrx_word' id='word_1_471' title='bbox 2472 3821 2541 3860; x_wconf 89' lang='lat' dir='ltr'><strong>eo</strong></span> <span class='ocrx_word' id='word_1_472' title='bbox 2586 3817 2847 3878; x_wconf 83' lang='lat' dir='ltr'><strong>precatus</strong></span> <span class='ocrx_word' id='word_1_473' title='bbox 2882 3807 2955 3861; x_wconf 85' lang='lat' dir='ltr'><strong>sit</strong></span> 
     </span>
     <span class='ocr_line' id='line_1_42' title="bbox 453 3898 679 3966; baseline 0.009 -14"><span class='ocrx_word' id='word_1_474' title='bbox 453 3898 679 3966; x_wconf 55' lang='lat'><strong>(2334).</strong></span> 
     </span>
    </p>

    <p class='ocr_par' dir='ltr' id='par_1_5' title="bbox 445 3977 3031 4660">
     <span class='ocr_line' id='line_1_43' title="bbox 521 3977 2955 4053; baseline -0.002 -14"><span class='ocrx_word' id='word_1_475' title='bbox 521 3986 591 4052; x_wconf 84' lang='lat' dir='ltr'><strong>c.)</strong></span> <span class='ocrx_word' id='word_1_476' title='bbox 624 3981 831 4051; x_wconf 87' lang='lat' dir='ltr'><strong>Quibus</strong></span> <span class='ocrx_word' id='word_1_477' title='bbox 861 3981 1158 4053; x_wconf 83' lang='lat' dir='ltr'><strong>multisque</strong></span> <span class='ocrx_word' id='word_1_478' title='bbox 1195 3980 1462 4036; x_wconf 89' lang='lat' dir='ltr'><strong>similibus</strong></span> <span class='ocrx_word' id='word_1_479' title='bbox 1496 3979 1758 4050; x_wconf 85' lang='lat' dir='ltr'><strong>exemplis</strong></span> <span class='ocrx_word' id='word_1_480' title='bbox 1789 3987 1965 4049; x_wconf 89' lang='lat' dir='ltr'><strong>patet,</strong></span> <span class='ocrx_word' id='word_1_481' title='bbox 1998 3995 2097 4034; x_wconf 85' lang='lat' dir='ltr'><strong>nec</strong></span> <span class='ocrx_word' id='word_1_482' title='bbox 2132 3978 2261 4034; x_wconf 91' lang='lat' dir='ltr'><strong>solis</strong></span> <span class='ocrx_word' id='word_1_483' title='bbox 2292 3977 2508 4035; x_wconf 85' lang='lat' dir='ltr'><strong>ludaeis</strong></span> <span class='ocrx_word' id='word_1_484' title='bbox 2542 3982 2825 4038; x_wconf 84' lang='lat' dir='ltr'><strong>conversis</strong></span> <span class='ocrx_word' id='word_1_485' title='bbox 2852 3996 2955 4036; x_wconf 72' lang='lat' dir='ltr'><strong>nee</strong></span> 
     </span>
     <span class='ocr_line' id='line_1_44' title="bbox 449 4064 2953 4137; baseline -0.003 -11"><span class='ocrx_word' id='word_1_486' title='bbox 449 4071 581 4127; x_wconf 90' lang='lat' dir='ltr'><strong>solis</strong></span> <span class='ocrx_word' id='word_1_487' title='bbox 623 4068 1168 4126; x_wconf 86' lang='lat' dir='ltr'><strong>Ethnicochristianis</strong></span> <span class='ocrx_word' id='word_1_488' title='bbox 1212 4070 1420 4123; x_wconf 88' lang='lat' dir='ltr'><strong>Lucam</strong></span> <span class='ocrx_word' id='word_1_489' title='bbox 1463 4066 1670 4122; x_wconf 89' lang='lat' dir='ltr'><strong>librum</strong></span> <span class='ocrx_word' id='word_1_490' title='bbox 1712 4081 1875 4122; x_wconf 90' lang='lat' dir='ltr'><strong>suum</strong></span> <span class='ocrx_word' id='word_1_491' title='bbox 1914 4064 2245 4134; x_wconf 77' lang='lat' dir='ltr'><strong>destinasse3</strong></span> <span class='ocrx_word' id='word_1_492' title='bbox 2288 4081 2463 4122; x_wconf 88' lang='lat' dir='ltr'><strong>unum</strong></span> <span class='ocrx_word' id='word_1_493' title='bbox 2506 4064 2795 4136; x_wconf 85' lang='lat' dir='ltr'><strong>addamus,</strong></span> <span class='ocrx_word' id='word_1_494' title='bbox 2840 4083 2953 4137; x_wconf 80' lang='lat' dir='ltr'><strong>quo</strong></span> 
     </span>
     <span class='ocr_line' id='line_1_45' title="bbox 449 4151 2945 4226; baseline -0.003 -13"><span class='ocrx_word' id='word_1_495' title='bbox 449 4159 647 4213; x_wconf 89' lang='lat' dir='ltr'><strong>clarius</strong></span> <span class='ocrx_word' id='word_1_496' title='bbox 677 4156 924 4226; x_wconf 86' lang='lat' dir='ltr'><strong>magistri</strong></span> <span class='ocrx_word' id='word_1_497' title='bbox 951 4164 1008 4211; x_wconf 88' lang='lat' dir='ltr'><strong>et</strong></span> <span class='ocrx_word' id='word_1_498' title='bbox 1033 4154 1282 4223; x_wconf 89' lang='lat' dir='ltr'><strong>discipuli</strong></span> <span class='ocrx_word' id='word_1_499' title='bbox 1309 4153 1663 4207; x_wconf 88' lang='lat' dir='ltr'><strong>consonantia</strong></span> <span class='ocrx_word' id='word_1_500' title='bbox 1688 4159 1934 4221; x_wconf 86' lang='lat' dir='ltr'><strong>apparet.</strong></span> <span class='ocrx_word' id='word_1_501' title='bbox 1963 4152 2115 4207; x_wconf 91' lang='lat' dir='ltr'><strong>Dum</strong></span> <span class='ocrx_word' id='word_1_502' title='bbox 2140 4151 2451 4208; x_wconf 86' lang='lat' dir='ltr'><strong>Matthaeus</strong></span> <span class='ocrx_word' id='word_1_503' title='bbox 2477 4155 2679 4220; x_wconf 78' lang='lat'>(28‚19)</span> <span class='ocrx_word' id='word_1_504' title='bbox 2710 4163 2763 4210; x_wconf 87' lang='lat' dir='ltr'><strong>et</strong></span> <span class='ocrx_word' id='word_1_505' title='bbox 2792 4155 2945 4208; x_wconf 80' lang='lat' dir='ltr'><strong>Mar-</strong></span> 
     </span>
     <span class='ocr_line' id='line_1_46' title="bbox 449 4236 2939 4313; baseline -0.001 -14"><span class='ocrx_word' id='word_1_506' title='bbox 449 4259 546 4299; x_wconf 91' lang='lat' dir='ltr'><strong>cus</strong></span> <span class='ocrx_word' id='word_1_507' title='bbox 571 4243 772 4312; x_wconf 81' lang='lat'><strong>(16,15)</strong></span> <span class='ocrx_word' id='word_1_508' title='bbox 793 4243 1090 4297; x_wconf 87' lang='lat' dir='ltr'><strong>Dominum</strong></span> <span class='ocrx_word' id='word_1_509' title='bbox 1116 4238 1410 4313; x_wconf 86' lang='lat' dir='ltr'><strong>Apostolos</strong></span> <span class='ocrx_word' id='word_1_510' title='bbox 1433 4236 1719 4294; x_wconf 88' lang='lat' dir='ltr'><strong>dumtaxat</strong></span> <span class='ocrx_word' id='word_1_511' title='bbox 1737 4238 1790 4292; x_wconf 92' lang='lat' dir='ltr'><strong>in</strong></span> <span class='ocrx_word' id='word_1_512' title='bbox 1811 4238 2122 4292; x_wconf 85' lang='lat' dir='ltr'><strong>universum</strong></span> <span class='ocrx_word' id='word_1_513' title='bbox 2149 4238 2416 4293; x_wconf 88' lang='lat' dir='ltr'><strong>mundum</strong></span> <span class='ocrx_word' id='word_1_514' title='bbox 2440 4239 2651 4294; x_wconf 85' lang='lat' dir='ltr'><strong>misisse</strong></span> <span class='ocrx_word' id='word_1_515' title='bbox 2674 4239 2939 4297; x_wconf 78' lang='lat' dir='ltr'><strong>refenmt.</strong></span> 
     </span>
     <span class='ocr_line' id='line_1_47' title="bbox 446 4323 2941 4396; baseline -0.003 -11"><span class='ocrx_word' id='word_1_516' title='bbox 446 4332 503 4386; x_wconf 87' lang='lat' dir='ltr'><strong>S.</strong></span> <span class='ocrx_word' id='word_1_517' title='bbox 541 4331 719 4386; x_wconf 86' lang='lat' dir='ltr'><strong>Lucas</strong></span> <span class='ocrx_word' id='word_1_518' title='bbox 758 4329 958 4384; x_wconf 89' lang='lat' dir='ltr'><strong>diserte</strong></span> <span class='ocrx_word' id='word_1_519' title='bbox 997 4326 1180 4396; x_wconf 86' lang='lat' dir='ltr'><strong>addit,</strong></span> <span class='ocrx_word' id='word_1_520' title='bbox 1223 4341 1318 4381; x_wconf 91' lang='lat' dir='ltr'><strong>eos</strong></span> <span class='ocrx_word' id='word_1_521' title='bbox 1359 4323 1612 4380; x_wconf 89' lang='lat' dir='ltr'><strong>debuisse</strong></span> <span class='ocrx_word' id='word_1_522' title='bbox 1651 4343 1678 4376; x_wconf 77' lang='grc' dir='ltr'><strong>α</strong></span> <span class='ocrx_word' id='word_1_523' title='bbox 1717 4323 2029 4396; x_wconf 87' lang='lat' dir='ltr'><strong>praedicare</strong></span> <span class='ocrx_word' id='word_1_524' title='bbox 2074 4325 2455 4380; x_wconf 88' lang='lat' dir='ltr'><strong>remissionem</strong></span> <span class='ocrx_word' id='word_1_525' title='bbox 2498 4334 2841 4396; x_wconf 87' lang='lat' dir='ltr'><strong>peccatorum</strong></span> <span class='ocrx_word' id='word_1_526' title='bbox 2872 4323 2941 4378; x_wconf 82' lang='lat' dir='ltr'><strong>in</strong></span> 
     </span>
     <span class='ocr_line' id='line_1_48' title="bbox 447 4410 2937 4488; baseline -0.004 -16"><span class='ocrx_word' id='word_1_527' title='bbox 447 4432 638 4472; x_wconf 89' lang='lat' dir='ltr'><strong>omnes</strong></span> <span class='ocrx_word' id='word_1_528' title='bbox 664 4425 852 4488; x_wconf 85' lang='lat' dir='ltr'><strong>gentes</strong></span> <span class='ocrx_word' id='word_1_529' title='bbox 879 4415 1225 4486; x_wconf 73' lang='lat' dir='ltr'><strong>incipientes</strong></span> <span class='ocrx_word' id='word_1_530' title='bbox 1257 4411 1336 4467; x_wconf 85' lang='lat' dir='ltr'><strong>ab</strong></span> <span class='ocrx_word' id='word_1_531' title='bbox 1362 4412 1716 4480; x_wconf 73' lang='lat' dir='ltr'><strong>lerosolyma</strong></span> <span class='ocrx_word' id='word_1_532' title='bbox 1743 4431 1769 4461; x_wconf 70' lang='grc' dir='ltr'><strong>ιο</strong></span> <span class='ocrx_word' id='word_1_533' title='bbox 1794 4416 1975 4478; x_wconf 81' lang='grc'><strong>(24,47</strong></span> <span class='ocrx_word' id='word_1_534' title='bbox 2009 4410 2093 4465; x_wconf 85' lang='lat' dir='ltr'><strong>cfr</strong></span> <span class='ocrx_word' id='word_1_535' title='bbox 2127 4416 2259 4466; x_wconf 85' lang='lat' dir='ltr'><strong>Act.</strong></span> <span class='ocrx_word' id='word_1_536' title='bbox 2296 4418 2384 4479; x_wconf 89' lang='grc'><strong>1,8</strong></span> <span class='ocrx_word' id='word_1_537' title='bbox 2414 4420 2472 4466; x_wconf 87' lang='lat' dir='ltr'><strong>et</strong></span> <span class='ocrx_word' id='word_1_538' title='bbox 2500 4415 2639 4471; x_wconf 78' lang='lat' dir='ltr'><strong>Ven.</strong></span> <span class='ocrx_word' id='word_1_539' title='bbox 2674 4411 2835 4470; x_wconf 77' lang='lat' dir='ltr'><strong>Beda</strong></span> <span class='ocrx_word' id='word_1_540' title='bbox 2868 4411 2937 4464; x_wconf 86' lang='lat' dir='ltr'><strong>in</strong></span> 
     </span>
     <span class='ocr_line' id='line_1_49' title="bbox 445 4497 2933 4569; baseline -0.003 -11"><span class='ocrx_word' id='word_1_541' title='bbox 445 4506 593 4558; x_wconf 88' lang='lat' dir='ltr'><strong>Luca</strong></span> <span class='ocrx_word' id='word_1_542' title='bbox 627 4508 737 4568; x_wconf 81' lang='lat'><strong>24).</strong></span> <span class='ocrx_word' id='word_1_543' title='bbox 767 4500 974 4558; x_wconf 87' lang='lat' dir='ltr'><strong>Eadem</strong></span> <span class='ocrx_word' id='word_1_544' title='bbox 1000 4509 1182 4556; x_wconf 88' lang='lat' dir='ltr'><strong>autem</strong></span> <span class='ocrx_word' id='word_1_545' title='bbox 1207 4499 1422 4554; x_wconf 85' lang='lat' dir='ltr'><strong>ratione</strong></span> <span class='ocrx_word' id='word_1_546' title='bbox 1455 4500 1507 4554; x_wconf 93' lang='lat' dir='ltr'><strong>S.</strong></span> <span class='ocrx_word' id='word_1_547' title='bbox 1543 4497 1745 4552; x_wconf 88' lang='lat' dir='ltr'><strong>Paulus</strong></span> <span class='ocrx_word' id='word_1_548' title='bbox 1772 4516 1795 4549; x_wconf 74' lang='grc' dir='ltr'>ι</span> <span class='ocrx_word' id='word_1_549' title='bbox 1828 4498 2183 4569; x_wconf 83' lang='lat' dir='ltr'><strong>Evangelium</strong></span> <span class='ocrx_word' id='word_1_550' title='bbox 2211 4497 2467 4554; x_wconf 86' lang='lat' dir='ltr'><strong>virtutem</strong></span> <span class='ocrx_word' id='word_1_551' title='bbox 2496 4500 2599 4554; x_wconf 86' lang='lat' dir='ltr'><strong>Dei</strong></span> <span class='ocrx_word' id='word_1_552' title='bbox 2622 4513 2732 4554; x_wconf 87' lang='lat' dir='ltr'><strong>esse</strong></span> <span class='ocrx_word' id='word_1_553' title='bbox 2752 4497 2809 4553; x_wconf 85' lang='lat' dir='ltr'><strong>in</strong></span> <span class='ocrx_word' id='word_1_554' title='bbox 2832 4511 2933 4551; x_wconf 80' lang='lat' dir='ltr'><strong>sa-</strong></span> 
     </span>
     <span class='ocr_line' id='line_1_50' title="bbox 446 4583 3031 4660; baseline -0.002 -18"><span class='ocrx_word' id='word_1_555' title='bbox 446 4589 616 4642; x_wconf 82' lang='lat' dir='ltr'><strong>lutem</strong></span> <span class='ocrx_word' id='word_1_556' title='bbox 643 4589 790 4644; x_wconf 91' lang='lat' dir='ltr'><strong>omni</strong></span> <span class='ocrx_word' id='word_1_557' title='bbox 815 4586 1080 4657; x_wconf 89' lang='lat' dir='ltr'><strong>credenti,</strong></span> <span class='ocrx_word' id='word_1_558' title='bbox 1111 4587 1334 4642; x_wconf 77' lang='lat' dir='ltr'><strong>Iudaeo</strong></span> <span class='ocrx_word' id='word_1_559' title='bbox 1361 4586 1626 4657; x_wconf 76' lang='lat' dir='ltr'><strong>primum</strong></span> <span class='ocrx_word' id='word_1_560' title='bbox 1664 4591 1719 4638; x_wconf 89' lang='lat' dir='ltr'><strong>et</strong></span> <span class='ocrx_word' id='word_1_561' title='bbox 1760 4585 1972 4640; x_wconf 84' lang='lat' dir='ltr'><strong>Graeco</strong></span> <span class='ocrx_word' id='word_1_562' title='bbox 1996 4605 2020 4636; x_wconf 69' lang='lat' dir='ltr'><strong>n</strong></span> <span class='ocrx_word' id='word_1_563' title='bbox 2052 4589 2229 4652; x_wconf 81' lang='lat' dir='ltr'><strong>(Rom.</strong></span> <span class='ocrx_word' id='word_1_564' title='bbox 2273 4589 2417 4655; x_wconf 80' lang='lat'><strong>1,16&gt;</strong></span> <span class='ocrx_word' id='word_1_565' title='bbox 2451 4585 2635 4656; x_wconf 83' lang='lat' dir='ltr'><strong>docet,</strong></span> <span class='ocrx_word' id='word_1_566' title='bbox 2665 4591 2821 4656; x_wconf 82' lang='lat' dir='ltr'><strong>atquc</strong></span> <span class='ocrx_word' id='word_1_567' title='bbox 2862 4583 2929 4638; x_wconf 81' lang='lat' dir='ltr'><strong>in</strong></span> <span class='ocrx_word' id='word_1_568' title='bbox 3029 4639 3031 4660; x_wconf 32' lang='grc' dir='ltr'>ι</span> 
     </span>
    </p>
   </div>
   <div class='ocr_carea' id='block_1_3' title="bbox 3028 3323 3032 3856">
    <p class='ocr_par' dir='ltr' id='par_1_6' title="bbox 3028 3323 3032 3856">
     <span class='ocr_line' id='line_1_51' title="bbox 3028 3323 3032 3856; baseline 0 0"><span class='ocrx_word' id='word_1_569' title='bbox 3028 3323 3032 3856; x_wconf 95' lang='lat' dir='ltr'><strong> </strong></span> 
     </span>
    </p>
   </div>
   <div class='ocr_carea' id='block_1_4' title="bbox 3029 4041 3031 4598">
    <p class='ocr_par' dir='ltr' id='par_1_7' title="bbox 3029 4041 3031 4598">
     <span class='ocr_line' id='line_1_52' title="bbox 3029 4041 3031 4598; baseline 0 0"><span class='ocrx_word' id='word_1_570' title='bbox 3029 4041 3031 4598; x_wconf 95' lang='lat' dir='ltr'><strong> </strong></span> 
     </span>
    </p>
   </div>
  </div>
 </body>
</html>
