3050 5184
746 391 824 434 ns
869 391 1017 435 mnu
1059 390 1159 434 1013
1200 387 1447 436 omerus
1488 389 1567 433 m·
1607 391 2041 438 mutemus-n.
2549 374 2666 434 309

144 541 269 585 esse
292 524 629 602 dispositas
659 523 811 583 satis
841 523 1045 583 docet.
1080 520 1504 582 Nihilominus
1534 522 1682 582 libri
1705 527 2022 602 inteqritas
2044 524 2234 585 hodie
2263 525 2672 602 impugnatur

145 623 199 680 et
218 620 551 682 nonnullae
581 620 719 681 eius
751 619 1089 698 pericopae
1116 618 1291 678 velut
1326 619 1539 696 spuria
1573 619 2002 682 additamenta
2035 621 2429 682 reiiciuntur.
2463 623 2668 697 Atque

144 717 331 794 primo
375 717 635 795 quidem
664 715 806 776 loco
830 714 1117 794 proloqus
1156 719 1216 774 et
1252 713 1532 792 epiloyus
1569 717 1809 776 auctori
1849 717 2318 789 abiudicantur,
2349 733 2424 778 ac
2453 717 2507 776 si
2541 715 2668 775 illis

144 813 375 874 reiectis
405 829 761 882 sermoneS,
796 811 1033 889 quibus
1062 810 1346 889 reliquus
1378 810 1542 871 liber
1566 817 1844 884 constat,
1880 813 2148 892 intelligi
2175 817 2456 892 possent.

202 927 411 982 Frivola
430 935 560 982 sunt
586 924 1035 982 adversariorum
1071 931 1419 996 argumenta.
1460 924 1588 992 Ipsa
1633 941 1795 996 prosa
1835 927 2042 996 oratio,
2086 941 2194 998 qua
2237 934 2434 982 auctor
2465 923 2576 981 illis
2609 925 2668 980 in

147 1014 398 1086 pericopis
426 1014 618 1080 utitur,
660 1021 831 1084 atque
870 1011 1064 1067 divina
1102 1012 1355 1080 nomina,
1402 1027 1546 1083 quae
1582 1028 1782 1085 magna
1829 1029 1958 1070 cum
1995 1023 2116 1069 arte
2155 1014 2330 1069 variat
2367 1012 2584 1078 (ΙαΙιι-ε,
2621 1012 2669 1067 si

144 1101 245 1170 ipse
269 1102 535 1174 loquitur,
564 1100 658 1170 Ec,
687 1101 907 1170 Εἰοαή,
943 1098 1261 1156 Schaddai
1297 1099 1356 1154 in
1395 1100 1748 1156 sermonibus
1785 1100 1886 1157 Iob
1928 1102 2376 1173 amicorumque,
2424 1101 2517 1172 qui
2557 1102 2666 1155 He-

144 1186 280 1244 braei
302 1205 417 1245 non
447 1194 647 1255 erant),
681 1189 791 1244 illis
825 1195 956 1243 sunt
997 1185 1353 1243 offendicula
1384 1188 1640 1260 Pugnare
1685 1203 1908 1261 quoque
1944 1197 2172 1244 censent
2211 1195 2300 1256 1,9
2338 1204 2468 1243 cum
2495 1194 2586 1255 8,4
2617 1197 2672 1244 et

146 1281 285 1344 19,ιῖ
306 1293 425 1333 non
458 1275 991 1344 animadvertentes,
1024 1274 1085 1330 in
1112 1281 1203 1343 8,4
1234 1289 1462 1332 causam
1488 1274 1688 1330 mortis
1724 1275 1966 1332 tiliorum
1998 1275 2098 1332 lob
2133 1292 2166 1331 a
2199 1273 2411 1331 Baldad
2435 1274 2671 1330 indicari

144 1371 191 1417 et
216 1369 367 1432 19,st
404 1380 523 1420 non
550 1365 620 1420 de
656 1364 811 1432 filiis,
840 1363 939 1420 sed
968 1363 1037 1418 de
1073 1361 1331 1419 fratribus
1360 1361 1460 1418 Iob
1490 1363 1582 1435 agi
1611 1369 1668 1430 (ω
1694 1363 1793 1418 filii
1818 1363 1989 1428 uteri,
2022 1365 2116 1434 qui
2153 1379 2246 1418 me
2272 1362 2511 1434 portavit
2537 1383 2558 1414 ι
2585 1361 2672 1418 cfr

144 1455 292 1518 3,10).
331 1454 513 1508 Porro
556 1451 617 1507 in
663 1452 923 1524 prologo,
968 1451 1257 1523 inquiunt,
1314 1449 1413 1506 [ob
1457 1451 1804 1506 calamitates
1844 1451 2116 1522 patienter
2157 1449 2358 1522 accipit
2395 1455 2573 1518 (1,21;
2611 1455 2666 1516 2,

146 1544 367 1612 losqq.),
400 1539 464 1596 in
492 1539 735 1595 carmine
759 1537 1115 1595 acerbissime
1144 1537 1213 1593 de
1240 1537 1308 1593 iis
1334 1539 1700 1610 conqueritur
1737 1541 2030 1610 Deumque
2069 1539 2218 1594 velut
2246 1553 2436 1594 earum
2474 1545 2668 1594 aucto-

144 1643 247 1682 rem
284 1626 508 1683 videtur
535 1627 816 1694 incusare,
847 1627 905 1682 in
943 1626 1190 1682 carmine
1218 1625 1290 1681 ob
1332 1634 1559 1695 peccata
1597 1641 1697 1682 sua
1729 1626 2090 1698 vituperatur,
2126 1630 2184 1681 in
2222 1625 2439 1698 epilogo
2477 1641 2509 1680 a
2549 1628 2668 1681 Deo

144 1714 399 1770 laudatur.
436 1719 512 1770 At
536 1714 739 1770 iterum
768 1713 839 1769 ad
868 1723 1062 1785 poetae
1090 1721 1271 1770 artem
1299 1713 1411 1769 non
1440 1712 1740 1769 attendunt
1781 1713 2118 1781 adversarii,
2149 1713 2255 1769 viri
2291 1713 2470 1778 enim,
2503 1728 2667 1784 quem

144 1801 589 1870 patientissimum
616 1802 728 1858 iam
762 1802 1153 1874 cognovimus,
1186 1800 1423 1872 querelis
1465 1800 1795 1874 magnitudo
1824 1801 2202 1858 calamitatum
2248 1798 2668 1873 perdurantium

142 1897 189 1942 et
208 1889 601 1962 intempestivis
628 1890 935 1945 amicorum
956 1887 1398 1945 accusationibus
1424 1887 1790 1944 crescentium
1819 1887 1980 1945 nobis
2003 1887 2408 1950 manifestatur,
2437 1895 2494 1942 et
2518 1896 2670 1943 recte

142 1977 237 2032 iam
262 1978 481 2034 monuit
514 1976 955 2048 Chrysostomus
986 1997 1013 2028 α
1044 1976 1271 2044 Iobum‚
1298 1976 1346 2031 si
1369 1984 1704 2048 conquestus
1731 1992 1846 2031 non
1883 1984 2054 2045 esset,
2100 1975 2342 2046 potuisse
2369 1973 2540 2030 videri
2572 1989 2669 2030 na-

142 2073 281 2122 turae
297 2067 615 2122 communis
633 2073 915 2136 expertem
936 2086 987 2121 a.
1011 2064 1214 2120 Procul
1235 2063 1407 2120 dubio
1430 2063 1696 2119 nonnulla
1717 2063 1837 2118 eius
1858 2062 2024 2119 verba
2044 2062 2311 2134 vituperio
2331 2071 2460 2117 sunt
2480 2061 2666 2134 digna,

142 2151 359 2225 ideoque
380 2153 453 2210 ab
474 2154 599 2208 Eliu
618 2152 974 2225 corriguntur
992 2160 1048 2207 et
1067 2167 1097 2206 a
1114 2154 1235 2208 Deo
1254 2153 1668 2222 vituperantur;
1690 2167 1721 2206 a
1745 2153 1864 2206 Deo
1889 2159 2073 2207 autem
2093 2149 2371 2218 laudatur,
2399 2147 2524 2221 quia
2555 2165 2668 2204 rec-

140 2239 237 2295 tius
260 2242 481 2298 locutus
506 2249 609 2308 est,
636 2255 805 2312 quam
832 2239 998 2296 amici
1024 2239 1161 2295 eius.
1192 2241 1435 2295 Demum
1461 2238 1782 2308 edocemur,
1807 2241 1864 2294 in
1893 2239 2122 2310 prologo
2146 2246 2203 2293 et
2225 2239 2445 2309 epilogo
2465 2236 2535 2292 de
2564 2236 2668 2291 vir·

142 2335 245 2384 tute
264 2329 573 2402 expiatoria
609 2327 1005 2384 sacrificiorum
1034 2327 1155 2383 fieri
1180 2341 1495 2383 sermonem
1524 2331 1666 2395 (1,5;
1696 2331 1876 2394 428),
1905 2341 2098 2397 poema
2121 2334 2305 2381 autem
2323 2324 2477 2379 illam
2503 2324 2668 2395 igno-

144 2425 271 2466 rare.
299 2413 459 2484 Quae
485 2409 727 2466 obiectio
757 2408 1146 2466 difficultatem
1170 2418 1414 2478 crearet,
1446 2410 1491 2466 si
1522 2418 1718 2466 auctor
1753 2426 1866 2466 non
1895 2409 2293 2480 inquisivisset,
2327 2425 2469 2481 quae
2495 2417 2680 2464 essent

143 2498 510 2554 calamitatum
538 2511 763 2560 causae,
799 2497 896 2552 sed
927 2496 1210 2570 quomodo
1241 2507 1461 2570 peecata
1491 2497 1665 2554 deleri
1695 2506 1938 2568 possent.

215 2677 571 2738 Admodum
596 2677 777 2755 pauci
808 2680 982 2749 sunt,
1015 2675 1123 2752 qui
1156 2691 1387 2735 nexum
1417 2673 1570 2732 satis
1597 2671 1858 2733 obvium
1887 2688 2011 2730 non
2043 2671 2469 2748 intelligentes
2494 2670 2674 2730 verba

146 2773 259 2832 lobi
271 2775 681 2846 27‚11-28‚28
701 2773 881 2833 alteri
900 2770 1329 2832 interlocutori
1354 2769 1620 2847 Sophari
1641 2769 1984 2828 attribuere
2007 2771 2198 2844 atque
2221 2765 2539 2826 secundam
2561 2767 2677 2826 Dei

145 2876 465 2931 orationem
508 2867 957 2948 (msto-4125)
988 2869 1162 2928 velut
1203 2865 1482 2946 spuriam
1524 2863 1788 2926 reiicere
1832 2863 2189 2925 voluerunt.
2225 2864 2423 2924 Multo
2463 2863 2674 2940 plures

144 2974 337 3028 autem
378 2969 533 3029 Elin
574 2983 865 3026 sermones
913 2963 1311 3044 (MA-3224)
1348 2961 1700 3040 superfluos
1740 2960 1955 3020 dicunt
1997 2977 2116 3020 nec
2163 2963 2338 3020 tanto
2383 2963 2672 3038 poemate

147 3063 373 3142 dignos
402 3068 702 3124 Attamen
732 3061 891 3123 nihil
926 3062 990 3120 in
1029 3078 1248 3121 eorum
1279 3060 1480 3120 forma
1514 3057 1826 3118 exteriore
1852 3057 2189 3130 invenitur,
2230 3073 2360 3134 quo
2394 3055 2674 3133 suspecti

146 3160 497 3233 reddantur,
530 3163 716 3237 atque
748 3164 878 3219 tam
903 3175 1126 3235 parum
1156 3160 1301 3218 sunt
1329 3154 1666 3234 superflui,
1697 3157 1765 3214 ut
1795 3153 1920 3212 illis
1945 3152 2241 3214 abscissis
2265 3156 2398 3212 tota
2421 3168 2674 3229 poema-

146 3256 217 3315 tis
242 3255 613 3318 oeconomia
636 3255 995 3316 destruatur
1023 3270 1229 3332 neque
1257 3251 1531 3330 amplius
1551 3251 1738 3329 plena
1765 3249 2150 3326 quaestionis
2176 3249 2538 3327 propositae
2567 3247 2676 3308 ha-

146 3352 350 3414 beatur
380 3352 647 3414 solutio.

206 3475 429 3532 Duabus
456 3473 739 3546 prioribus
764 3472 1169 3528 obiectionibus
1196 3471 1483 3527 immorari
1519 3483 1659 3541 opus
1691 3484 1802 3525 non
1839 3477 1940 3536 est,
1983 3467 2257 3540 siquidem
2293 3482 2519 3534 nexum,
2563 3483 2674 3538 quo

148 3563 421 3634 pericopae
447 3562 579 3618 illae
620 3575 747 3616 cum
777 3557 1234 3632 praecedentibus
1263 3567 1319 3614 et
1350 3556 1816 3629 consequentibus
1854 3555 2208 3627 colligantur,
2246 3555 2304 3609 in
2351 3554 2673 3610 brevissimo

148 3658 319 3706 nostro
359 3657 664 3718 conspectu
690 3648 803 3703 iam
832 3647 1137 3704 innuimus.
1168 3677 1240 3688 —
1278 3645 1419 3703 Elin
1448 3660 1740 3700 sermones
1777 3645 1984 3717 magis,
2027 3657 2195 3715 quam
2235 3642 2508 3714 reliquos,
2548 3657 2674 3696 ara-

148 3737 373 3792 maizare
398 3745 571 3808 atque
599 3735 767 3791 etiam
793 3734 999 3807 aliquid
1039 3733 1236 3789 tumidi
1271 3742 1329 3790 et
1352 3733 1531 3788 inflati
1567 3731 1804 3796 habere,
1846 3730 2113 3798 fatemur3
2144 3744 2438 3786 monemus
2465 3738 2673 3793 autem,

150 3838 237 3892 pro
262 3823 659 3898 disputantium
677 3822 865 3878 indole
896 3831 1115 3893 poetam
1153 3822 1401 3894 linguam
1434 3821 1750 3894 stylumque
1792 3818 2052 3874 variasse.
2097 3819 2213 3874 Iam
2249 3832 2375 3872 vero
2413 3816 2534 3872 Eliu
2572 3815 2676 3870 fuit

149 3911 339 3968 iuvenis
366 3927 435 3968 ex
463 3911 741 3968 aramaica
772 3911 935 3982 (Gen.
962 3910 1149 3982 22:21)
1170 3909 1319 3966 tribu
1342 3911 1487 3977 Bu23
1520 3909 1770 3980 linguam
1797 3907 1965 3980 igitur
1985 3907 2416 3962 aramaizantem
2437 3903 2672 3975 stylum-

150 4013 245 4067 que
264 3999 621 4056 tumidiorem
648 4007 774 4070 apte
802 3999 852 4054 ei
880 3997 1135 4054 attribuit
1162 4005 1375 4053 auctor.
1398 4001 1810 4068 Argumentum
1849 4009 2014 4065 porro
2062 4008 2383 4048 sermonum
2420 3991 2536 4046 eius
2573 4005 2675 4045 nec

147 4093 223 4140 est
244 4087 490 4159 repetitio
516 4103 739 4154 eorum,
772 4102 915 4158 quae
943 4085 1013 4141 ab
1052 4085 1245 4141 amicis
1270 4093 1401 4140 sunt
1429 4084 1604 4151 dicta,
1649 4097 1752 4138 nec
1788 4081 2210 4153 praeoccupatio
2245 4077 2559 4135 orationum
2596 4078 2672 4133 di-

150 4173 407 4231 vinarum.
435 4175 659 4230 Etenim
686 4174 991 4229 amicorum
1021 4187 1301 4238 errorem,
1334 4172 1427 4243 qui
1455 4173 1513 4226 in
1545 4168 1952 4226 calamitatibus
1989 4183 2103 4223 non
2131 4163 2319 4221 vident
2354 4164 2458 4220 nisi
2499 4164 2668 4220 vindi-

148 4260 339 4317 cativas
366 4277 572 4334 poenas
606 4262 729 4328 Dei,
762 4261 993 4333 corrigit
1016 4261 1139 4316 Eliu
1168 4259 1370 4315 virtute
1402 4273 1594 4314 earum
1623 4255 1940 4313 medicinali
1982 4255 2379 4310 demonstrata.
2419 4251 2538 4308 Nisi
2567 4251 2670 4324 igi-

151 4355 231 4401 tur
246 4347 573 4406 haberemus
600 4349 725 4404 Elin
744 4364 1028 4404 sermones
1044 4392 1058 4418 ‚
1085 4363 1277 4404 omnes
1298 4347 1640 4402 calamitates
1669 4352 1765 4400 aut
1791 4359 1996 4415 poenas
2015 4340 2374 4397 vindicativas
2396 4355 2514 4394 esse
2543 4354 2669 4394 cum

149 4435 323 4492 amicis
364 4435 675 4494 diceremus
717 4445 814 4492 aut
864 4436 1017 4492 iuxta
1073 4435 1288 4508 prologi
1335 4433 1648 4490 doctrinam
1703 4431 2054 4501 probationes
2097 4437 2151 4484 et
2197 4426 2670 4483 manifestationes

150 4521 350 4590 pietatis
375 4527 675 4593 iustorum,
704 4524 762 4580 id
790 4525 939 4597 quod
968 4532 1117 4579 certe
1166 4531 1310 4578 esset
1339 4535 1656 4577 erroneum.
1697 4519 1876 4585 Adde,
1928 4534 1957 4573 a
1990 4521 2106 4572 Deo
2138 4515 2336 4572 Iobum
2376 4524 2431 4570 et
2462 4515 2671 4570 amicos

154 4609 425 4682 vituperari
470 4613 723 4686 quidem,
763 4612 860 4669 sed
890 4629 995 4684 qua
1040 4611 1099 4667 in
1142 4628 1203 4666 re
1246 4610 1570 4678 erraverint,
1621 4624 1735 4663 non
1781 4605 2040 4674 indicari;
2089 4603 2370 4660 undenam
2395 4604 2562 4676 igitur
2599 4601 2668 4658 de

152 4695 594 4768 disputationibus
622 4716 817 4758 eorum
845 4699 1238 4766 iudicabimuS,
1272 4698 1317 4753 si
1340 4712 1626 4754 sermones
1656 4696 1777 4750 Elin
1821 4693 2200 4758 reiecerimus,
2235 4693 2294 4746 in
2337 4691 2536 4763 quibus
2567 4706 2666 4760 po-
