<?xml version="1.0" encoding="UTF-8"?>
<!DOCTYPE html PUBLIC "-//W3C//DTD XHTML 1.0 Transitional//EN"
    "http://www.w3.org/TR/xhtml1/DTD/xhtml1-transitional.dtd">
<html xmlns="http://www.w3.org/1999/xhtml" xml:lang="en" lang="en">
 <head>
  <title>
</title>
<meta http-equiv="Content-Type" content="text/html;charset=utf-8" />
  <meta name='ocr-system' content='tesseract 3.04.00' />
  <meta name='ocr-capabilities' content='ocr_page ocr_carea ocr_par ocr_line ocrx_word'/>
</head>
<body>
  <div class='ocr_page' id='page_1' title='image "./historicaeetcri00corngoog_0577.png"; bbox 0 0 3050 5184; ppageno 0'>
   <div class='ocr_carea' id='block_1_1' title="bbox 716 304 2662 368">
    <p class='ocr_par' dir='ltr' id='par_1_1' title="bbox 716 304 2662 368">
     <span class='ocr_line' id='line_1_1' title="bbox 716 304 2662 368; baseline -0.003 0"><span class='ocrx_word' id='word_1_1' title='bbox 716 323 792 368; x_wconf 74' lang='lat' dir='ltr'><strong>nn</strong></span> <span class='ocrx_word' id='word_1_2' title='bbox 834 323 1133 368; x_wconf 69' lang='lat' dir='ltr'><strong>ems-rous</strong></span> <span class='ocrx_word' id='word_1_3' title='bbox 1174 322 1253 367; x_wconf 71' lang='lat' dir='ltr'><strong>An</strong></span> <span class='ocrx_word' id='word_1_4' title='bbox 1294 323 1513 368; x_wconf 72' lang='lat' dir='ltr'><strong>conoss.</strong></span> <span class='ocrx_word' id='word_1_5' title='bbox 1561 325 1637 368; x_wconf 74' lang='grc' dir='ltr'><strong>ετ</strong></span> <span class='ocrx_word' id='word_1_6' title='bbox 1677 323 2072 368; x_wconf 61' lang='lat' dir='ltr'><strong>ramaneant.</strong></span> <span class='ocrx_word' id='word_1_7' title='bbox 2547 304 2662 363; x_wconf 72' lang='lat'><strong>567</strong></span> 
     </span>
    </p>
   </div>
   <div class='ocr_carea' id='block_1_2' title="bbox 114 451 2673 1758">
    <p class='ocr_par' dir='ltr' id='par_1_2' title="bbox 114 451 2666 698">
     <span class='ocr_line' id='line_1_2' title="bbox 114 451 2666 526; baseline -0.001 -20"><span class='ocrx_word' id='word_1_8' title='bbox 114 453 173 506; x_wconf 80' lang='lat'><strong>5.</strong></span> <span class='ocrx_word' id='word_1_9' title='bbox 214 452 445 524; x_wconf 76' lang='lat' dir='ltr'><strong>Epiplz.</strong></span> <span class='ocrx_word' id='word_1_10' title='bbox 490 453 657 510; x_wconf 84' lang='lat' dir='ltr'><strong>Haer.</strong></span> <span class='ocrx_word' id='word_1_11' title='bbox 696 455 868 525; x_wconf 81' lang='grc'><strong>42,9),</strong></span> <span class='ocrx_word' id='word_1_12' title='bbox 914 455 1257 512; x_wconf 72' lang='lat' dir='ltr'><strong>Valentinus</strong></span> <span class='ocrx_word' id='word_1_13' title='bbox 1294 459 1375 522; x_wconf 91' lang='lat' dir='ltr'><strong>(S.</strong></span> <span class='ocrx_word' id='word_1_14' title='bbox 1423 459 1580 510; x_wconf 81' lang='lat' dir='ltr'><strong>Iren.</strong></span> <span class='ocrx_word' id='word_1_15' title='bbox 1621 471 1668 511; x_wconf 90' lang='lat' dir='ltr'><strong>c.</strong></span> <span class='ocrx_word' id='word_1_16' title='bbox 1710 457 1879 512; x_wconf 87' lang='lat' dir='ltr'><strong>Haer.</strong></span> <span class='ocrx_word' id='word_1_17' title='bbox 1923 459 1966 511; x_wconf 93' lang='lat'><strong>1.</strong></span> <span class='ocrx_word' id='word_1_18' title='bbox 2012 459 2064 522; x_wconf 87' lang='grc'><strong>3)</strong></span> <span class='ocrx_word' id='word_1_19' title='bbox 2101 456 2330 526; x_wconf 88' lang='lat' dir='ltr'><strong>eiusque</strong></span> <span class='ocrx_word' id='word_1_20' title='bbox 2365 451 2666 522; x_wconf 88' lang='lat' dir='ltr'><strong>discipulus</strong></span> 
     </span>
     <span class='ocr_line' id='line_1_3' title="bbox 128 538 2666 615; baseline 0.001 -24"><span class='ocrx_word' id='word_1_21' title='bbox 128 538 464 597; x_wconf 72' lang='lat' dir='ltr'><strong>Theodotus</strong></span> <span class='ocrx_word' id='word_1_22' title='bbox 490 541 689 598; x_wconf 68' lang='lat' dir='ltr'><strong>(Clem.</strong></span> <span class='ocrx_word' id='word_1_23' title='bbox 721 543 899 598; x_wconf 80' lang='lat' dir='ltr'><strong>Alex.</strong></span> <span class='ocrx_word' id='word_1_24' title='bbox 930 545 1203 615; x_wconf 85' lang='lat' dir='ltr'><strong>Excerpta</strong></span> <span class='ocrx_word' id='word_1_25' title='bbox 1242 541 1456 600; x_wconf 87' lang='lat' dir='ltr'><strong>Theod.</strong></span> <span class='ocrx_word' id='word_1_26' title='bbox 1493 549 1580 599; x_wconf 82' lang='lat'><strong>19.</strong></span> <span class='ocrx_word' id='word_1_27' title='bbox 1616 549 1704 599; x_wconf 84' lang='lat'><strong>31.</strong></span> <span class='ocrx_word' id='word_1_28' title='bbox 1733 548 1804 600; x_wconf 76' lang='lat'><strong>48</strong></span> <span class='ocrx_word' id='word_1_29' title='bbox 1833 548 1986 610; x_wconf 89' lang='lat' dir='ltr'><strong>etc.),</strong></span> <span class='ocrx_word' id='word_1_30' title='bbox 2025 547 2274 600; x_wconf 81' lang='lat' dir='ltr'><strong>Docetae</strong></span> <span class='ocrx_word' id='word_1_31' title='bbox 2315 551 2370 598; x_wconf 91' lang='lat' dir='ltr'><strong>et</strong></span> <span class='ocrx_word' id='word_1_32' title='bbox 2411 543 2666 598; x_wconf 74' lang='lat' dir='ltr'><strong>Per-atae</strong></span> 
     </span>
     <span class='ocr_line' id='line_1_4' title="bbox 120 625 923 698; baseline 0.006 -18"><span class='ocrx_word' id='word_1_33' title='bbox 120 625 357 688; x_wconf 65' lang='lat' dir='ltr'><strong>(anuos.</strong></span> <span class='ocrx_word' id='word_1_34' title='bbox 394 629 463 684; x_wconf 85' lang='lat' dir='ltr'><strong>V.</strong></span> <span class='ocrx_word' id='word_1_35' title='bbox 500 635 594 698; x_wconf 76' lang='lat'><strong>123</strong></span> <span class='ocrx_word' id='word_1_36' title='bbox 626 631 782 686; x_wconf 85' lang='lat' dir='ltr'><strong>vm.</strong></span> <span class='ocrx_word' id='word_1_37' title='bbox 818 637 923 698; x_wconf 85' lang='grc' dir='ltr'><strong>ιο).</strong></span> 
     </span>
    </p>

    <p class='ocr_par' dir='ltr' id='par_1_3' title="bbox 114 713 2673 1758">
     <span class='ocr_line' id='line_1_5' title="bbox 186 713 2664 792; baseline 0 -22"><span class='ocrx_word' id='word_1_38' title='bbox 186 713 451 772; x_wconf 78' lang='lat' dir='ltr'><strong>Moderni</strong></span> <span class='ocrx_word' id='word_1_39' title='bbox 480 737 506 768; x_wconf 73' lang='grc' dir='ltr'>ι</span> <span class='ocrx_word' id='word_1_40' title='bbox 534 716 711 774; x_wconf 88' lang='lat' dir='ltr'><strong>critici</strong></span> <span class='ocrx_word' id='word_1_41' title='bbox 742 739 767 770; x_wconf 70' lang='lat' dir='ltr'><strong>n</strong></span> <span class='ocrx_word' id='word_1_42' title='bbox 796 717 869 774; x_wconf 89' lang='lat' dir='ltr'><strong>de</strong></span> <span class='ocrx_word' id='word_1_43' title='bbox 900 718 1181 786; x_wconf 70' lang='lat' dir='ltr'><strong>authentia</strong></span> <span class='ocrx_word' id='word_1_44' title='bbox 1210 717 1375 775; x_wconf 88' lang='lat' dir='ltr'><strong>buius</strong></span> <span class='ocrx_word' id='word_1_45' title='bbox 1400 718 1667 792; x_wconf 87' lang='lat' dir='ltr'><strong>epistolae</strong></span> <span class='ocrx_word' id='word_1_46' title='bbox 1691 720 1750 776; x_wconf 91' lang='lat' dir='ltr'><strong>in</strong></span> <span class='ocrx_word' id='word_1_47' title='bbox 1776 721 1955 776; x_wconf 82' lang='lat' dir='ltr'><strong>varias</strong></span> <span class='ocrx_word' id='word_1_48' title='bbox 1981 720 2278 776; x_wconf 87' lang='lat' dir='ltr'><strong>sententias</strong></span> <span class='ocrx_word' id='word_1_49' title='bbox 2300 719 2540 786; x_wconf 78' lang='lat' dir='ltr'><strong>abeunt3</strong></span> <span class='ocrx_word' id='word_1_50' title='bbox 2572 715 2664 772; x_wconf 88' lang='lat' dir='ltr'><strong>alii</strong></span> 
     </span>
     <span class='ocr_line' id='line_1_6' title="bbox 118 801 2666 878; baseline 0 -21"><span class='ocrx_word' id='word_1_51' title='bbox 118 811 379 858; x_wconf 86' lang='lat' dir='ltr'><strong>nostram</strong></span> <span class='ocrx_word' id='word_1_52' title='bbox 408 801 713 860; x_wconf 87' lang='lat' dir='ltr'><strong>admittunt</strong></span> <span class='ocrx_word' id='word_1_53' title='bbox 738 813 797 862; x_wconf 88' lang='lat' dir='ltr'><strong>et</strong></span> <span class='ocrx_word' id='word_1_54' title='bbox 823 807 1111 878; x_wconf 86' lang='lat' dir='ltr'><strong>epistolam</strong></span> <span class='ocrx_word' id='word_1_55' title='bbox 1140 806 1211 864; x_wconf 85' lang='lat' dir='ltr'><strong>ad</strong></span> <span class='ocrx_word' id='word_1_56' title='bbox 1240 807 1443 878; x_wconf 83' lang='lat' dir='ltr'><strong>Ephes.</strong></span> <span class='ocrx_word' id='word_1_57' title='bbox 1472 808 1744 877; x_wconf 88' lang='lat' dir='ltr'><strong>reiiciunt,</strong></span> <span class='ocrx_word' id='word_1_58' title='bbox 1775 807 1870 863; x_wconf 89' lang='lat' dir='ltr'><strong>alii</strong></span> <span class='ocrx_word' id='word_1_59' title='bbox 1891 815 2086 863; x_wconf 86' lang='lat' dir='ltr'><strong>contra</strong></span> <span class='ocrx_word' id='word_1_60' title='bbox 2107 815 2387 873; x_wconf 86' lang='lat' dir='ltr'><strong>asserunt,</strong></span> <span class='ocrx_word' id='word_1_61' title='bbox 2417 815 2666 862; x_wconf 89' lang='lat' dir='ltr'><strong>nostram</strong></span> 
     </span>
     <span class='ocr_line' id='line_1_7' title="bbox 118 889 2662 968; baseline 0.001 -24"><span class='ocrx_word' id='word_1_62' title='bbox 118 905 215 960; x_wconf 87' lang='lat' dir='ltr'><strong>per</strong></span> <span class='ocrx_word' id='word_1_63' title='bbox 244 889 539 948; x_wconf 83' lang='lat' dir='ltr'><strong>falsarium</strong></span> <span class='ocrx_word' id='word_1_64' title='bbox 566 909 632 948; x_wconf 83' lang='lat' dir='ltr'><strong>ex</strong></span> <span class='ocrx_word' id='word_1_65' title='bbox 660 907 747 964; x_wconf 88' lang='lat' dir='ltr'><strong>ep.</strong></span> <span class='ocrx_word' id='word_1_66' title='bbox 786 893 857 949; x_wconf 90' lang='lat' dir='ltr'><strong>ad</strong></span> <span class='ocrx_word' id='word_1_67' title='bbox 880 893 1084 967; x_wconf 84' lang='lat' dir='ltr'><strong>Ephes.</strong></span> <span class='ocrx_word' id='word_1_68' title='bbox 1116 909 1237 952; x_wconf 88' lang='lat' dir='ltr'><strong>esse</strong></span> <span class='ocrx_word' id='word_1_69' title='bbox 1258 903 1608 968; x_wconf 80' lang='lat' dir='ltr'><strong>excerptam,</strong></span> <span class='ocrx_word' id='word_1_70' title='bbox 1639 895 1736 952; x_wconf 87' lang='lat' dir='ltr'><strong>alii</strong></span> <span class='ocrx_word' id='word_1_71' title='bbox 1761 899 2056 966; x_wconf 86' lang='lat' dir='ltr'><strong>utramque</strong></span> <span class='ocrx_word' id='word_1_72' title='bbox 2083 894 2372 951; x_wconf 86' lang='lat' dir='ltr'><strong>declarant</strong></span> <span class='ocrx_word' id='word_1_73' title='bbox 2397 893 2662 965; x_wconf 91' lang='lat' dir='ltr'><strong>spuriam,</strong></span> 
     </span>
     <span class='ocr_line' id='line_1_8' title="bbox 118 978 2667 1054; baseline 0.001 -21"><span class='ocrx_word' id='word_1_74' title='bbox 118 978 209 1034; x_wconf 85' lang='lat' dir='ltr'><strong>alii</strong></span> <span class='ocrx_word' id='word_1_75' title='bbox 234 986 463 1049; x_wconf 81' lang='lat' dir='ltr'><strong>partem</strong></span> <span class='ocrx_word' id='word_1_76' title='bbox 488 981 753 1051; x_wconf 86' lang='lat' dir='ltr'><strong>epistolae</strong></span> <span class='ocrx_word' id='word_1_77' title='bbox 774 983 972 1051; x_wconf 87' lang='lat' dir='ltr'><strong>Paulo,</strong></span> <span class='ocrx_word' id='word_1_78' title='bbox 1003 989 1218 1054; x_wconf 87' lang='lat' dir='ltr'><strong>partem</strong></span> <span class='ocrx_word' id='word_1_79' title='bbox 1244 982 1540 1039; x_wconf 81' lang='lat' dir='ltr'><strong>Timotheo</strong></span> <span class='ocrx_word' id='word_1_80' title='bbox 1569 983 1897 1052; x_wconf 89' lang='lat' dir='ltr'><strong>attribuunt,</strong></span> <span class='ocrx_word' id='word_1_81' title='bbox 1928 982 2020 1038; x_wconf 90' lang='lat' dir='ltr'><strong>alii</strong></span> <span class='ocrx_word' id='word_1_82' title='bbox 2047 983 2344 1054; x_wconf 80' lang='lat' dir='ltr'><strong>genuinam</strong></span> <span class='ocrx_word' id='word_1_83' title='bbox 2371 981 2528 1038; x_wconf 90' lang='lat' dir='ltr'><strong>Pauli</strong></span> <span class='ocrx_word' id='word_1_84' title='bbox 2557 981 2667 1051; x_wconf 89' lang='lat' dir='ltr'><strong>epi·</strong></span> 
     </span>
     <span class='ocr_line' id='line_1_9' title="bbox 118 1065 2667 1143; baseline 0.002 -23"><span class='ocrx_word' id='word_1_85' title='bbox 118 1066 329 1122; x_wconf 86' lang='lat' dir='ltr'><strong>stolam</strong></span> <span class='ocrx_word' id='word_1_86' title='bbox 357 1081 393 1122; x_wconf 88' lang='lat' dir='ltr'><strong>a</strong></span> <span class='ocrx_word' id='word_1_87' title='bbox 420 1065 643 1124; x_wconf 76' lang='lat' dir='ltr'><strong>falsario</strong></span> <span class='ocrx_word' id='word_1_88' title='bbox 671 1084 739 1125; x_wconf 85' lang='lat' dir='ltr'><strong>ex</strong></span> <span class='ocrx_word' id='word_1_89' title='bbox 762 1069 997 1126; x_wconf 80' lang='lat' dir='ltr'><strong>conficta</strong></span> <span class='ocrx_word' id='word_1_90' title='bbox 1024 1083 1115 1142; x_wconf 87' lang='lat' dir='ltr'><strong>ep.</strong></span> <span class='ocrx_word' id='word_1_91' title='bbox 1144 1069 1219 1126; x_wconf 87' lang='lat' dir='ltr'><strong>ad</strong></span> <span class='ocrx_word' id='word_1_92' title='bbox 1242 1071 1443 1142; x_wconf 79' lang='lat' dir='ltr'><strong>Ephes.</strong></span> <span class='ocrx_word' id='word_1_93' title='bbox 1474 1070 1870 1143; x_wconf 85' lang='lat' dir='ltr'><strong>iuterpolatam</strong></span> <span class='ocrx_word' id='word_1_94' title='bbox 1907 1069 2097 1126; x_wconf 85' lang='lat' dir='ltr'><strong>dicunt</strong></span> <span class='ocrx_word' id='word_1_95' title='bbox 2133 1081 2240 1128; x_wconf 89' lang='lat' dir='ltr'><strong>etc.</strong></span> <span class='ocrx_word' id='word_1_96' title='bbox 2281 1068 2494 1139; x_wconf 85' lang='lat' dir='ltr'><strong>Quibus</strong></span> <span class='ocrx_word' id='word_1_97' title='bbox 2527 1069 2667 1125; x_wconf 84' lang='lat' dir='ltr'><strong>arbi-</strong></span> 
     </span>
     <span class='ocr_line' id='line_1_10' title="bbox 119 1153 2665 1231; baseline 0.002 -23"><span class='ocrx_word' id='word_1_98' title='bbox 119 1154 311 1210; x_wconf 87' lang='lat' dir='ltr'><strong>trariis</strong></span> <span class='ocrx_word' id='word_1_99' title='bbox 358 1153 762 1228; x_wconf 73' lang='lat' dir='ltr'><strong>hypothesibus</strong></span> <span class='ocrx_word' id='word_1_100' title='bbox 806 1157 1093 1214; x_wconf 82' lang='lat' dir='ltr'><strong>immorari</strong></span> <span class='ocrx_word' id='word_1_101' title='bbox 1138 1173 1277 1230; x_wconf 88' lang='lat' dir='ltr'><strong>opus</strong></span> <span class='ocrx_word' id='word_1_102' title='bbox 1321 1173 1436 1214; x_wconf 91' lang='lat' dir='ltr'><strong>non</strong></span> <span class='ocrx_word' id='word_1_103' title='bbox 1482 1165 1597 1226; x_wconf 85' lang='lat' dir='ltr'><strong>est,</strong></span> <span class='ocrx_word' id='word_1_104' title='bbox 1651 1174 1826 1231; x_wconf 87' lang='lat' dir='ltr'><strong>quum</strong></span> <span class='ocrx_word' id='word_1_105' title='bbox 1866 1174 2044 1230; x_wconf 88' lang='lat' dir='ltr'><strong>aeque</strong></span> <span class='ocrx_word' id='word_1_106' title='bbox 2088 1159 2380 1216; x_wconf 79' lang='lat' dir='ltr'><strong>arbitraria</strong></span> <span class='ocrx_word' id='word_1_107' title='bbox 2423 1157 2534 1214; x_wconf 90' lang='lat' dir='ltr'><strong>sint</strong></span> <span class='ocrx_word' id='word_1_108' title='bbox 2578 1173 2665 1212; x_wconf 90' lang='lat' dir='ltr'><strong>ar·</strong></span> 
     </span>
     <span class='ocr_line' id='line_1_11' title="bbox 116 1243 2668 1318; baseline 0.002 -22"><span class='ocrx_word' id='word_1_109' title='bbox 116 1249 414 1314; x_wconf 80' lang='lat' dir='ltr'><strong>gumenta.</strong></span> <span class='ocrx_word' id='word_1_110' title='bbox 452 1244 509 1300; x_wconf 87' lang='lat' dir='ltr'><strong>S.</strong></span> <span class='ocrx_word' id='word_1_111' title='bbox 547 1244 723 1300; x_wconf 90' lang='lat' dir='ltr'><strong>Paulo</strong></span> <span class='ocrx_word' id='word_1_112' title='bbox 758 1243 1107 1302; x_wconf 85' lang='lat' dir='ltr'><strong>abiudicatur</strong></span> <span class='ocrx_word' id='word_1_113' title='bbox 1146 1245 1408 1318; x_wconf 86' lang='lat' dir='ltr'><strong>epistola,</strong></span> <span class='ocrx_word' id='word_1_114' title='bbox 1450 1247 1576 1318; x_wconf 80' lang='lat' dir='ltr'><strong>quia</strong></span> <span class='ocrx_word' id='word_1_115' title='bbox 1614 1263 1728 1303; x_wconf 90' lang='lat' dir='ltr'><strong>non</strong></span> <span class='ocrx_word' id='word_1_116' title='bbox 1771 1245 2028 1303; x_wconf 86' lang='lat' dir='ltr'><strong>habuerit</strong></span> <span class='ocrx_word' id='word_1_117' title='bbox 2063 1247 2365 1316; x_wconf 88' lang='lat' dir='ltr'><strong>rationem,</strong></span> <span class='ocrx_word' id='word_1_118' title='bbox 2405 1261 2506 1302; x_wconf 89' lang='lat' dir='ltr'><strong>cur</strong></span> <span class='ocrx_word' id='word_1_119' title='bbox 2545 1259 2668 1302; x_wconf 89' lang='lat' dir='ltr'><strong>eam</strong></span> 
     </span>
     <span class='ocr_line' id='line_1_12' title="bbox 114 1328 2666 1406; baseline 0.002 -22"><span class='ocrx_word' id='word_1_120' title='bbox 114 1328 401 1386; x_wconf 80' lang='lat' dir='ltr'>scriberet</span> <span class='ocrx_word' id='word_1_121' title='bbox 435 1329 546 1400; x_wconf 81' lang='lat' dir='ltr'><strong>(sed</strong></span> <span class='ocrx_word' id='word_1_122' title='bbox 575 1331 659 1387; x_wconf 80' lang='lat' dir='ltr'><strong>cl&#39;r</strong></span> <span class='ocrx_word' id='word_1_123' title='bbox 684 1338 773 1402; x_wconf 85' lang='lat'><strong>2,1</strong></span> <span class='ocrx_word' id='word_1_124' title='bbox 808 1338 973 1406; x_wconf 88' lang='lat' dir='ltr'><strong>sqq.)‚</strong></span> <span class='ocrx_word' id='word_1_125' title='bbox 1014 1341 1111 1390; x_wconf 87' lang='lat' dir='ltr'><strong>aut</strong></span> <span class='ocrx_word' id='word_1_126' title='bbox 1148 1335 1275 1405; x_wconf 82' lang='lat' dir='ltr'><strong>quia</strong></span> <span class='ocrx_word' id='word_1_127' title='bbox 1310 1332 1511 1390; x_wconf 88' lang='lat' dir='ltr'><strong>docere</strong></span> <span class='ocrx_word' id='word_1_128' title='bbox 1539 1351 1654 1390; x_wconf 92' lang='lat' dir='ltr'><strong>non</strong></span> <span class='ocrx_word' id='word_1_129' title='bbox 1679 1334 1946 1406; x_wconf 84' lang='lat' dir='ltr'><strong>potuerit,</strong></span> <span class='ocrx_word' id='word_1_130' title='bbox 1980 1335 2282 1390; x_wconf 80' lang='lat' dir='ltr'><strong>Ecclesiam</strong></span> <span class='ocrx_word' id='word_1_131' title='bbox 2319 1349 2438 1390; x_wconf 88' lang='lat' dir='ltr'><strong>esse</strong></span> <span class='ocrx_word' id='word_1_132' title='bbox 2475 1347 2666 1401; x_wconf 88' lang='lat' dir='ltr'><strong>unam,</strong></span> 
     </span>
     <span class='ocr_line' id='line_1_13' title="bbox 120 1417 2673 1494; baseline 0.002 -22"><span class='ocrx_word' id='word_1_133' title='bbox 120 1433 273 1488; x_wconf 78' lang='lat' dir='ltr'><strong>quae</strong></span> <span class='ocrx_word' id='word_1_134' title='bbox 300 1432 499 1474; x_wconf 85' lang='lat' dir='ltr'><strong>omnes</strong></span> <span class='ocrx_word' id='word_1_135' title='bbox 534 1417 729 1476; x_wconf 80' lang='lat' dir='ltr'><strong>fideles</strong></span> <span class='ocrx_word' id='word_1_136' title='bbox 764 1419 1203 1492; x_wconf 82' lang='lat' dir='ltr'><strong>comprehendat</strong></span> <span class='ocrx_word' id='word_1_137' title='bbox 1240 1426 1409 1491; x_wconf 83' lang='lat'><strong>(1,18.</strong></span> <span class='ocrx_word' id='word_1_138' title='bbox 1440 1429 1533 1479; x_wconf 76' lang='lat'><strong>24.</strong></span> <span class='ocrx_word' id='word_1_139' title='bbox 1573 1438 1708 1478; x_wconf 89' lang='lat' dir='ltr'><strong>num</strong></span> <span class='ocrx_word' id='word_1_140' title='bbox 1747 1421 1889 1478; x_wconf 84' lang='lat' dir='ltr'><strong>lorte</strong></span> <span class='ocrx_word' id='word_1_141' title='bbox 1928 1423 2116 1494; x_wconf 88' lang='lat' dir='ltr'><strong>plures</strong></span> <span class='ocrx_word' id='word_1_142' title='bbox 2153 1423 2414 1479; x_wconf 88' lang='lat' dir='ltr'><strong>ecclesias</strong></span> <span class='ocrx_word' id='word_1_143' title='bbox 2445 1421 2673 1478; x_wconf 84' lang='lat' dir='ltr'><strong>admisit</strong></span> 
     </span>
     <span class='ocr_line' id='line_1_14' title="bbox 120 1505 2667 1580; baseline 0.002 -21"><span class='ocrx_word' id='word_1_144' title='bbox 120 1505 339 1560; x_wconf 88' lang='lat' dir='ltr'><strong>Paulus</strong></span> <span class='ocrx_word' id='word_1_145' title='bbox 348 1507 416 1576; x_wconf 76' lang='lat' dir='ltr'><strong>P),</strong></span> <span class='ocrx_word' id='word_1_146' title='bbox 438 1507 749 1578; x_wconf 87' lang='lat' dir='ltr'><strong>passionem</strong></span> <span class='ocrx_word' id='word_1_147' title='bbox 767 1508 973 1565; x_wconf 86' lang='lat' dir='ltr'><strong>Christi</strong></span> <span class='ocrx_word' id='word_1_148' title='bbox 995 1507 1066 1564; x_wconf 89' lang='lat' dir='ltr'><strong>ad</strong></span> <span class='ocrx_word' id='word_1_149' title='bbox 1092 1509 1341 1565; x_wconf 88' lang='lat' dir='ltr'><strong>omnium</strong></span> <span class='ocrx_word' id='word_1_150' title='bbox 1362 1509 1651 1566; x_wconf 87' lang='lat' dir='ltr'><strong>hominum</strong></span> <span class='ocrx_word' id='word_1_151' title='bbox 1669 1509 2072 1566; x_wconf 81' lang='lat' dir='ltr'><strong>redemtionem</strong></span> <span class='ocrx_word' id='word_1_152' title='bbox 2091 1526 2202 1566; x_wconf 90' lang='lat' dir='ltr'><strong>non</strong></span> <span class='ocrx_word' id='word_1_153' title='bbox 2218 1509 2473 1566; x_wconf 83' lang='lat' dir='ltr'><strong>sufficere</strong></span> <span class='ocrx_word' id='word_1_154' title='bbox 2495 1513 2667 1580; x_wconf 60' lang='lat'><strong>(1343</strong></span> 
     </span>
     <span class='ocr_line' id='line_1_15' title="bbox 122 1595 2671 1670; baseline 0.002 -22"><span class='ocrx_word' id='word_1_155' title='bbox 122 1601 458 1665; x_wconf 84' lang='lat' dir='ltr'><strong>pervertunt</strong></span> <span class='ocrx_word' id='word_1_156' title='bbox 484 1609 563 1650; x_wconf 89' lang='lat' dir='ltr'><strong>sc.</strong></span> <span class='ocrx_word' id='word_1_157' title='bbox 594 1611 838 1665; x_wconf 87' lang='lat' dir='ltr'><strong>sensum,</strong></span> <span class='ocrx_word' id='word_1_158' title='bbox 870 1605 933 1652; x_wconf 87' lang='lat' dir='ltr'><strong>ut</strong></span> <span class='ocrx_word' id='word_1_159' title='bbox 960 1595 1126 1652; x_wconf 85' lang='lat' dir='ltr'><strong>verba</strong></span> <span class='ocrx_word' id='word_1_160' title='bbox 1164 1599 1337 1654; x_wconf 88' lang='lat' dir='ltr'><strong>Paulo</strong></span> <span class='ocrx_word' id='word_1_161' title='bbox 1376 1596 1690 1654; x_wconf 88' lang='lat' dir='ltr'><strong>abiudicare</strong></span> <span class='ocrx_word' id='word_1_162' title='bbox 1727 1597 1998 1670; x_wconf 62' lang='lat' dir='ltr'><strong>possint),⁸</strong></span> <span class='ocrx_word' id='word_1_163' title='bbox 2021 1606 2119 1653; x_wconf 89' lang='lat' dir='ltr'><strong>aut</strong></span> <span class='ocrx_word' id='word_1_164' title='bbox 2155 1598 2282 1669; x_wconf 89' lang='lat' dir='ltr'><strong>quia</strong></span> <span class='ocrx_word' id='word_1_165' title='bbox 2320 1615 2385 1653; x_wconf 88' lang='lat' dir='ltr'><strong>eo</strong></span> <span class='ocrx_word' id='word_1_166' title='bbox 2422 1607 2671 1668; x_wconf 87' lang='lat' dir='ltr'><strong>tempore</strong></span> 
     </span>
     <span class='ocr_line' id='line_1_16' title="bbox 118 1681 2667 1758; baseline 0.002 -22"><span class='ocrx_word' id='word_1_167' title='bbox 118 1681 368 1752; x_wconf 83' lang='lat' dir='ltr'><strong>gnostici</strong></span> <span class='ocrx_word' id='word_1_168' title='bbox 392 1697 609 1740; x_wconf 86' lang='lat' dir='ltr'><strong>errores</strong></span> <span class='ocrx_word' id='word_1_169' title='bbox 630 1684 883 1740; x_wconf 90' lang='lat' dir='ltr'><strong>nondum</strong></span> <span class='ocrx_word' id='word_1_170' title='bbox 908 1683 1113 1740; x_wconf 77' lang='lat' dir='ltr'><strong>fuerint</strong></span> <span class='ocrx_word' id='word_1_171' title='bbox 1133 1685 1310 1743; x_wconf 84' lang='lat' dir='ltr'><strong>exorti</strong></span> <span class='ocrx_word' id='word_1_172' title='bbox 1330 1684 1406 1753; x_wconf 89' lang='lat' dir='ltr'><strong>(id</strong></span> <span class='ocrx_word' id='word_1_173' title='bbox 1430 1686 1580 1742; x_wconf 89' lang='lat' dir='ltr'><strong>enim</strong></span> <span class='ocrx_word' id='word_1_174' title='bbox 1602 1685 1931 1742; x_wconf 84' lang='lat' dir='ltr'><strong>adversariis</strong></span> <span class='ocrx_word' id='word_1_175' title='bbox 1955 1701 1984 1740; x_wconf 87' lang='lat' dir='ltr'><strong>a</strong></span> <span class='ocrx_word' id='word_1_176' title='bbox 2007 1686 2188 1756; x_wconf 82' lang='lat' dir='ltr'><strong>priore</strong></span> <span class='ocrx_word' id='word_1_177' title='bbox 2209 1693 2294 1740; x_wconf 89' lang='lat' dir='ltr'><strong>est</strong></span> <span class='ocrx_word' id='word_1_178' title='bbox 2313 1685 2544 1758; x_wconf 87' lang='lat' dir='ltr'><strong>certum)</strong></span> <span class='ocrx_word' id='word_1_179' title='bbox 2565 1693 2667 1741; x_wconf 88' lang='lat' dir='ltr'><strong>etc.</strong></span> 
     </span>
    </p>
   </div>
   <div class='ocr_carea' id='block_1_3' title="bbox 738 1869 2082 1960">
    <p class='ocr_par' dir='ltr' id='par_1_4' title="bbox 738 1869 2082 1960">
     <span class='ocr_line' id='line_1_17' title="bbox 738 1869 2082 1960; baseline 0.002 -25"><span class='ocrx_word' id='word_1_180' title='bbox 738 1869 779 1958; x_wconf 64' lang='grc' dir='ltr'>ἓ</span> <span class='ocrx_word' id='word_1_181' title='bbox 807 1876 911 1935; x_wconf 80' lang='lat'><strong>12.</strong></span> <span class='ocrx_word' id='word_1_182' title='bbox 944 1909 1033 1918; x_wconf 92' lang='lat'>—</span> <span class='ocrx_word' id='word_1_183' title='bbox 1055 1871 1149 1936; x_wconf 85' lang='lat' dir='ltr'><strong>De</strong></span> <span class='ocrx_word' id='word_1_184' title='bbox 1179 1869 1459 1960; x_wconf 79' lang='lat' dir='ltr'><strong>epistola</strong></span> <span class='ocrx_word' id='word_1_185' title='bbox 1484 1869 1580 1936; x_wconf 85' lang='lat' dir='ltr'><strong>ad</strong></span> <span class='ocrx_word' id='word_1_186' title='bbox 1601 1870 2082 1940; x_wconf 76' lang='lat' dir='ltr'><strong>Philemonem.</strong></span> 
     </span>
    </p>
   </div>
   <div class='ocr_carea' id='block_1_4' title="bbox 126 2051 2688 3551">
    <p class='ocr_par' dir='ltr' id='par_1_5' title="bbox 126 2051 2676 2230">
     <span class='ocr_line' id='line_1_18' title="bbox 210 2051 2676 2134; baseline 0.002 -22"><span class='ocrx_word' id='word_1_187' title='bbox 210 2054 271 2112; x_wconf 85' lang='lat'><strong>1.</strong></span> <span class='ocrx_word' id='word_1_188' title='bbox 305 2086 386 2096; x_wconf 90' lang='lat'>-</span> <span class='ocrx_word' id='word_1_189' title='bbox 412 2051 675 2114; x_wconf 83' lang='lat' dir='ltr'><strong>Parvam</strong></span> <span class='ocrx_word' id='word_1_190' title='bbox 719 2053 1050 2132; x_wconf 82' lang='lat' dir='ltr'><strong>epistolam</strong></span> <span class='ocrx_word' id='word_1_191' title='bbox 1090 2054 1169 2114; x_wconf 89' lang='lat' dir='ltr'><strong>ad</strong></span> <span class='ocrx_word' id='word_1_192' title='bbox 1211 2054 1645 2116; x_wconf 87' lang='lat' dir='ltr'><strong>Philemonem</strong></span> <span class='ocrx_word' id='word_1_193' title='bbox 1683 2055 1941 2132; x_wconf 81' lang='lat' dir='ltr'><strong>scripsit</strong></span> <span class='ocrx_word' id='word_1_194' title='bbox 1981 2056 2347 2134; x_wconf 78' lang='lat' dir='ltr'><strong>ApostoluS,</strong></span> <span class='ocrx_word' id='word_1_195' title='bbox 2391 2062 2460 2118; x_wconf 88' lang='lat' dir='ltr'><strong>ut</strong></span> <span class='ocrx_word' id='word_1_196' title='bbox 2496 2073 2676 2118; x_wconf 87' lang='lat' dir='ltr'><strong>servo</strong></span> 
     </span>
     <span class='ocr_line' id='line_1_19' title="bbox 126 2149 1640 2230; baseline 0.002 -22"><span class='ocrx_word' id='word_1_197' title='bbox 126 2150 399 2228; x_wconf 82' lang='lat' dir='ltr'><strong>fugitivo</strong></span> <span class='ocrx_word' id='word_1_198' title='bbox 421 2149 499 2210; x_wconf 86' lang='lat' dir='ltr'><strong>ab</strong></span> <span class='ocrx_word' id='word_1_199' title='bbox 530 2151 666 2210; x_wconf 89' lang='lat' dir='ltr'><strong>eius</strong></span> <span class='ocrx_word' id='word_1_200' title='bbox 691 2150 947 2210; x_wconf 85' lang='lat' dir='ltr'><strong>domino</strong></span> <span class='ocrx_word' id='word_1_201' title='bbox 976 2151 1227 2212; x_wconf 80' lang='lat' dir='ltr'><strong>veniam</strong></span> <span class='ocrx_word' id='word_1_202' title='bbox 1251 2151 1640 2230; x_wconf 82' lang='lat' dir='ltr'><strong>impetraret.</strong></span> 
     </span>
    </p>

    <p class='ocr_par' dir='ltr' id='par_1_6' title="bbox 128 2243 2682 3022">
     <span class='ocr_line' id='line_1_20' title="bbox 200 2243 2674 2320; baseline 0.002 -21"><span class='ocrx_word' id='word_1_203' title='bbox 200 2245 453 2315; x_wconf 82' lang='lat' dir='ltr'><strong>Epistola</strong></span> <span class='ocrx_word' id='word_1_204' title='bbox 482 2243 552 2300; x_wconf 87' lang='lat' dir='ltr'><strong>ad</strong></span> <span class='ocrx_word' id='word_1_205' title='bbox 585 2245 825 2301; x_wconf 88' lang='lat' dir='ltr'><strong>Philem.</strong></span> <span class='ocrx_word' id='word_1_206' title='bbox 856 2247 1021 2302; x_wconf 90' lang='lat' dir='ltr'><strong>unica</strong></span> <span class='ocrx_word' id='word_1_207' title='bbox 1051 2255 1135 2302; x_wconf 86' lang='lat' dir='ltr'><strong>est</strong></span> <span class='ocrx_word' id='word_1_208' title='bbox 1174 2247 1233 2302; x_wconf 89' lang='lat' dir='ltr'><strong>in</strong></span> <span class='ocrx_word' id='word_1_209' title='bbox 1261 2263 1495 2316; x_wconf 88' lang='lat' dir='ltr'><strong>canone,</strong></span> <span class='ocrx_word' id='word_1_210' title='bbox 1530 2262 1698 2318; x_wconf 89' lang='lat' dir='ltr'><strong>quam</strong></span> <span class='ocrx_word' id='word_1_211' title='bbox 1724 2248 1930 2304; x_wconf 90' lang='lat' dir='ltr'><strong>Paulus</strong></span> <span class='ocrx_word' id='word_1_212' title='bbox 1959 2243 2173 2304; x_wconf 85' lang='lat' dir='ltr'><strong>homini</strong></span> <span class='ocrx_word' id='word_1_213' title='bbox 2194 2250 2408 2318; x_wconf 85' lang='lat' dir='ltr'><strong>privato</strong></span> <span class='ocrx_word' id='word_1_214' title='bbox 2435 2250 2674 2320; x_wconf 86' lang='lat' dir='ltr'><strong>scripsit.</strong></span> 
     </span>
     <span class='ocr_line' id='line_1_21' title="bbox 134 2332 2678 2406; baseline 0.002 -18"><span class='ocrx_word' id='word_1_215' title='bbox 134 2332 433 2388; x_wconf 86' lang='lat' dir='ltr'><strong>Philemon</strong></span> <span class='ocrx_word' id='word_1_216' title='bbox 458 2332 665 2388; x_wconf 87' lang='lat' dir='ltr'><strong>nobilis</strong></span> <span class='ocrx_word' id='word_1_217' title='bbox 695 2333 797 2389; x_wconf 83' lang='lat' dir='ltr'><strong>suit</strong></span> <span class='ocrx_word' id='word_1_218' title='bbox 825 2334 957 2389; x_wconf 87' lang='lat' dir='ltr'><strong>civis</strong></span> <span class='ocrx_word' id='word_1_219' title='bbox 999 2333 1346 2406; x_wconf 72' lang='lat' dir='ltr'><strong>colossensiS,</strong></span> <span class='ocrx_word' id='word_1_220' title='bbox 1381 2334 1475 2406; x_wconf 89' lang='lat' dir='ltr'><strong>qui</strong></span> <span class='ocrx_word' id='word_1_221' title='bbox 1504 2350 1538 2390; x_wconf 88' lang='lat' dir='ltr'><strong>a</strong></span> <span class='ocrx_word' id='word_1_222' title='bbox 1563 2335 1738 2390; x_wconf 88' lang='lat' dir='ltr'><strong>Paulo</strong></span> <span class='ocrx_word' id='word_1_223' title='bbox 1775 2335 1846 2392; x_wconf 87' lang='lat' dir='ltr'><strong>ad</strong></span> <span class='ocrx_word' id='word_1_224' title='bbox 1875 2335 2044 2392; x_wconf 80' lang='lat' dir='ltr'><strong>fidem</strong></span> <span class='ocrx_word' id='word_1_225' title='bbox 2090 2335 2364 2394; x_wconf 86' lang='lat' dir='ltr'><strong>adductus</strong></span> <span class='ocrx_word' id='word_1_226' title='bbox 2399 2353 2508 2394; x_wconf 90' lang='lat' dir='ltr'><strong>una</strong></span> <span class='ocrx_word' id='word_1_227' title='bbox 2551 2351 2678 2392; x_wconf 88' lang='lat' dir='ltr'><strong>cum</strong></span> 
     </span>
     <span class='ocr_line' id='line_1_22' title="bbox 131 2419 2678 2494; baseline 0.002 -18"><span class='ocrx_word' id='word_1_228' title='bbox 131 2419 397 2492; x_wconf 80' lang='lat' dir='ltr'><strong>Epapbra</strong></span> <span class='ocrx_word' id='word_1_229' title='bbox 421 2419 479 2475; x_wconf 89' lang='lat' dir='ltr'><strong>in</strong></span> <span class='ocrx_word' id='word_1_230' title='bbox 497 2421 675 2492; x_wconf 88' lang='lat' dir='ltr'><strong>patria</strong></span> <span class='ocrx_word' id='word_1_231' title='bbox 694 2437 795 2478; x_wconf 87' lang='lat' dir='ltr'><strong>sua</strong></span> <span class='ocrx_word' id='word_1_232' title='bbox 808 2423 1170 2494; x_wconf 79' lang='lat' dir='ltr'><strong>Evangelium</strong></span> <span class='ocrx_word' id='word_1_233' title='bbox 1194 2432 1618 2494; x_wconf 82' lang='lat' dir='ltr'><strong>propagaverat.</strong></span> <span class='ocrx_word' id='word_1_234' title='bbox 1653 2423 1816 2478; x_wconf 89' lang='lat' dir='ltr'><strong>Unus</strong></span> <span class='ocrx_word' id='word_1_235' title='bbox 1834 2439 1899 2479; x_wconf 89' lang='lat' dir='ltr'><strong>ex</strong></span> <span class='ocrx_word' id='word_1_236' title='bbox 1925 2425 2042 2480; x_wconf 81' lang='lat' dir='ltr'><strong>eius</strong></span> <span class='ocrx_word' id='word_1_237' title='bbox 2061 2425 2232 2480; x_wconf 87' lang='lat' dir='ltr'><strong>servis</strong></span> <span class='ocrx_word' id='word_1_238' title='bbox 2251 2424 2502 2492; x_wconf 83' lang='lat' dir='ltr'><strong>ethnicis,</strong></span> <span class='ocrx_word' id='word_1_239' title='bbox 2527 2427 2678 2482; x_wconf 87' lang='lat' dir='ltr'><strong>One·</strong></span> 
     </span>
     <span class='ocr_line' id='line_1_23' title="bbox 131 2503 2680 2584; baseline 0.002 -20"><span class='ocrx_word' id='word_1_240' title='bbox 131 2511 341 2578; x_wconf 84' lang='lat' dir='ltr'><strong>simus,</strong></span> <span class='ocrx_word' id='word_1_241' title='bbox 371 2523 443 2564; x_wconf 91' lang='lat' dir='ltr'><strong>ne</strong></span> <span class='ocrx_word' id='word_1_242' title='bbox 480 2506 671 2564; x_wconf 87' lang='lat' dir='ltr'><strong>delicti</strong></span> <span class='ocrx_word' id='word_1_243' title='bbox 699 2511 979 2566; x_wconf 89' lang='lat' dir='ltr'><strong>commissi</strong></span> <span class='ocrx_word' id='word_1_244' title='bbox 1003 2525 1207 2580; x_wconf 86' lang='lat' dir='ltr'><strong>poenas</strong></span> <span class='ocrx_word' id='word_1_245' title='bbox 1236 2503 1497 2577; x_wconf 84' lang='lat' dir='ltr'><strong>solveret,</strong></span> <span class='ocrx_word' id='word_1_246' title='bbox 1531 2510 1768 2566; x_wconf 88' lang='lat' dir='ltr'><strong>Colossis</strong></span> <span class='ocrx_word' id='word_1_247' title='bbox 1796 2512 2084 2584; x_wconf 77' lang='lat' dir='ltr'><strong>aufugiens</strong></span> <span class='ocrx_word' id='word_1_248' title='bbox 2114 2510 2298 2568; x_wconf 84' lang='lat' dir='ltr'><strong>divina</strong></span> <span class='ocrx_word' id='word_1_249' title='bbox 2336 2511 2680 2583; x_wconf 86' lang='lat' dir='ltr'><strong>providentia</strong></span> 
     </span>
     <span class='ocr_line' id='line_1_24' title="bbox 134 2593 2679 2672; baseline 0.001 -20"><span class='ocrx_word' id='word_1_250' title='bbox 134 2600 381 2653; x_wconf 81' lang='lat' dir='ltr'><strong>Romam</strong></span> <span class='ocrx_word' id='word_1_251' title='bbox 408 2593 479 2652; x_wconf 83' lang='lat' dir='ltr'><strong>ad</strong></span> <span class='ocrx_word' id='word_1_252' title='bbox 501 2597 559 2653; x_wconf 90' lang='lat' dir='ltr'><strong>S.</strong></span> <span class='ocrx_word' id='word_1_253' title='bbox 589 2598 827 2652; x_wconf 87' lang='lat' dir='ltr'><strong>Paulum</strong></span> <span class='ocrx_word' id='word_1_254' title='bbox 864 2596 1062 2654; x_wconf 88' lang='lat' dir='ltr'><strong>ductus</strong></span> <span class='ocrx_word' id='word_1_255' title='bbox 1091 2597 1161 2654; x_wconf 90' lang='lat' dir='ltr'><strong>ab</strong></span> <span class='ocrx_word' id='word_1_256' title='bbox 1200 2613 1379 2670; x_wconf 89' lang='lat' dir='ltr'><strong>eoque</strong></span> <span class='ocrx_word' id='word_1_257' title='bbox 1414 2598 1487 2652; x_wconf 89' lang='lat' dir='ltr'><strong>ad</strong></span> <span class='ocrx_word' id='word_1_258' title='bbox 1516 2597 1803 2654; x_wconf 87' lang='lat' dir='ltr'><strong>meliorem</strong></span> <span class='ocrx_word' id='word_1_259' title='bbox 1838 2597 2058 2670; x_wconf 77' lang='lat' dir='ltr'><strong>frugem</strong></span> <span class='ocrx_word' id='word_1_260' title='bbox 2084 2609 2376 2656; x_wconf 89' lang='lat' dir='ltr'><strong>revocatus</strong></span> <span class='ocrx_word' id='word_1_261' title='bbox 2405 2601 2679 2672; x_wconf 85' lang='lat' dir='ltr'><strong>baptismo</strong></span> 
     </span>
     <span class='ocr_line' id='line_1_25' title="bbox 128 2684 2679 2759; baseline 0.002 -19"><span class='ocrx_word' id='word_1_262' title='bbox 128 2686 190 2740; x_wconf 89' lang='lat' dir='ltr'><strong>in</strong></span> <span class='ocrx_word' id='word_1_263' title='bbox 214 2684 528 2742; x_wconf 84' lang='lat' dir='ltr'><strong>Ecclesiam</strong></span> <span class='ocrx_word' id='word_1_264' title='bbox 556 2693 809 2757; x_wconf 88' lang='lat' dir='ltr'><strong>receptus</strong></span> <span class='ocrx_word' id='word_1_265' title='bbox 836 2694 937 2742; x_wconf 88' lang='lat' dir='ltr'><strong>est.</strong></span> <span class='ocrx_word' id='word_1_266' title='bbox 971 2686 1127 2742; x_wconf 89' lang='lat' dir='ltr'><strong>Utile</strong></span> <span class='ocrx_word' id='word_1_267' title='bbox 1157 2684 1385 2758; x_wconf 84' lang='lat' dir='ltr'><strong>quidem</strong></span> <span class='ocrx_word' id='word_1_268' title='bbox 1408 2685 1776 2742; x_wconf 89' lang='lat' dir='ltr'><strong>ministerium</strong></span> <span class='ocrx_word' id='word_1_269' title='bbox 1801 2687 2116 2759; x_wconf 88' lang='lat' dir='ltr'><strong>neophytus</strong></span> <span class='ocrx_word' id='word_1_270' title='bbox 2139 2691 2182 2742; x_wconf 83' lang='grc' dir='ltr'><strong>Α</strong></span> <span class='ocrx_word' id='word_1_271' title='bbox 2191 2687 2404 2758; x_wconf 90' lang='lat' dir='ltr'><strong>postolo</strong></span> <span class='ocrx_word' id='word_1_272' title='bbox 2433 2695 2679 2758; x_wconf 87' lang='lat' dir='ltr'><strong>praesta-</strong></span> 
     </span>
     <span class='ocr_line' id='line_1_26' title="bbox 134 2772 2680 2848; baseline 0.001 -19"><span class='ocrx_word' id='word_1_273' title='bbox 134 2775 253 2841; x_wconf 86' lang='lat' dir='ltr'><strong>bat,</strong></span> <span class='ocrx_word' id='word_1_274' title='bbox 286 2781 347 2828; x_wconf 92' lang='lat' dir='ltr'><strong>at</strong></span> <span class='ocrx_word' id='word_1_275' title='bbox 372 2773 545 2828; x_wconf 86' lang='lat' dir='ltr'><strong>invito</strong></span> <span class='ocrx_word' id='word_1_276' title='bbox 570 2773 797 2829; x_wconf 88' lang='lat' dir='ltr'><strong>domino</strong></span> <span class='ocrx_word' id='word_1_277' title='bbox 819 2772 1111 2846; x_wconf 80' lang='lat' dir='ltr'><strong>fugitivum</strong></span> <span class='ocrx_word' id='word_1_278' title='bbox 1128 2789 1353 2830; x_wconf 84' lang='lat' dir='ltr'><strong>servum</strong></span> <span class='ocrx_word' id='word_1_279' title='bbox 1374 2790 1562 2830; x_wconf 88' lang='lat' dir='ltr'><strong>secum</strong></span> <span class='ocrx_word' id='word_1_280' title='bbox 1589 2774 1831 2830; x_wconf 87' lang='lat' dir='ltr'><strong>retinere</strong></span> <span class='ocrx_word' id='word_1_281' title='bbox 1857 2773 2040 2830; x_wconf 89' lang='lat' dir='ltr'><strong>noluit</strong></span> <span class='ocrx_word' id='word_1_282' title='bbox 2060 2775 2286 2844; x_wconf 77' lang='lat' dir='ltr'><strong>PauluS,</strong></span> <span class='ocrx_word' id='word_1_283' title='bbox 2311 2775 2548 2847; x_wconf 90' lang='lat' dir='ltr'><strong>ideoque</strong></span> <span class='ocrx_word' id='word_1_284' title='bbox 2569 2777 2680 2848; x_wconf 83' lang='lat' dir='ltr'><strong>Ty-</strong></span> 
     </span>
     <span class='ocr_line' id='line_1_27' title="bbox 132 2859 2682 2932; baseline 0.001 -16"><span class='ocrx_word' id='word_1_285' title='bbox 132 2861 297 2918; x_wconf 89' lang='lat' dir='ltr'><strong>chico</strong></span> <span class='ocrx_word' id='word_1_286' title='bbox 328 2861 581 2917; x_wconf 72' lang='lat' dir='ltr'><strong>Colossae</strong></span> <span class='ocrx_word' id='word_1_287' title='bbox 611 2859 927 2932; x_wconf 81' lang='lat' dir='ltr'><strong>profecturo</strong></span> <span class='ocrx_word' id='word_1_288' title='bbox 951 2863 1279 2918; x_wconf 86' lang='lat' dir='ltr'><strong>Onesimum</strong></span> <span class='ocrx_word' id='word_1_289' title='bbox 1307 2860 1462 2917; x_wconf 86' lang='lat' dir='ltr'><strong>dedit</strong></span> <span class='ocrx_word' id='word_1_290' title='bbox 1490 2861 1734 2930; x_wconf 78' lang='lat' dir='ltr'><strong>socium3</strong></span> <span class='ocrx_word' id='word_1_291' title='bbox 1767 2861 1908 2918; x_wconf 88' lang='lat' dir='ltr'><strong>sicut</strong></span> <span class='ocrx_word' id='word_1_292' title='bbox 1935 2872 2121 2918; x_wconf 86' lang='lat' dir='ltr'><strong>autem</strong></span> <span class='ocrx_word' id='word_1_293' title='bbox 2151 2862 2382 2932; x_wconf 86' lang='lat' dir='ltr'><strong>domini,</strong></span> <span class='ocrx_word' id='word_1_294' title='bbox 2410 2863 2485 2918; x_wconf 87' lang='lat' dir='ltr'><strong>ita</strong></span> <span class='ocrx_word' id='word_1_295' title='bbox 2515 2863 2682 2920; x_wconf 88' lang='lat' dir='ltr'><strong>etiam</strong></span> 
     </span>
     <span class='ocr_line' id='line_1_28' title="bbox 130 2948 2184 3022; baseline -0 -16"><span class='ocrx_word' id='word_1_296' title='bbox 130 2951 281 3006; x_wconf 83' lang='lat' dir='ltr'><strong>servi</strong></span> <span class='ocrx_word' id='word_1_297' title='bbox 309 2964 505 3006; x_wconf 89' lang='lat' dir='ltr'><strong>curam</strong></span> <span class='ocrx_word' id='word_1_298' title='bbox 532 2964 646 3004; x_wconf 90' lang='lat' dir='ltr'><strong>non</strong></span> <span class='ocrx_word' id='word_1_299' title='bbox 676 2949 935 3022; x_wconf 83' lang='lat' dir='ltr'><strong>neglexit,</strong></span> <span class='ocrx_word' id='word_1_300' title='bbox 969 2948 1067 3006; x_wconf 86' lang='lat' dir='ltr'><strong>sed</strong></span> <span class='ocrx_word' id='word_1_301' title='bbox 1095 2959 1287 3006; x_wconf 89' lang='lat' dir='ltr'><strong>nostra</strong></span> <span class='ocrx_word' id='word_1_302' title='bbox 1316 2949 1548 3022; x_wconf 88' lang='lat' dir='ltr'><strong>epistola</strong></span> <span class='ocrx_word' id='word_1_303' title='bbox 1572 2950 1622 3004; x_wconf 89' lang='lat' dir='ltr'><strong>ei</strong></span> <span class='ocrx_word' id='word_1_304' title='bbox 1648 2948 1790 3004; x_wconf 86' lang='lat' dir='ltr'><strong>viam</strong></span> <span class='ocrx_word' id='word_1_305' title='bbox 1819 2951 2184 3022; x_wconf 82' lang='lat' dir='ltr'><strong>praeparavit.</strong></span> 
     </span>
    </p>

    <p class='ocr_par' dir='ltr' id='par_1_7' title="bbox 130 3035 2688 3551">
     <span class='ocr_line' id='line_1_29' title="bbox 206 3035 2684 3111; baseline 0.001 -18"><span class='ocrx_word' id='word_1_306' title='bbox 206 3041 347 3094; x_wconf 89' lang='lat' dir='ltr'><strong>Post</strong></span> <span class='ocrx_word' id='word_1_307' title='bbox 366 3035 783 3109; x_wconf 83' lang='lat' dir='ltr'><strong>inscriptionem</strong></span> <span class='ocrx_word' id='word_1_308' title='bbox 806 3039 953 3093; x_wconf 88' lang='lat' dir='ltr'><strong>enim</strong></span> <span class='ocrx_word' id='word_1_309' title='bbox 976 3045 1033 3094; x_wconf 88' lang='lat' dir='ltr'><strong>et</strong></span> <span class='ocrx_word' id='word_1_310' title='bbox 1058 3039 1362 3110; x_wconf 87' lang='lat' dir='ltr'><strong>gratiarum</strong></span> <span class='ocrx_word' id='word_1_311' title='bbox 1389 3037 1666 3093; x_wconf 86' lang='lat' dir='ltr'><strong>actionem</strong></span> <span class='ocrx_word' id='word_1_312' title='bbox 1693 3045 2014 3094; x_wconf 89' lang='lat' dir='ltr'><strong>consuetam</strong></span> <span class='ocrx_word' id='word_1_313' title='bbox 2045 3042 2187 3106; x_wconf 84' lang='lat'>(1-7)</span> <span class='ocrx_word' id='word_1_314' title='bbox 2223 3040 2523 3111; x_wconf 83' lang='lat' dir='ltr'><strong>Apostolus</strong></span> <span class='ocrx_word' id='word_1_315' title='bbox 2548 3039 2684 3096; x_wconf 90' lang='lat' dir='ltr'><strong>Phi-</strong></span> 
     </span>
     <span class='ocr_line' id='line_1_30' title="bbox 134 3125 2686 3200; baseline 0.001 -19"><span class='ocrx_word' id='word_1_316' title='bbox 134 3128 425 3182; x_wconf 87' lang='lat' dir='ltr'><strong>lemonem</strong></span> <span class='ocrx_word' id='word_1_317' title='bbox 460 3126 704 3182; x_wconf 84' lang='lat' dir='ltr'><strong>maxima</strong></span> <span class='ocrx_word' id='word_1_318' title='bbox 740 3141 871 3182; x_wconf 89' lang='lat' dir='ltr'><strong>cum</strong></span> <span class='ocrx_word' id='word_1_319' title='bbox 913 3125 1206 3197; x_wconf 86' lang='lat' dir='ltr'><strong>prudentia</strong></span> <span class='ocrx_word' id='word_1_320' title='bbox 1248 3133 1306 3182; x_wconf 91' lang='lat' dir='ltr'><strong>et</strong></span> <span class='ocrx_word' id='word_1_321' title='bbox 1342 3128 1572 3182; x_wconf 82' lang='lat' dir='ltr'><strong>caritate</strong></span> <span class='ocrx_word' id='word_1_322' title='bbox 1613 3125 1805 3181; x_wconf 88' lang='lat' dir='ltr'><strong>multis</strong></span> <span class='ocrx_word' id='word_1_323' title='bbox 1841 3125 2148 3181; x_wconf 89' lang='lat' dir='ltr'><strong>rationibus</strong></span> <span class='ocrx_word' id='word_1_324' title='bbox 2184 3127 2475 3183; x_wconf 86' lang='lat' dir='ltr'><strong>insinuatis</strong></span> <span class='ocrx_word' id='word_1_325' title='bbox 2511 3127 2686 3200; x_wconf 84' lang='lat' dir='ltr'><strong>magis</strong></span> 
     </span>
     <span class='ocr_line' id='line_1_31' title="bbox 137 3213 2688 3287; baseline 0 -17"><span class='ocrx_word' id='word_1_326' title='bbox 137 3231 314 3286; x_wconf 88' lang='lat' dir='ltr'><strong>quam</strong></span> <span class='ocrx_word' id='word_1_327' title='bbox 338 3214 595 3270; x_wconf 80' lang='lat' dir='ltr'><strong>tractatis</strong></span> <span class='ocrx_word' id='word_1_328' title='bbox 621 3222 899 3285; x_wconf 78' lang='lat' dir='ltr'><strong>precatur,</strong></span> <span class='ocrx_word' id='word_1_329' title='bbox 925 3222 989 3269; x_wconf 85' lang='lat' dir='ltr'><strong>ut</strong></span> <span class='ocrx_word' id='word_1_330' title='bbox 1010 3229 1236 3270; x_wconf 81' lang='lat' dir='ltr'><strong>servum</strong></span> <span class='ocrx_word' id='word_1_331' title='bbox 1261 3229 1427 3270; x_wconf 86' lang='lat' dir='ltr'><strong>sunm</strong></span> <span class='ocrx_word' id='word_1_332' title='bbox 1450 3214 1509 3268; x_wconf 91' lang='lat' dir='ltr'><strong>in</strong></span> <span class='ocrx_word' id='word_1_333' title='bbox 1540 3213 1778 3286; x_wconf 80' lang='lat' dir='ltr'><strong>gratiam</strong></span> <span class='ocrx_word' id='word_1_334' title='bbox 1801 3214 2034 3284; x_wconf 88' lang='lat' dir='ltr'><strong>recipiat</strong></span> <span class='ocrx_word' id='word_1_335' title='bbox 2063 3218 2254 3284; x_wconf 80' lang='lat'><strong>(8-17),</strong></span> <span class='ocrx_word' id='word_1_336' title='bbox 2283 3223 2338 3270; x_wconf 90' lang='lat' dir='ltr'><strong>et</strong></span> <span class='ocrx_word' id='word_1_337' title='bbox 2360 3216 2688 3287; x_wconf 88' lang='lat' dir='ltr'><strong>promittens</strong></span> 
     </span>
     <span class='ocr_line' id='line_1_32' title="bbox 130 3298 2684 3374; baseline 0 -16"><span class='ocrx_word' id='word_1_338' title='bbox 130 3319 197 3358; x_wconf 85' lang='lat' dir='ltr'><strong>se</strong></span> <span class='ocrx_word' id='word_1_339' title='bbox 232 3303 422 3374; x_wconf 88' lang='lat' dir='ltr'><strong>ipsum</strong></span> <span class='ocrx_word' id='word_1_340' title='bbox 459 3301 663 3358; x_wconf 88' lang='lat' dir='ltr'><strong>damna</strong></span> <span class='ocrx_word' id='word_1_341' title='bbox 710 3301 779 3358; x_wconf 92' lang='lat' dir='ltr'><strong>ab</strong></span> <span class='ocrx_word' id='word_1_342' title='bbox 814 3298 1079 3358; x_wconf 81' lang='lat' dir='ltr'><strong>onesimo</strong></span> <span class='ocrx_word' id='word_1_343' title='bbox 1124 3303 1176 3358; x_wconf 85' lang='lat' dir='ltr'><strong>ei</strong></span> <span class='ocrx_word' id='word_1_344' title='bbox 1213 3301 1372 3358; x_wconf 86' lang='lat' dir='ltr'><strong>illata</strong></span> <span class='ocrx_word' id='word_1_345' title='bbox 1419 3317 1542 3358; x_wconf 83' lang='lat' dir='ltr'><strong>esse</strong></span> <span class='ocrx_word' id='word_1_346' title='bbox 1584 3310 2076 3372; x_wconf 86' lang='lat' dir='ltr'><strong>compensaturum</strong></span> <span class='ocrx_word' id='word_1_347' title='bbox 2119 3303 2331 3374; x_wconf 83' lang='lat'>(18-21)</span> <span class='ocrx_word' id='word_1_348' title='bbox 2371 3303 2474 3358; x_wconf 90' lang='lat' dir='ltr'><strong>sibi</strong></span> <span class='ocrx_word' id='word_1_349' title='bbox 2499 3303 2684 3374; x_wconf 87' lang='lat' dir='ltr'><strong>hospi-</strong></span> 
     </span>
     <span class='ocr_line' id='line_1_33' title="bbox 132 3387 2688 3462; baseline 0 -16"><span class='ocrx_word' id='word_1_350' title='bbox 132 3391 281 3447; x_wconf 86' lang='lat' dir='ltr'><strong>tium</strong></span> <span class='ocrx_word' id='word_1_351' title='bbox 310 3391 426 3446; x_wconf 87' lang='lat' dir='ltr'><strong>iam</strong></span> <span class='ocrx_word' id='word_1_352' title='bbox 454 3389 637 3462; x_wconf 87' lang='lat' dir='ltr'><strong>parari</strong></span> <span class='ocrx_word' id='word_1_353' title='bbox 664 3389 815 3446; x_wconf 87' lang='lat' dir='ltr'><strong>iubet</strong></span> <span class='ocrx_word' id='word_1_354' title='bbox 852 3399 907 3446; x_wconf 90' lang='lat' dir='ltr'><strong>et</strong></span> <span class='ocrx_word' id='word_1_355' title='bbox 932 3387 1319 3448; x_wconf 86' lang='lat' dir='ltr'><strong>benedictione</strong></span> <span class='ocrx_word' id='word_1_356' title='bbox 1344 3390 1650 3460; x_wconf 88' lang='lat' dir='ltr'><strong>apostolica</strong></span> <span class='ocrx_word' id='word_1_357' title='bbox 1691 3390 1943 3446; x_wconf 89' lang='lat' dir='ltr'><strong>literulas</strong></span> <span class='ocrx_word' id='word_1_358' title='bbox 1969 3389 2237 3446; x_wconf 88' lang='lat' dir='ltr'><strong>terminat</strong></span> <span class='ocrx_word' id='word_1_359' title='bbox 2266 3397 2496 3458; x_wconf 82' lang='grc'><strong>(22-25).</strong></span> <span class='ocrx_word' id='word_1_360' title='bbox 2525 3391 2688 3448; x_wconf 86' lang='lat' dir='ltr'><strong>Velut</strong></span> 
     </span>
     <span class='ocr_line' id='line_1_34' title="bbox 138 3476 2466 3551; baseline 0 -17"><span class='ocrx_word' id='word_1_361' title='bbox 138 3478 459 3549; x_wconf 78' lang='lat' dir='ltr'><strong>perfectum</strong></span> <span class='ocrx_word' id='word_1_362' title='bbox 486 3479 612 3551; x_wconf 86' lang='lat' dir='ltr'><strong>styli</strong></span> <span class='ocrx_word' id='word_1_363' title='bbox 639 3477 951 3547; x_wconf 90' lang='lat' dir='ltr'><strong>epistolaris</strong></span> <span class='ocrx_word' id='word_1_364' title='bbox 979 3479 1262 3550; x_wconf 86' lang='lat' dir='ltr'><strong>exemplar</strong></span> <span class='ocrx_word' id='word_1_365' title='bbox 1290 3476 1440 3534; x_wconf 89' lang='lat' dir='ltr'><strong>baud</strong></span> <span class='ocrx_word' id='word_1_366' title='bbox 1468 3478 1750 3533; x_wconf 85' lang='lat' dir='ltr'><strong>immerito</strong></span> <span class='ocrx_word' id='word_1_367' title='bbox 1779 3477 1920 3534; x_wconf 88' lang='lat' dir='ltr'><strong>haec</strong></span> <span class='ocrx_word' id='word_1_368' title='bbox 1947 3477 2188 3546; x_wconf 87' lang='lat' dir='ltr'><strong>epistola</strong></span> <span class='ocrx_word' id='word_1_369' title='bbox 2213 3477 2466 3535; x_wconf 88' lang='lat' dir='ltr'><strong>habetur.</strong></span> 
     </span>
    </p>
   </div>
   <div class='ocr_carea' id='block_1_5' title="bbox 134 3628 2689 3803">
    <p class='ocr_par' dir='ltr' id='par_1_8' title="bbox 134 3628 2689 3803">
     <span class='ocr_line' id='line_1_35' title="bbox 218 3628 2689 3707; baseline -0.001 -16"><span class='ocrx_word' id='word_1_370' title='bbox 218 3633 282 3692; x_wconf 82' lang='lat'><strong>2.</strong></span> <span class='ocrx_word' id='word_1_371' title='bbox 318 3663 399 3674; x_wconf 93' lang='lat'><strong>-—-</strong></span> <span class='ocrx_word' id='word_1_372' title='bbox 430 3630 602 3689; x_wconf 89' lang='lat' dir='ltr'><strong>Licet</strong></span> <span class='ocrx_word' id='word_1_373' title='bbox 627 3629 893 3707; x_wconf 88' lang='lat' dir='ltr'><strong>epistola</strong></span> <span class='ocrx_word' id='word_1_374' title='bbox 916 3630 996 3688; x_wconf 91' lang='lat' dir='ltr'><strong>ob</strong></span> <span class='ocrx_word' id='word_1_375' title='bbox 1018 3629 1389 3706; x_wconf 78' lang='lat' dir='ltr'><strong>parvitatem</strong></span> <span class='ocrx_word' id='word_1_376' title='bbox 1422 3646 1595 3688; x_wconf 86' lang='lat' dir='ltr'><strong>suam</strong></span> <span class='ocrx_word' id='word_1_377' title='bbox 1628 3633 1690 3688; x_wconf 90' lang='lat' dir='ltr'><strong>et</strong></span> <span class='ocrx_word' id='word_1_378' title='bbox 1711 3628 2021 3706; x_wconf 82' lang='lat' dir='ltr'><strong>privatum</strong></span> <span class='ocrx_word' id='word_1_379' title='bbox 2052 3645 2237 3689; x_wconf 89' lang='lat' dir='ltr'><strong>suum</strong></span> <span class='ocrx_word' id='word_1_380' title='bbox 2270 3628 2689 3690; x_wconf 86' lang='lat' dir='ltr'><strong>characterem</strong></span> 
     </span>
     <span class='ocr_line' id='line_1_36' title="bbox 134 3724 2688 3803; baseline -0.001 -15"><span class='ocrx_word' id='word_1_381' title='bbox 134 3728 381 3801; x_wconf 76' lang='lat' dir='ltr'><strong>rariuS,</strong></span> <span class='ocrx_word' id='word_1_382' title='bbox 414 3743 601 3803; x_wconf 86' lang='lat' dir='ltr'><strong>quam</strong></span> <span class='ocrx_word' id='word_1_383' title='bbox 632 3727 817 3798; x_wconf 87' lang='lat' dir='ltr'><strong>aliae,</strong></span> <span class='ocrx_word' id='word_1_384' title='bbox 850 3727 928 3784; x_wconf 89' lang='lat' dir='ltr'><strong>ab</strong></span> <span class='ocrx_word' id='word_1_385' title='bbox 967 3725 1241 3802; x_wconf 82' lang='lat' dir='ltr'><strong>antiquis</strong></span> <span class='ocrx_word' id='word_1_386' title='bbox 1280 3725 1575 3785; x_wconf 87' lang='lat' dir='ltr'><strong>Patribus</strong></span> <span class='ocrx_word' id='word_1_387' title='bbox 1605 3725 1686 3785; x_wconf 88' lang='lat' dir='ltr'><strong>sit</strong></span> <span class='ocrx_word' id='word_1_388' title='bbox 1723 3724 2037 3799; x_wconf 85' lang='lat' dir='ltr'><strong>adhibita,</strong></span> <span class='ocrx_word' id='word_1_389' title='bbox 2073 3725 2152 3785; x_wconf 89' lang='lat' dir='ltr'><strong>de</strong></span> <span class='ocrx_word' id='word_1_390' title='bbox 2183 3725 2318 3785; x_wconf 89' lang='lat' dir='ltr'><strong>eius</strong></span> <span class='ocrx_word' id='word_1_391' title='bbox 2342 3729 2556 3786; x_wconf 88' lang='lat' dir='ltr'><strong>tamen</strong></span> <span class='ocrx_word' id='word_1_392' title='bbox 2578 3743 2688 3786; x_wconf 85' lang='lat' dir='ltr'><strong>au-</strong></span> 
     </span>
    </p>
   </div>
   <div class='ocr_carea' id='block_1_6' title="bbox 101 3822 2698 4694">
    <p class='ocr_par' dir='ltr' id='par_1_9' title="bbox 138 3822 1105 3899">
     <span class='ocr_line' id='line_1_37' title="bbox 138 3822 1105 3899; baseline -0.002 -17"><span class='ocrx_word' id='word_1_393' title='bbox 138 3823 391 3884; x_wconf 84' lang='lat' dir='ltr'><strong>thentia</strong></span> <span class='ocrx_word' id='word_1_394' title='bbox 417 3822 688 3883; x_wconf 84' lang='lat' dir='ltr'><strong>dubitari</strong></span> <span class='ocrx_word' id='word_1_395' title='bbox 718 3839 845 3883; x_wconf 90' lang='lat' dir='ltr'><strong>non</strong></span> <span class='ocrx_word' id='word_1_396' title='bbox 875 3825 1105 3899; x_wconf 85' lang='lat' dir='ltr'><strong>potest.</strong></span> 
     </span>
    </p>

    <p class='ocr_par' dir='ltr' id='par_1_10' title="bbox 112 3915 2691 4260">
     <span class='ocr_line' id='line_1_38' title="bbox 210 3915 2686 3990; baseline -0.002 -14"><span class='ocrx_word' id='word_1_397' title='bbox 210 3925 265 3976; x_wconf 75' lang='lat' dir='ltr'>A</span> <span class='ocrx_word' id='word_1_398' title='bbox 290 3916 555 3975; x_wconf 87' lang='lat' dir='ltr'><strong>Patribus</strong></span> <span class='ocrx_word' id='word_1_399' title='bbox 576 3917 891 3989; x_wconf 89' lang='lat' dir='ltr'><strong>apostolicis</strong></span> <span class='ocrx_word' id='word_1_400' title='bbox 913 3917 1147 3990; x_wconf 87' lang='lat' dir='ltr'><strong>epistola</strong></span> <span class='ocrx_word' id='word_1_401' title='bbox 1175 3916 1423 3973; x_wconf 86' lang='lat' dir='ltr'><strong>adhibita</strong></span> <span class='ocrx_word' id='word_1_402' title='bbox 1450 3933 1566 3974; x_wconf 90' lang='lat' dir='ltr'><strong>non</strong></span> <span class='ocrx_word' id='word_1_403' title='bbox 1596 3933 1712 3974; x_wconf 88' lang='lat' dir='ltr'><strong>esse</strong></span> <span class='ocrx_word' id='word_1_404' title='bbox 1740 3915 1978 3987; x_wconf 81' lang='lat' dir='ltr'><strong>videtur,</strong></span> <span class='ocrx_word' id='word_1_405' title='bbox 2011 3918 2090 3974; x_wconf 90' lang='lat' dir='ltr'><strong>ita</strong></span> <span class='ocrx_word' id='word_1_406' title='bbox 2119 3925 2182 3971; x_wconf 90' lang='lat' dir='ltr'><strong>ut</strong></span> <span class='ocrx_word' id='word_1_407' title='bbox 2215 3917 2423 3987; x_wconf 87' lang='lat' dir='ltr'><strong>primus</strong></span> <span class='ocrx_word' id='word_1_408' title='bbox 2451 3917 2686 3973; x_wconf 87' lang='lat' dir='ltr'><strong>authen-</strong></span> 
     </span>
     <span class='ocr_line' id='line_1_39' title="bbox 132 4004 2684 4076; baseline -0.002 -12"><span class='ocrx_word' id='word_1_409' title='bbox 132 4008 251 4064; x_wconf 81' lang='lat' dir='ltr'><strong>tiae</strong></span> <span class='ocrx_word' id='word_1_410' title='bbox 274 4007 445 4063; x_wconf 88' lang='lat' dir='ltr'><strong>testis</strong></span> <span class='ocrx_word' id='word_1_411' title='bbox 473 4005 545 4062; x_wconf 84' lang='lat' dir='ltr'><strong>sit</strong></span> <span class='ocrx_word' id='word_1_412' title='bbox 574 4006 886 4062; x_wconf 86' lang='lat' dir='ltr'><strong>haereticus</strong></span> <span class='ocrx_word' id='word_1_413' title='bbox 909 4009 1203 4070; x_wconf 75' lang='lat' dir='ltr'><strong>Marcion,</strong></span> <span class='ocrx_word' id='word_1_414' title='bbox 1232 4021 1367 4062; x_wconf 89' lang='lat' dir='ltr'><strong>nam</strong></span> <span class='ocrx_word' id='word_1_415' title='bbox 1398 4025 1423 4057; x_wconf 75' lang='grc' dir='ltr'>ι</span> <span class='ocrx_word' id='word_1_416' title='bbox 1454 4005 1563 4061; x_wconf 89' lang='lat' dir='ltr'><strong>soli</strong></span> <span class='ocrx_word' id='word_1_417' title='bbox 1589 4005 1718 4062; x_wconf 90' lang='lat' dir='ltr'><strong>huic</strong></span> <span class='ocrx_word' id='word_1_418' title='bbox 1756 4005 2040 4076; x_wconf 87' lang='lat' dir='ltr'><strong>epistolae,</strong></span> <span class='ocrx_word' id='word_1_419' title='bbox 2069 4004 2253 4076; x_wconf 91' lang='lat' dir='ltr'><strong>inquit</strong></span> <span class='ocrx_word' id='word_1_420' title='bbox 2287 4005 2684 4072; x_wconf 81' lang='lat' dir='ltr'><strong>Tertullianus,</strong></span> 
     </span>
     <span class='ocr_line' id='line_1_40' title="bbox 138 4091 2691 4167; baseline -0.002 -15"><span class='ocrx_word' id='word_1_421' title='bbox 138 4096 391 4152; x_wconf 82' lang='lat' dir='ltr'><strong>brevitas</strong></span> <span class='ocrx_word' id='word_1_422' title='bbox 418 4109 515 4150; x_wconf 88' lang='lat' dir='ltr'><strong>sua</strong></span> <span class='ocrx_word' id='word_1_423' title='bbox 537 4092 767 4167; x_wconf 80' lang='lat' dir='ltr'><strong>profuit,</strong></span> <span class='ocrx_word' id='word_1_424' title='bbox 800 4101 863 4148; x_wconf 91' lang='lat' dir='ltr'><strong>ut</strong></span> <span class='ocrx_word' id='word_1_425' title='bbox 886 4093 1143 4150; x_wconf 81' lang='lat' dir='ltr'><strong>falsarias</strong></span> <span class='ocrx_word' id='word_1_426' title='bbox 1168 4109 1367 4150; x_wconf 86' lang='lat' dir='ltr'><strong>manus</strong></span> <span class='ocrx_word' id='word_1_427' title='bbox 1396 4094 1694 4150; x_wconf 86' lang='lat' dir='ltr'><strong>Marcionis</strong></span> <span class='ocrx_word' id='word_1_428' title='bbox 1741 4092 1997 4149; x_wconf 79' lang='lat' dir='ltr'><strong>evaderet</strong></span> <span class='ocrx_word' id='word_1_429' title='bbox 2020 4113 2046 4144; x_wconf 71' lang='lat'><strong>2&gt;</strong></span> <span class='ocrx_word' id='word_1_430' title='bbox 2082 4097 2154 4160; x_wconf 92' lang='lat' dir='ltr'><strong>(c.</strong></span> <span class='ocrx_word' id='word_1_431' title='bbox 2193 4094 2367 4148; x_wconf 86' lang='lat' dir='ltr'><strong>Marc.</strong></span> <span class='ocrx_word' id='word_1_432' title='bbox 2411 4093 2477 4147; x_wconf 93' lang='lat' dir='ltr'><strong>V.</strong></span> <span class='ocrx_word' id='word_1_433' title='bbox 2507 4098 2572 4148; x_wconf 82' lang='lat'><strong>21</strong></span> <span class='ocrx_word' id='word_1_434' title='bbox 2609 4091 2691 4148; x_wconf 75' lang='lat' dir='ltr'><strong>ch·</strong></span> 
     </span>
     <span class='ocr_line' id='line_1_41' title="bbox 112 4180 2690 4260; baseline -0.002 -19"><span class='ocrx_word' id='word_1_435' title='bbox 112 4189 195 4260; x_wconf 67' lang='grc'><strong>,3.</strong></span> <span class='ocrx_word' id='word_1_436' title='bbox 222 4183 445 4257; x_wconf 77' lang='lat' dir='ltr'><strong>Epiph.</strong></span> <span class='ocrx_word' id='word_1_437' title='bbox 473 4183 641 4238; x_wconf 87' lang='lat' dir='ltr'><strong>Haer.</strong></span> <span class='ocrx_word' id='word_1_438' title='bbox 664 4188 755 4249; x_wconf 80' lang='grc'><strong>42,</strong></span> <span class='ocrx_word' id='word_1_439' title='bbox 778 4181 853 4252; x_wconf 90' lang='grc'><strong>9).</strong></span> <span class='ocrx_word' id='word_1_440' title='bbox 884 4184 1095 4237; x_wconf 87' lang='lat' dir='ltr'><strong>Auctor</strong></span> <span class='ocrx_word' id='word_1_441' title='bbox 1113 4180 1313 4238; x_wconf 90' lang='lat' dir='ltr'><strong>deinde</strong></span> <span class='ocrx_word' id='word_1_442' title='bbox 1332 4185 1577 4254; x_wconf 77' lang='lat' dir='ltr'><strong>Fraqm.</strong></span> <span class='ocrx_word' id='word_1_443' title='bbox 1607 4185 1838 4236; x_wconf 83' lang='lat' dir='ltr'><strong>Murat.</strong></span> <span class='ocrx_word' id='word_1_444' title='bbox 1866 4180 2062 4236; x_wconf 85' lang='lat' dir='ltr'><strong>camin</strong></span> <span class='ocrx_word' id='word_1_445' title='bbox 2083 4195 2298 4236; x_wconf 89' lang='lat' dir='ltr'><strong>canone</strong></span> <span class='ocrx_word' id='word_1_446' title='bbox 2320 4195 2580 4236; x_wconf 88' lang='lat' dir='ltr'><strong>romanae</strong></span> <span class='ocrx_word' id='word_1_447' title='bbox 2608 4196 2690 4236; x_wconf 88' lang='lat' dir='ltr'><strong>ec-</strong></span> 
     </span>
    </p>

    <p class='ocr_par' dir='ltr' id='par_1_11' title="bbox 101 4267 2694 4517">
     <span class='ocr_line' id='line_1_42' title="bbox 101 4267 2690 4341; baseline -0.002 -13"><span class='ocrx_word' id='word_1_448' title='bbox 101 4309 107 4314; x_wconf 82' lang='lat'><em>·</em></span> <span class='ocrx_word' id='word_1_449' title='bbox 134 4273 350 4328; x_wconf 83' lang='lat' dir='ltr'><strong>clesiae</strong></span> <span class='ocrx_word' id='word_1_450' title='bbox 380 4279 635 4326; x_wconf 86' lang='lat' dir='ltr'><strong>recenset</strong></span> <span class='ocrx_word' id='word_1_451' title='bbox 663 4279 830 4341; x_wconf 89' lang='lat' dir='ltr'><strong>atque</strong></span> <span class='ocrx_word' id='word_1_452' title='bbox 856 4269 1153 4326; x_wconf 76' lang='lat' dir='ltr'><strong>Eusebius</strong></span> <span class='ocrx_word' id='word_1_453' title='bbox 1179 4269 1298 4324; x_wconf 91' lang='lat' dir='ltr'><strong>sine</strong></span> <span class='ocrx_word' id='word_1_454' title='bbox 1322 4268 1686 4326; x_wconf 86' lang='lat' dir='ltr'><strong>haesitatione</strong></span> <span class='ocrx_word' id='word_1_455' title='bbox 1710 4284 1834 4324; x_wconf 89' lang='lat' dir='ltr'><strong>eam</strong></span> <span class='ocrx_word' id='word_1_456' title='bbox 1858 4268 2004 4324; x_wconf 87' lang='lat' dir='ltr'><strong>inter</strong></span> <span class='ocrx_word' id='word_1_457' title='bbox 2031 4267 2092 4320; x_wconf 73' lang='grc' dir='ltr'><strong>τὰ</strong></span> <span class='ocrx_word' id='word_1_458' title='bbox 2125 4267 2510 4338; x_wconf 78' lang='grc' dir='ltr'><strong>ὁμολογούμενα</strong></span> <span class='ocrx_word' id='word_1_459' title='bbox 2537 4283 2690 4323; x_wconf 89' lang='lat' dir='ltr'><strong>rece—</strong></span> 
     </span>
     <span class='ocr_line' id='line_1_43' title="bbox 138 4354 2694 4433; baseline -0.002 -17"><span class='ocrx_word' id='word_1_460' title='bbox 138 4363 221 4433; x_wconf 90' lang='lat' dir='ltr'><strong>pit</strong></span> <span class='ocrx_word' id='word_1_461' title='bbox 254 4360 351 4426; x_wconf 85' lang='lat' dir='ltr'><strong>(H.</strong></span> <span class='ocrx_word' id='word_1_462' title='bbox 380 4361 444 4414; x_wconf 85' lang='lat' dir='ltr'><strong>E.</strong></span> <span class='ocrx_word' id='word_1_463' title='bbox 474 4359 573 4414; x_wconf 87' lang='lat'><strong>111.</strong></span> <span class='ocrx_word' id='word_1_464' title='bbox 608 4357 689 4428; x_wconf 85' lang='lat'><strong>3);</strong></span> <span class='ocrx_word' id='word_1_465' title='bbox 712 4361 770 4414; x_wconf 84' lang='lat' dir='ltr'><strong>S.</strong></span> <span class='ocrx_word' id='word_1_466' title='bbox 800 4361 1188 4426; x_wconf 76' lang='lat' dir='ltr'><strong>Hieronymus</strong></span> <span class='ocrx_word' id='word_1_467' title='bbox 1216 4365 1405 4414; x_wconf 86' lang='lat' dir='ltr'><strong>autem</strong></span> <span class='ocrx_word' id='word_1_468' title='bbox 1428 4365 1622 4412; x_wconf 88' lang='lat' dir='ltr'><strong>monet</strong></span> <span class='ocrx_word' id='word_1_469' title='bbox 1653 4377 1678 4406; x_wconf 73' lang='grc' dir='ltr'><strong>α</strong></span> <span class='ocrx_word' id='word_1_470' title='bbox 1705 4371 2010 4428; x_wconf 89' lang='lat' dir='ltr'><strong>numquam</strong></span> <span class='ocrx_word' id='word_1_471' title='bbox 2033 4356 2089 4410; x_wconf 92' lang='lat' dir='ltr'><strong>in</strong></span> <span class='ocrx_word' id='word_1_472' title='bbox 2121 4359 2240 4410; x_wconf 87' lang='lat' dir='ltr'><strong>toto</strong></span> <span class='ocrx_word' id='word_1_473' title='bbox 2265 4354 2400 4410; x_wconf 90' lang='lat' dir='ltr'><strong>orbe</strong></span> <span class='ocrx_word' id='word_1_474' title='bbox 2429 4371 2460 4410; x_wconf 87' lang='lat' dir='ltr'><strong>a</strong></span> <span class='ocrx_word' id='word_1_475' title='bbox 2485 4356 2694 4410; x_wconf 89' lang='lat' dir='ltr'><strong>cunctis</strong></span> 
     </span>
     <span class='ocr_line' id='line_1_44' title="bbox 140 4441 2690 4517; baseline -0.003 -12"><span class='ocrx_word' id='word_1_476' title='bbox 140 4447 396 4505; x_wconf 85' lang='lat' dir='ltr'><strong>ecclesiis</strong></span> <span class='ocrx_word' id='word_1_477' title='bbox 424 4461 548 4502; x_wconf 88' lang='lat' dir='ltr'><strong>eam</strong></span> <span class='ocrx_word' id='word_1_478' title='bbox 575 4445 739 4502; x_wconf 78' lang='lat' dir='ltr'><strong>fuisse</strong></span> <span class='ocrx_word' id='word_1_479' title='bbox 768 4455 1071 4516; x_wconf 87' lang='lat' dir='ltr'><strong>receptam,</strong></span> <span class='ocrx_word' id='word_1_480' title='bbox 1097 4445 1203 4500; x_wconf 90' lang='lat' dir='ltr'><strong>nisi</strong></span> <span class='ocrx_word' id='word_1_481' title='bbox 1223 4445 1377 4501; x_wconf 87' lang='lat' dir='ltr'><strong>Pauli</strong></span> <span class='ocrx_word' id='word_1_482' title='bbox 1410 4444 1660 4517; x_wconf 89' lang='lat' dir='ltr'><strong>Apostoli</strong></span> <span class='ocrx_word' id='word_1_483' title='bbox 1683 4453 1827 4499; x_wconf 89' lang='lat' dir='ltr'><strong>esset</strong></span> <span class='ocrx_word' id='word_1_484' title='bbox 1851 4441 2061 4498; x_wconf 89' lang='lat' dir='ltr'><strong>credita</strong></span> <span class='ocrx_word' id='word_1_485' title='bbox 2094 4463 2120 4495; x_wconf 64' lang='lat' dir='ltr'><strong>a&gt;</strong></span> <span class='ocrx_word' id='word_1_486' title='bbox 2150 4443 2224 4509; x_wconf 93' lang='lat' dir='ltr'><strong>(in</strong></span> <span class='ocrx_word' id='word_1_487' title='bbox 2240 4441 2475 4498; x_wconf 87' lang='lat' dir='ltr'><strong>Philem.</strong></span> <span class='ocrx_word' id='word_1_488' title='bbox 2498 4443 2690 4514; x_wconf 68' lang='lat' dir='ltr'><strong>Proh).</strong></span> 
     </span>
    </p>

    <p class='ocr_par' dir='ltr' id='par_1_12' title="bbox 141 4529 2698 4694">
     <span class='ocr_line' id='line_1_45' title="bbox 216 4529 2698 4606; baseline -0.003 -14"><span class='ocrx_word' id='word_1_489' title='bbox 216 4535 435 4592; x_wconf 87' lang='lat' dir='ltr'><strong>Eodem</strong></span> <span class='ocrx_word' id='word_1_490' title='bbox 468 4533 693 4606; x_wconf 91' lang='lat' dir='ltr'><strong>quidem</strong></span> <span class='ocrx_word' id='word_1_491' title='bbox 715 4536 773 4590; x_wconf 93' lang='lat' dir='ltr'><strong>S.</strong></span> <span class='ocrx_word' id='word_1_492' title='bbox 798 4535 1142 4605; x_wconf 85' lang='lat' dir='ltr'><strong>Hieronymo</strong></span> <span class='ocrx_word' id='word_1_493' title='bbox 1182 4541 1239 4588; x_wconf 89' lang='lat' dir='ltr'><strong>et</strong></span> <span class='ocrx_word' id='word_1_494' title='bbox 1264 4535 1323 4590; x_wconf 90' lang='lat' dir='ltr'><strong>S.</strong></span> <span class='ocrx_word' id='word_1_495' title='bbox 1360 4532 1771 4600; x_wconf 72' lang='lat' dir='ltr'><strong>chrysostomo</strong></span> <span class='ocrx_word' id='word_1_496' title='bbox 1809 4531 1884 4596; x_wconf 90' lang='lat' dir='ltr'><strong>(in</strong></span> <span class='ocrx_word' id='word_1_497' title='bbox 1925 4531 2164 4587; x_wconf 88' lang='lat' dir='ltr'><strong>Philem.</strong></span> <span class='ocrx_word' id='word_1_498' title='bbox 2207 4533 2440 4604; x_wconf 84' lang='lat' dir='ltr'><strong>Argum)</strong></span> <span class='ocrx_word' id='word_1_499' title='bbox 2468 4529 2698 4586; x_wconf 87' lang='lat' dir='ltr'><strong>testibus</strong></span> 
     </span>
     <span class='ocr_line' id='line_1_46' title="bbox 141 4619 2696 4694; baseline -0.003 -14"><span class='ocrx_word' id='word_1_500' title='bbox 141 4623 407 4681; x_wconf 85' lang='lat' dir='ltr'><strong>nonnulli</strong></span> <span class='ocrx_word' id='word_1_501' title='bbox 428 4623 567 4680; x_wconf 90' lang='lat' dir='ltr'><strong>olim</strong></span> <span class='ocrx_word' id='word_1_502' title='bbox 593 4621 883 4694; x_wconf 84' lang='lat' dir='ltr'><strong>epistolam</strong></span> <span class='ocrx_word' id='word_1_503' title='bbox 912 4621 1057 4678; x_wconf 89' lang='lat' dir='ltr'><strong>hanc</strong></span> <span class='ocrx_word' id='word_1_504' title='bbox 1080 4621 1280 4678; x_wconf 87' lang='lat' dir='ltr'><strong>canoni</strong></span> <span class='ocrx_word' id='word_1_505' title='bbox 1305 4621 1552 4676; x_wconf 87' lang='lat' dir='ltr'><strong>inserere</strong></span> <span class='ocrx_word' id='word_1_506' title='bbox 1574 4619 1861 4687; x_wconf 87' lang='lat' dir='ltr'><strong>nolebant,</strong></span> <span class='ocrx_word' id='word_1_507' title='bbox 1899 4640 1924 4670; x_wconf 86' lang='lat'>«</span> <span class='ocrx_word' id='word_1_508' title='bbox 1953 4619 2079 4690; x_wconf 89' lang='lat' dir='ltr'><strong>quia</strong></span> <span class='ocrx_word' id='word_1_509' title='bbox 2105 4633 2210 4690; x_wconf 89' lang='lat' dir='ltr'><strong>pro</strong></span> <span class='ocrx_word' id='word_1_510' title='bbox 2237 4631 2300 4674; x_wconf 87' lang='lat' dir='ltr'><strong>re</strong></span> <span class='ocrx_word' id='word_1_511' title='bbox 2329 4631 2496 4688; x_wconf 83' lang='lat' dir='ltr'><strong>parva</strong></span> <span class='ocrx_word' id='word_1_512' title='bbox 2521 4625 2696 4687; x_wconf 86' lang='lat' dir='ltr'><strong>petat,</strong></span> 
     </span>
    </p>
   </div>
  </div>
 </body>
</html>
