3050 5184
419 342 826 415 turonens-res
871 340 1036 386 snm.
1073 326 1134 383 2.
1179 340 1256 385 m·
1297 326 1356 384 3.
1399 340 1541 385 ros'r
1583 342 1838 387 murrum
1882 338 2048 389 conc:
2096 341 2369 387 rumen-r.
2558 327 2669 384 167

165 474 305 529 bonae
347 482 506 544 sunt,
553 491 722 548 quam
763 474 836 530 ob
879 476 1084 530 multas
1131 481 1188 529 et
1233 472 1480 529 eruditas
1532 473 1949 531 dissertationes
2008 474 2173 531 hodie
2228 473 2413 531 adhuc
2468 490 2669 547 magno

165 564 202 616 in
225 561 420 619 honore
449 563 704 620 habetur.
733 565 913 619 Henr.
945 562 1254 634 Bukentop
1276 562 1336 616 in
1363 576 1464 617 suo
1487 577 1655 633 opere
1688 581 1711 614 ‹
1748 564 1868 620 Lux
1897 564 1965 620 de
1994 564 2118 619 luce
2149 584 2174 615 ιι
2200 562 2486 634 ambiguas
2513 561 2668 618 locu-

165 651 306 705 tiones
328 659 385 705 et
412 652 596 709 varias
617 652 884 707 lectiones
906 650 1180 722 Vulgatae
1199 665 1267 705 ex
1298 649 1543 707 textibus
1566 651 1906 724 primigeniis
1928 652 2241 709 illustravit.
2269 654 2350 707 Ex
2372 651 2493 706 aliis
2522 650 2668 706 eius-

162 738 260 792 dem
291 740 498 796 saeculi
527 738 920 813 interpretibus
949 738 1228 794 nominari
1265 745 1496 810 possunt
1530 742 1741 795 Franc.
1774 738 2071 809 Caro-iere,
2101 742 2169 798 Ο.
2202 740 2340 795 Min.
2377 741 2434 809 (†
2465 739 2665 807 1665.);

166 826 382 882 nomas
409 833 486 883 Le
509 828 722 897 manc,
755 829 811 884 S.
843 830 891 883 1.
931 829 995 897 (1-
1028 831 1206 894 1669),
1239 826 1337 899 qui
1359 824 1628 881 diffusum
1661 828 2126 884 commentarium
2154 826 2380 899 reliquit
2416 827 2475 881 in
2509 827 2668 882 Psal-

162 928 278 979 mos3
298 920 472 970 Bern.
505 932 549 971 a
574 916 842 983 Picom'o‚
867 916 938 972 Ο.
965 915 1099 986 Cap.
1134 916 1196 983 (†
1229 918 1431 983 1709.),
1461 915 1561 987 qui
1595 935 1620 967 e
1645 916 1924 988 triplicem
1956 915 2359 987 expositionem
2401 915 2667 985 epistola-

164 1018 258 1057 rum
287 1002 354 1057 D.
389 1004 555 1059 Pauli
594 1023 619 1057 ι
667 1004 802 1059 satis
835 1000 1044 1059 bonam
1095 1000 1275 1071 dedit,
1318 1001 1466 1057 Lud.
1523 1004 1852 1071 Carrieres,
1892 1007 2096 1076 Congr.
2148 1005 2307 1061 Orat.
2358 1004 2421 1073 (†
2465 1009 2617 1060 1717.
2626 1008 2665 1071 ),

163 1090 212 1143 Η.
238 1096 290 1144 L.
317 1090 392 1146 de
423 1094 619 1148 Vence
647 1092 708 1163 Η-
737 1097 892 1148 1749.
899 1090 916 1162 )
949 1100 1005 1145 et
1032 1090 1227 1158 steph.
1257 1089 1482 1148 Rondet
1511 1092 1574 1160 (1-
1604 1097 1757 1147 1785.
1764 1092 1811 1161 ),
1844 1108 1911 1147 ex
1940 1106 2181 1163 quorum
2206 1092 2383 1148 trium
2412 1090 2669 1199 operibus

165 1177 330 1233 coaluit
357 1200 384 1229 α
411 1179 472 1235 la
499 1179 658 1235 Bible
685 1178 758 1235 de
783 1180 969 1235 Vence
997 1199 1022 1230 n
1059 1186 1166 1234 etc.

219 1323 268 1381 2.
294 1354 370 1365 -—
394 1322 724 1383 Historico
767 1322 966 1399 magis
1007 1320 1200 1381 modo
1243 1321 1453 1383 studia
1497 1322 1949 1401 scripturistica
1991 1327 2447 1402 promoverunt
2491 1324 2663 1385 Rich.

163 1417 354 1495 Simon,
385 1420 618 1497 Congr.
643 1419 815 1481 Orat.
850 1416 921 1498 (†
944 1414 1172 1495 1712),
1216 1416 1500 1479 Claudius
1541 1420 1799 1479 Frassen
1836 1422 1908 1482 Ο.
1944 1421 2091 1480 Min.
2126 1419 2193 1499 (†
2214 1420 2443 1497 1711.)‚
2477 1422 2662 1482 Bcrn.

164 1512 335 1593 anq,
365 1516 599 1593 Gongr.
641 1518 808 1578 Orat.
842 1514 911 1593 (†
951 1512 1179 1593 lna),
1212 1512 1431 1575 Daniel
1470 1516 1723 1576 Huetius
1762 1516 1830 1595 (·1·
1858 1516 2089 1596 1721.),
2124 1517 2263 1576 Nat.
2300 1516 2662 1595 Alexander,

165 1613 216 1669 0.
241 1613 449 1673 Praed.
483 1612 555 1693 (·1·
584 1611 814 1692 1722),
838 1610 1139 1673 Erasmus
1155 1610 1493 1685 Froeltlich‚
1521 1612 1583 1673 S.
1605 1614 1651 1673 Ι.
1678 1612 1743 1693 (†
1764 1612 1995 1691 1758.),
2022 1614 2285 1691 eiusque
2318 1614 2666 1691 discipulus

169 1705 397 1785 Milton,
431 1709 496 1769 S.
515 1710 568 1770 Ι.
595 1708 663 1789 (†
694 1710 919 1789 1772).
945 1710 1079 1769 Huc
1106 1725 1362 1786 quoque
1390 1709 1707 1770 referendi
1738 1714 1912 1783 sunt,
1938 1710 2043 1788 qui
2077 1710 2300 1771 eadem
2338 1714 2537 1771 aetate
2574 1710 2668 1771 hi-

166 1806 380 1865 storiam
410 1806 766 1867 literariam
797 1822 1132 1885 exegeseos
1160 1808 1512 1867 tractarunt
1538 1808 1661 1868 Iul.
1685 1808 2037 1882 Βανίοὶοσσί,
2062 1808 2134 1868 Ο.
2158 1806 2307 1867 Cist.
2334 1806 2403 1886 (1-
2432 1805 2661 1887 1687.),

166 1901 380 1979 eiusque
411 1902 772 1982 discipulus
805 1904 873 1965 C.
906 1904 958 1964 1.
992 1902 1357 1977 Imbonatus,
1391 1903 1462 1963 Ο.
1497 1904 1647 1964 cist.
1684 1902 1753 1984 (†
1784 1903 2020 1983 1694.)‚
2058 1906 2207 1965 Lud.
2242 1903 2435 1963 Ellics
2468 1905 2667 1983 Dupin

167 1994 448 2078 1-1-1719.)‚
483 2001 618 2061 Iac.
647 1998 900 2077 lelon9‚
947 2000 1169 2077 Gongr.
1213 1998 1379 2059 Orat.
1415 1999 1485 2080 (-1-
1523 2000 1731 2081 1721.)
1763 2004 1829 2060 et
1864 1999 2001 2060 Nic.
2048 1999 2388 2079 Desmolets,
2439 2001 2661 2080 Congr.

167 2092 240 2151 Or.
269 2094 330 2175 (ἦ-
360 2094 598 2175 1760.).

217 2208 348 2264 Inter
388 2224 590 2265 omnes
631 2210 841 2266 eminet
880 2210 1047 2266 Rich.
1079 2211 1308 2277 Simon,
1353 2210 1512 2267 cuius
1549 2225 1717 2281 opera
1751 2210 1821 2266 de
1863 2210 2093 2267 historia
2132 2212 2319 2267 critica
2356 2212 2570 2267 Veteris
2610 2220 2667 2268 et

166 2292 270 2349 Novi
296 2298 466 2367 Test.,
499 2297 604 2353 etsi
629 2294 702 2354 ob
725 2298 1035 2369 singulares
1063 2299 1335 2370 quasdam
1363 2306 1419 2355 et
1443 2314 1644 2370 parum
1677 2297 1979 2355 catholicas
2006 2300 2307 2355 sententias
2333 2307 2493 2355 caute
2522 2315 2666 2355 non-

167 2382 294 2439 nullis
321 2386 376 2441 in
404 2385 546 2441 locis
583 2385 692 2440 sint
717 2385 984 2459 legenda,
1013 2385 1344 2442 immensam
1379 2395 1571 2442 tamen
1607 2386 1847 2442 auctoris
1881 2386 2251 2442 eruditionem
2282 2385 2666 2443 demonstrant

167 2484 362 2543 eumque
395 2472 708 2530 modernae
755 2472 1182 2545 introductionis
1228 2474 1556 2531 historicae
1596 2481 1653 2531 et
1697 2475 1940 2530 criticae
1980 2482 2196 2543 patrem
2238 2476 2660 2531 constituerunt.

167 2556 520 2618 scholasticam
561 2560 892 2617 methodum
913 2560 1141 2618 retinuit
1167 2562 1258 2619 Cl.
1291 2568 1539 2619 Frassen
1560 2562 1621 2617 in
1654 2562 1765 2617 suis
1800 2582 1825 2613 α
1851 2562 2339 2633 Disquisitionibus
2366 2562 2580 2619 biblicis
2608 2584 2661 2629 n,

167 2643 440 2705 historicam
488 2664 623 2705 vero
660 2649 949 2721 adoptavit
987 2652 1137 2707 Dan.
1186 2652 1460 2720 Hamus,-
1493 2650 1784 2721 episcopus
1815 2650 2152 2719 Abricensis‚
2187 2650 2244 2705 in
2282 2650 2464 2721 priore
2510 2660 2666 2723 parte

175 2751 192 2777 t
211 2736 688 2793 Demonstrationis
723 2737 1073 2809 evangelicae
1112 2757 1138 2791 ι
1173 2752 1333 2807 suae,
1358 2738 1418 2793 in
1450 2738 1607 2793 cuius
1639 2737 1813 2794 altera
1858 2745 2013 2809 parte
2055 2737 2310 2793 vaticinia
2343 2739 2663 2795 messianica

169 2823 376 2891 explicat.
407 2824 574 2881 Idem
603 2840 824 2898 quoque
858 2824 1073 2897 aliquas
1095 2824 1512 2882 dissertationes
1546 2826 1873 2897 conscripsit
1895 2823 1965 2881 de
1984 2826 2403 2897 antiquitatibus
2428 2825 2661 2895 biblios,

169 2922 274 2977 quas
309 2913 481 2987 magis
525 2914 804 2985 promovit
845 2916 1022 2969 Ber-n.
1068 2915 1256 2985 Lamy
1299 2929 1400 2969 suo
1453 2916 1743 2985 Apparatu
1792 2912 1995 2969 biblico
2032 2927 2095 2969 ac
2132 2912 2457 2983 praesertim
2500 2929 2667 2985 opere

169 3010 240 3051 suo
257 3000 542 3068 posthumo
567 3021 592 3051 α
613 3000 683 3057 de
707 2998 1069 3058 tabernaculo
1098 3000 1351 3071 foederiS‚
1376 3000 1446 3057 de
1465 3000 1688 3057 civitate
1713 3001 2013 3057 Ierusalem
2038 3008 2093 3056 et
2117 3000 2187 3056 de
2204 3001 2411 3071 templo
2433 3022 2485 3056 o.
2513 3004 2666 3057 Inte-

169 3098 286 3153 gram
313 3087 422 3145 fere
451 3090 742 3145 historiam
777 3096 834 3145 et
864 3088 1314 3161 archaeologiam
1346 3105 1563 3145 sacram
1598 3090 1906 3161 Utriusque
1930 3092 2077 3144 Test.
2108 3089 2296 3145 multis
2324 3088 2664 3145 dissertatio-

169 3170 293 3227 nibus
317 3177 568 3247 exposuit
591 3180 732 3233 Nat.
758 3176 1110 3232 Alexander
1131 3178 1188 3232 in
1209 3193 1310 3233 sua
1337 3176 1585 3233 Historia
1616 3176 2011 3243 ecclesiastica3
2042 3180 2328 3233 Erasmus
2356 3177 2667 3234 Froelzh‘cli

168 3269 310 3316 autern
353 3274 406 3319 et
443 3267 560 3320 Ios.
605 3263 783 3320 Khelc
828 3264 1006 3321 solam
1048 3264 1338 3321 historiam
1379 3266 1646 3334 temporis
1686 3265 2033 3321 machabaici
2067 3264 2231 3319 editis
2278 3273 2335 3320 et
2376 3264 2667 3321 vindicatis

173 3364 188 3393 ι
209 3351 484 3408 Annalibus
506 3367 704 3425 regum
729 3361 785 3407 et
809 3368 998 3408 rerum
1025 3353 1215 3426 Syriae
1243 3374 1268 3405 o
1304 3351 1702 3409 dilucidarunt.

218 3436 286 3491 Ad
313 3438 596 3497 historiam
625 3440 926 3496 literariam
951 3439 1263 3497 studiorum
1295 3442 1825 3511 scripturisticorum
1867 3440 2016 3513 quod
2042 3442 2267 3511 attinet,
2299 3441 2410 3498 lul.
2447 3446 2665 3498 Barto-

171 3520 272 3577 Ioco·
299 3534 349 3581 et
386 3532 446 3585 C.
485 3530 535 3585 1.
560 3528 908 3585 Imbonatus
939 3548 965 3579 α
995 3528 1398 3585 Bibliothecam
1425 3544 1690 3596 magnam
1728 3528 2073 3585 rabbinicam
2110 3528 2181 3584 de
2219 3528 2580 3600 scriptoribus
2612 3540 2669 3585 et

171 3610 341 3683 seriptis
372 3614 640 3673 hebraicis
668 3637 695 3668 ιο
721 3615 1032 3685 ediderunt,
1063 3617 1152 3673 cui
1175 3617 1380 3673 multas
1402 3616 1813 3673 dissertationes
1842 3617 1911 3672 de
1940 3616 2171 3673 historia
2197 3625 2253 3673 et
2276 3616 2664 3690 archaeologia

172 3708 289 3755 sacra
324 3702 694 3774 inseruerunt3
719 3702 867 3761 Lud.
894 3704 1084 3761 Ellies
1105 3708 1332 3779 nupia,
1359 3704 1446 3760 vir
1475 3703 1725 3761 eruditus
1750 3704 1848 3760 sed
1880 3720 1997 3760 non
2019 3705 2407 3761 immaculatae
2430 3705 2578 3774 fidei,
2610 3706 2665 3760 in

269 3790 656 3849 -Bibliotheea
697 3800 989 3849 auctorum
1027 3792 1533 3850 ecclesiasticorum
1555 3812 1581 3844 n
1614 3791 1733 3848 fuse
1776 3793 1893 3865 agit
1934 3793 2003 3848 de
2045 3792 2459 3863 Scripturarum
2491 3792 2667 3847 inter-

179 3874 397 3949 omibus,
423 3880 734 3936 accuratius
771 3862 980 3936 autem'
999 3880 1149 3937 idem
1182 3889 1575 3954 argumentum
1608 3880 1870 3936 tractavit
1893 3884 2017 3936 Iac.
2043 3880 2259 3952 Lelony
2294 3880 2354 3935 in
2388 3896 2485 3934 sua
2522 3900 2547 3930 a
2572 3880 2635 3933 Bi

183 3956 400 4022 bliotheca
432 3982 590 4025 sacra
624 3990 650 4022 ι
686 3984 803 4024 non
825 3976 1044 4024 tantum
1070 3985 1292 4039 omnes,
1322 3985 1459 4041 quas
1492 3984 1827 4042 cognoscere
1860 3968 2073 4041 potuit,
2100 3968 2513 4039 scripturarum
2545 3966 2665 4022 edi-

181 4045 316 4107 tiones
341 4069 664 4113 enumerans
696 4065 753 4113 et
785 4056 1104 4113 describens
1139 4054 1238 4113 sed
1272 4058 1441 4113 etiam
1473 4056 1791 4129 catalogum
1824 4057 2091 4113 exbibens
2122 4070 2353 4127 operum
2370 4097 2383 4122 ‚
2421 4069 2561 4126 quae
2594 4054 2665 4109 ad

185 4134 270 4191 eius
297 4155 456 4215 usque
497 4152 736 4201 aetatem
783 4143 856 4202 de
904 4145 1204 4218 Scripturis
1245 4144 1392 4201 edita
1427 4156 1576 4201 sunt.
1626 4146 1785 4214 Quod
1824 4160 1965 4216 opus
2011 4145 2130 4200 eius
2186 4142 2488 4212 discipulus
2530 4142 2659 4198 Nic.

187 4221 442 4286 Desmolets
462 4248 577 4289 non
609 4248 808 4304 parum
839 4232 1022 4302 auxit3
1046 4234 1288 4305 priorem
1313 4241 1500 4289 autem
1527 4240 1743 4303 partem
1762 4233 1999 4305 scriptor
2025 4229 2466 4302 protestanticus‚
2492 4232 2565 4284 A.
2591 4233 2659 4285 G.

187 4308 353 4383 ΜᾱεοΙι,
377 4320 528 4375 novis
553 4320 702 4376 curis
723 4320 998 4393 supplevit
1028 4321 1164 4377 etin
1187 4320 1477 4377 meliorem
1502 4320 1757 4377 ordinem
1782 4320 2018 4392 redegit.

245 4454 290 4511 3-
309 4490 374 4501 -
397 4460 580 4523 Tertii
597 4463 842 4539 saeculi,
865 4464 1037 4541 quod
1057 4467 1200 4543 post
1219 4464 1470 4525 finitum
1490 4464 1675 4525 Gonc.
1704 4463 2141 4523 Tridentinum
2164 4460 2405 4523 effluxit
2430 4461 2662 4539 (1760.-

190 4544 365 4650 ¹3⁶⁰&
395 4558 561 4634 prior
587 4576 731 4636 pars
758 4576 889 4620 non
917 4558 1262 4620 admodum
1293 4559 1490 4620 multa
1515 4559 1595 4619 ad
1626 4562 1978 4637 profectum
2010 4557 2367 4618 studiorum
2398 4556 2662 4632 scriptu-

187 4644 487 4713 nsticorum
517 4655 802 4716 eontulit.
836 4658 926 4717 De
959 4656 1176 4717 critica
1206 4672 1376 4717 sacra
1405 4660 1619 4716 tamen
1652 4673 1728 4715 eo
1756 4658 2042 4733 tempore
2073 4656 2233 4715 bene
2272 4652 2485 4714 meriti
2516 4658 2660 4712 sunt
