3050 5184
392 307 509 365 454
588 320 663 366 DE
694 320 833 365 Novl
870 322 1033 365 TEST.
1067 320 1265 365 Limus
1293 318 1635 363 msromms.
1669 334 1748 346 ·-
1779 317 1908 361 CAP.
1942 318 1988 361 1.
2022 316 2096 361 DE
2123 314 2467 359 Evauessms
2495 310 2824 357 sYNoPncls.

388 452 497 507 mis
522 462 577 507 et
612 453 669 507 in
695 451 899 508 Iudaea
928 450 1103 525 magis
1138 450 1381 523 respicit.
1413 452 1478 507 In
1505 450 1672 507 rebus
1700 456 1888 506 autem
1917 446 2184 521 galilaicis
2211 443 2513 503 referendis
2540 443 2642 499 tria
2677 444 2744 499 ita
2769 456 2878 497 con-

388 548 613 608 sonant,
650 548 713 595 ut
748 554 943 596 eorum
973 539 1323 596 narrationes
1354 538 1511 610 quasi
1550 553 1660 593 uno
1699 545 2000 609 conspectu
2029 534 2260 607 (ὠνοψις)
2303 532 2463 589 facile
2507 540 2879 603 proponantur,

388 637 724 699 quapropter
770 628 1209 699 synopticorum
1253 626 1704 695 Evangeliorum
1737 638 1941 680 nomen
1983 632 2098 679 tres
2144 623 2355 692 priores
2381 620 2566 677 sortiti
2605 627 2728 675 sunt
2757 615 2881 673 libri.

390 714 565 770 Iidem
594 724 809 783 autem,
843 716 927 770 uti
954 722 1103 771 recte
1129 714 1241 769 iam
1267 722 1604 769 monuerunt
1623 715 1815 768 Patres
1843 712 2047 777 (Clem.
2078 710 2250 767 Alex.
2282 707 2432 780 apud
2456 710 2592 764 Rus.
2625 708 2700 763 11.
2729 708 2784 761 E.
2803 704 2884 758 Vl.

395 808 491 869 1⁴3
523 803 582 858 S.
616 807 771 875 Auq.
804 802 873 858 dc
901 804 1065 858 Cons.
1098 803 1307 873 Evang.
1341 804 1386 856 Ι.
1417 806 1471 855 4.
1507 805 1562 868 5)
1600 800 1669 855 de
1693 798 2038 856 humanitate
2064 796 2314 863 Domini,
2339 805 2573 868 quartus
2599 794 2672 850 de
2693 794 2802 850 eius
2825 790 2886 845 di·

390 890 616 945 vinitate
644 889 822 962 magis
849 897 1039 961 agunt.
1072 888 1205 945 Ideo
1232 903 1337 944 nos
1365 903 1586 960 quoque
1615 888 1670 942 in
1693 886 1800 942 hac
1825 885 2207 942 dissertatione
2238 900 2334 939 eos
2381 882 2589 939 arctius
2615 882 2888 947 coniunge·

386 991 509 1031 mus
538 986 703 1048 atque
742 976 981 1049 primum
1019 976 1089 1031 de
1129 974 1439 1048 Evangeliis
1474 974 1772 1047 synopticis
1809 973 2070 1045 singulis,
2106 971 2307 1028 deinde
2337 970 2408 1026 de
2447 985 2648 1025 eorum
2677 969 2813 1025 inter
2844 980 2889 1020 se

386 1064 653 1120 affinitate
681 1073 845 1135 atque
872 1063 1101 1120 demum
1128 1062 1197 1119 de
1225 1072 1426 1136 quarto
1454 1062 1682 1133 eiusque
1708 1060 1781 1117 ad
1809 1060 1992 1133 priora
2023 1060 2295 1117 relatione
2327 1058 2601 1114 dicemus.

1456 1422 1754 1491 CAPUT
1803 1422 1858 1488 Ῑ.

922 1648 1015 1699 DE
1056 1630 1498 1699 EVANGELIIS
1541 1646 1978 1699 SYNOPTICIS
2022 1644 2388 1697 SINGULIS.

824 1846 865 1934 ξ
894 1852 957 1912 2.
993 1885 1079 1895 —
1106 1849 1201 1912 De
1230 1846 1598 1935 Evanqelz’o
1635 1844 2005 1913 secundum
2033 1845 2478 1911 Matthaeum.

1160 2066 1429 2123 Quaasrro
1453 2066 1497 2113 1.
1515 2090 1579 2102 -
1605 2065 1680 2113 De
1707 2066 1758 2115 S.
1783 2066 2024 2113 Matthaei
2043 2065 2164 2113 vita.

466 2242 524 2301 1.
556 2274 634 2285 -
662 2240 1042 2315 MatthaeuS,
1072 2242 1181 2319 qui
1210 2242 1334 2302 alio
1360 2242 1621 2301 nomine
1649 2241 1797 2302 Levi
1829 2242 1998 2302 filius
2027 2239 2288 2318 Alphaei
2319 2238 2776 2316 appellabatur,
2807 2235 2897 2294 Ca-

387 2337 755 2415 pharnaumi
787 2354 1049 2398 munere
1081 2338 1407 2415 publicani
1434 2338 1826 2416 fungebatur,
1859 2342 2196 2415 antequam
2222 2354 2259 2395 a
2295 2335 2567 2395 Domino
2607 2339 2680 2395 ut
2716 2334 2900 2410 ipsum

387 2436 757 2511 sequeretur
782 2437 876 2493 est
905 2432 1225 2495 invitatus.
1253 2434 1582 2497 vocationi
1615 2434 1969 2511 obsequens
1997 2432 2237 2493 telonio
2267 2431 2480 2493 statim
2507 2430 2736 2492 relicto
2764 2430 2902 2487 inter

387 2529 721 2607 Apostolos
749 2529 1199 2591 adnumeratus
1232 2536 1346 2590 est.
1379 2531 1467 2590 De
1498 2531 1747 2607 reliqua
1776 2531 1911 2590 eius
1939 2530 2066 2589 vita
2095 2529 2251 2590 certi
2281 2527 2436 2587 nihil
2475 2527 2540 2586 in
2583 2522 2901 2605 Scripturis

388 2630 484 2687 est
509 2625 813 2687 traditum
844 2630 1095 2705 praeter
1123 2644 1195 2687 ea
1212 2671 1225 2697 ,
1253 2643 1413 2703 quae
1444 2626 1522 2686 de
1550 2628 1843 2687 omnibus
1873 2625 2187 2705 Apostolis
2217 2626 2283 2685 in
2303 2623 2662 2701 Evangeliis
2689 2623 2784 2683 vel
2813 2622 2904 2680 Ac·

386 2723 553 2783 tibus
590 2727 948 2809 narrantum
980 2726 1167 2800 atque
1216 2723 1327 2783 illa
1374 2740 1652 2800 quoque,
1687 2739 1848 2799 quae
1893 2741 1930 2782 a
1970 2721 2260 2783 Patribus
2307 2721 2692 2794 reseruntur,
2725 2715 2902 2795 magis

386 2818 664 2879 minusve
694 2820 932 2881 incerta
960 2823 1129 2893 sunt,
1160 2825 1604 2897 praeterquam
1635 2818 1802 2895 quod
1832 2816 2018 2897 primi
2051 2817 2370 2896 Evangelii
2401 2822 2498 2877 est
2524 2822 2765 2879 auctor.

452 2930 599 2999 Quin
622 2931 817 2989 eadem
844 2932 917 2987 sit
943 2947 1209 3003 persona,
1232 2933 1387 2989 cuius
1418 2932 1633 2987 vocatio
1658 2949 1691 2988 a
1711 2931 1928 2988 Matth.
1953 2938 2048 2997 9,9
2076 2940 2242 3003 atque
2265 2947 2298 2986 a
2327 2934 2513 2986 Marc.
2540 2936 2674 2995 2,ι4
2703 2939 2758 2987 et
2787 2934 2899 2984 Lac.

386 3024 512 3087 5,2⁷
540 3028 821 3088 narratur,
851 3018 1083 3075 dubium
1119 3036 1233 3075 non
1272 3027 1356 3075 est
1390 3029 1687 3091 utramque
1719 3019 2044 3075 relationem
2081 3018 2455 3089 comparanti,
2487 3017 2624 3073 licet
2660 3020 2720 3075 in
2747 3018 2905 3089 priore

386 3105 719 3175 Matthaeus,
740 3106 802 3161 in
819 3107 991 3163 altera
1016 3106 1152 3162 Levi
1172 3107 1519 3175 nominetur,
1543 3106 1854 3163 binomines
1873 3108 2020 3163 enim
2043 3107 2206 3161 multi
2233 3104 2424 3161 Iudaei
2444 3105 2696 3163 fuerunt.
2723 3107 2906 3161 Utrum

386 3202 571 3250 autem
618 3193 946 3265 publicanus
986 3194 1099 3250 iam
1139 3202 1267 3250 ante
1298 3195 1642 3250 vocationem
1683 3210 1842 3250 suam
1879 3203 2178 3266 utrumque
2215 3209 2420 3249 nomen
2457 3194 2728 3265 gesserit,
2763 3208 2830 3247 an
2860 3191 2906 3243 in

386 3288 689 3345 vocationis
715 3290 1046 3345 memoriam
1074 3304 1278 3344 nomen
1307 3289 1580 3344 Matthaei
1610 3290 1884 3355 (Μαθθαῖος
1917 3289 2001 3344 vel
2028 3288 2284 3350 Ματθαῖος
2313 3312 2386 3335 =
2423 3296 2548 3367 ’ξφ
2579 3308 2662 3337 =
2697 3292 2906 3375 Πζξῌζῖ,

388 3402 608 3458 donum
636 3403 883 3459 Domini
912 3403 950 3458 i.
983 3420 1037 3475 q.
1074 3402 1343 3473 Θεοδῶρος,
1377 3403 1738 3471 Adeodatus)
1769 3418 1801 3459 a
1831 3401 2074 3459 Domino
2112 3402 2388 3475 acceperit
2421 3404 2509 3458 vel
2549 3404 2676 3475 ipse
2715 3415 2906 3459 assum-

386 3490 547 3554 serit,
574 3489 850 3545 incertum
872 3500 970 3547 est.
1001 3491 1275 3559 Quoniam
1303 3490 1580 3562 publicani
1605 3490 1676 3546 ob
1700 3506 1829 3547 suas
1852 3491 2166 3547 exactiones
2191 3490 2414 3546 Iudaeis
2439 3491 2514 3545 ita
2539 3501 2704 3548 erant
2731 3488 2906 3550 odiosi,

386 3586 447 3632 ut
479 3577 861 3648 peccatoribus
889 3586 946 3633 et
982 3577 1219 3634 ethnicis
1247 3578 1764 3649 aequiparat-entur,
1798 3587 1946 3635 recte
1973 3586 2309 3635 monuerunt
2335 3580 2554 3647 PatreS,
2587 3581 2842 3635 Marcum
2865 3584 2908 3629 et

384 3664 592 3720 Lucam
628 3682 653 3716 c
686 3674 915 3737 propter
946 3665 1341 3722 verecundiam
1370 3675 1426 3721 et
1462 3665 1735 3722 honorem
1770 3666 2043 3723 Matthaei
2088 3686 2113 3718 ι»
2155 3682 2283 3722 eum
2311 3666 2538 3721 nomine
2569 3668 2796 3739 vulgato
2823 3678 2907 3731 ap-

385 3753 589 3824 pellare
612 3752 854 3809 noluisse
868 3796 883 3824 ,
905 3751 1005 3810 sed
1024 3768 1153 3810 eum
1170 3754 1393 3809 nomine
1418 3753 1601 3809 minus
1625 3754 1847 3825 cognito
1871 3754 2002 3809 Levi
2021 3754 2345 3826 appellasse,
2373 3754 2730 3811 Matthaeum
2747 3755 2908 3824 ipsum

384 3848 569 3897 autem
591 3841 663 3895 ob
688 3839 1063 3897 humilitatem
1090 3850 1147 3897 et
1165 3840 1509 3897 Matthaeum
1534 3850 1590 3897 et
1605 3840 1961 3914 publicanum
1977 3857 2098 3898 sese
2114 3841 2319 3899 dixisse
2334 3846 2498 3909 (Eus.
2526 3845 2698 3898 Dem.
2729 3853 2905 3909 evang.

386 3930 488 3983 111.
518 3934 581 3994 53
614 3928 672 3983 S.
704 3929 871 3983 Hier.
905 3930 971 3985 ln
994 3928 1197 3985 Matth.
1228 3935 1321 3998 9,9
1346 3934 1504 3996 etc.);
1539 3930 1610 3985 ob
1639 3927 1876 3985 eandem
1909 3932 2132 4002 quoque
2163 3929 2533 3985 humilitatem
2566 3929 2677 3985 sibi
2699 3930 2757 3984 in
2782 3932 2908 3997 Apo·

384 4015 656 4070 stolorum
692 4017 944 4089 catalogo
972 4026 1230 4073 octavum
1262 4016 1453 4073 locum
1480 4016 1734 4072 attribuit
1762 4016 1998 4083 (Matth.
2035 4022 2202 4087 10‚3),
2236 4016 2370 4073 dum
2407 4017 2610 4089 reliqui
2637 4032 2767 4073 eum
2796 4030 2906 4084 sep-

378 4102 515 4156 timo
562 4102 620 4158 in
662 4102 786 4159 loco
832 4114 959 4160 ante
1004 4104 1282 4161 Thomam
1327 4112 1542 4176 ponunt
1589 4106 1793 4171 (Marc.
1844 4109 1999 4172 3,18;
2051 4110 2187 4161 Luc.
2243 4110 2400 4175 6‚15;
2443 4104 2528 4160 cfr
2567 4108 2704 4161 Eas.
2746 4103 2786 4159 l.
2823 4106 2904 4165 c.,¹.

381 4188 435 4245 S.
468 4190 691 4245 Marcus
732 4191 1077 4248 Matthaeum
1119 4192 1285 4263 (Levi)
1331 4190 1505 4247 filium
1551 4192 1739 4248 scribit
1776 4192 2040 4263 Alphaei;
2077 4191 2228 4248 unde
2265 4208 2394 4249 cum
2428 4194 2485 4249 S.
2527 4192 2906 4266 chrysostomo

384 4277 460 4343 (in
490 4277 690 4333 Matth.
724 4278 875 4335 hom.
915 4282 1059 4350 323)
1095 4280 1349 4336 nonnulli
1376 4296 1503 4335 eum
1532 4282 1589 4337 S.
1623 4280 1810 4336 Iacobi
1839 4280 1974 4337 Min.
2014 4278 2242 4337 fratrem
2280 4280 2446 4337 fuisse
2473 4280 2728 4337 arbitrati
2763 4286 2903 4335 sunt:

384 4372 773 4435 argumentum
802 4376 989 4423 autem
1013 4368 1133 4424 leve
1160 4376 1260 4425 est.
1287 4368 1507 4423 Etenim
1535 4367 1770 4440 Alphaei
1792 4383 1999 4423 nomen
2021 4368 2168 4423 inter
2193 4367 2430 4424 Iudaeos
2452 4378 2568 4424 tam
2595 4384 2785 4424 rarum
2807 4380 2906 4420 non

384 4449 507 4518 fuit,
538 4460 601 4506 ut
626 4452 725 4508 ino
752 4453 872 4511 solo
910 4454 1213 4527 quidquam
1249 4454 1690 4523 demonstretur3
1723 4455 1938 4512 accedit
1973 4464 2191 4525 autem,
2225 4455 2377 4528 quod
2419 4456 2652 4513 Iacobus
2688 4450 2904 4526 Alphaei

386 4553 453 4593 ex
480 4538 590 4593 illis
616 4540 717 4608 sit,
750 4542 845 4613 qui
869 4542 1033 4598 titulo
1064 4563 1089 4593 α
1116 4542 1349 4599 fratrum
1378 4544 1605 4599 Domini
1633 4565 1659 4595 ι»
1693 4542 2066 4616 insigniuntur
2089 4542 2194 4611 (cfr
2218 4544 2551 4601 Diss.V111.
2583 4548 2612 4613 ς
2639 4550 2748 4611 19),
2773 4544 2904 4597 Mat-

385 4622 585 4679 thaeus
613 4635 799 4682 autem
822 4644 1097 4700 nusquam
1127 4629 1272 4685 inter
1298 4630 1422 4686 illos
1450 4640 1822 4687 recenseatur.
