<?xml version="1.0" encoding="UTF-8"?>
<!DOCTYPE html PUBLIC "-//W3C//DTD XHTML 1.0 Transitional//EN"
    "http://www.w3.org/TR/xhtml1/DTD/xhtml1-transitional.dtd">
<html xmlns="http://www.w3.org/1999/xhtml" xml:lang="en" lang="en">
 <head>
  <title>
</title>
<meta http-equiv="Content-Type" content="text/html;charset=utf-8" />
  <meta name='ocr-system' content='tesseract 3.04.00' />
  <meta name='ocr-capabilities' content='ocr_page ocr_carea ocr_par ocr_line ocrx_word'/>
</head>
<body>
  <div class='ocr_page' id='page_1' title='image "./historicaeetcri00corngoog_0476.png"; bbox 0 0 3050 5184; ppageno 0'>
   <div class='ocr_carea' id='block_1_1' title="bbox 427 315 2902 373">
    <p class='ocr_par' dir='ltr' id='par_1_1' title="bbox 427 315 2902 373">
     <span class='ocr_line' id='line_1_1' title="bbox 427 315 2902 373; baseline -0.002 -1"><span class='ocrx_word' id='word_1_1' title='bbox 427 315 542 372; x_wconf 72' lang='grc'><strong>466</strong></span> <span class='ocrx_word' id='word_1_2' title='bbox 586 329 659 372; x_wconf 82' lang='lat' dir='ltr'><strong>DE</strong></span> <span class='ocrx_word' id='word_1_3' title='bbox 703 327 843 371; x_wconf 77' lang='lat' dir='ltr'><strong>Novt</strong></span> <span class='ocrx_word' id='word_1_4' title='bbox 889 326 1058 372; x_wconf 73' lang='lat' dir='ltr'><strong>TEST.</strong></span> <span class='ocrx_word' id='word_1_5' title='bbox 1107 326 1291 370; x_wconf 75' lang='lat' dir='ltr'><strong>unlus</strong></span> <span class='ocrx_word' id='word_1_6' title='bbox 1335 326 1685 371; x_wconf 70' lang='lat' dir='ltr'><strong>nistromcls.</strong></span> <span class='ocrx_word' id='word_1_7' title='bbox 1716 343 1795 354; x_wconf 89' lang='grc'><strong>--</strong></span> <span class='ocrx_word' id='word_1_8' title='bbox 1823 327 1952 370; x_wconf 78' lang='lat' dir='ltr'><strong>CAP.</strong></span> <span class='ocrx_word' id='word_1_9' title='bbox 1991 328 2033 370; x_wconf 91' lang='lat'><strong>1.</strong></span> <span class='ocrx_word' id='word_1_10' title='bbox 2080 327 2154 372; x_wconf 77' lang='lat' dir='ltr'><strong>DE</strong></span> <span class='ocrx_word' id='word_1_11' title='bbox 2196 327 2543 373; x_wconf 73' lang='lat' dir='ltr'>EVANGELIIS</span> <span class='ocrx_word' id='word_1_12' title='bbox 2581 329 2902 372; x_wconf 79' lang='lat' dir='ltr'><strong>SYNOPTlClS.</strong></span> 
     </span>
    </p>
   </div>
   <div class='ocr_carea' id='block_1_2' title="bbox 417 456 2919 1843">
    <p class='ocr_par' dir='ltr' id='par_1_2' title="bbox 494 456 2913 706">
     <span class='ocr_line' id='line_1_2' title="bbox 494 456 2907 530; baseline -0 -15"><span class='ocrx_word' id='word_1_13' title='bbox 494 465 546 515; x_wconf 85' lang='lat'><strong>5.</strong></span> <span class='ocrx_word' id='word_1_14' title='bbox 573 461 682 514; x_wconf 91' lang='lat' dir='ltr'><strong>Pro</strong></span> <span class='ocrx_word' id='word_1_15' title='bbox 712 459 875 514; x_wconf 87' lang='lat' dir='ltr'><strong>huius</strong></span> <span class='ocrx_word' id='word_1_16' title='bbox 899 459 1074 529; x_wconf 89' lang='lat' dir='ltr'><strong>partis</strong></span> <span class='ocrx_word' id='word_1_17' title='bbox 1101 458 1456 514; x_wconf 86' lang='lat' dir='ltr'><strong>conclusione</strong></span> <span class='ocrx_word' id='word_1_18' title='bbox 1483 456 1597 513; x_wconf 89' lang='lat' dir='ltr'><strong>duo</strong></span> <span class='ocrx_word' id='word_1_19' title='bbox 1626 457 1772 513; x_wconf 78' lang='lat' dir='ltr'><strong>facta</strong></span> <span class='ocrx_word' id='word_1_20' title='bbox 1800 457 1991 525; x_wconf 77' lang='lat' dir='ltr'><strong>refert,</strong></span> <span class='ocrx_word' id='word_1_21' title='bbox 2025 458 2223 530; x_wconf 87' lang='lat' dir='ltr'><strong>quibus</strong></span> <span class='ocrx_word' id='word_1_22' title='bbox 2252 459 2451 526; x_wconf 85' lang='lat' dir='ltr'><strong>elucet,</strong></span> <span class='ocrx_word' id='word_1_23' title='bbox 2480 475 2582 515; x_wconf 91' lang='lat' dir='ltr'><strong>nec</strong></span> <span class='ocrx_word' id='word_1_24' title='bbox 2608 460 2813 516; x_wconf 86' lang='lat' dir='ltr'><strong>Domini</strong></span> <span class='ocrx_word' id='word_1_25' title='bbox 2834 475 2907 514; x_wconf 86' lang='lat' dir='ltr'><strong>sa·</strong></span> 
     </span>
     <span class='ocr_line' id='line_1_3' title="bbox 672 545 2913 618; baseline -0.002 -16"><span class='ocrx_word' id='word_1_26' title='bbox 672 547 934 618; x_wconf 82' lang='lat' dir='ltr'><strong>pientiam</strong></span> <span class='ocrx_word' id='word_1_27' title='bbox 959 547 1240 618; x_wconf 80' lang='lat' dir='ltr'>cognitam</span> <span class='ocrx_word' id='word_1_28' title='bbox 1287 561 1390 602; x_wconf 91' lang='lat' dir='ltr'><strong>nec</strong></span> <span class='ocrx_word' id='word_1_29' title='bbox 1432 545 1551 602; x_wconf 88' lang='lat' dir='ltr'><strong>eius</strong></span> <span class='ocrx_word' id='word_1_30' title='bbox 1580 546 1848 600; x_wconf 89' lang='lat' dir='ltr'><strong>miracula</strong></span> <span class='ocrx_word' id='word_1_31' title='bbox 1887 546 2072 618; x_wconf 82' lang='lat' dir='ltr'><strong>agnita</strong></span> <span class='ocrx_word' id='word_1_32' title='bbox 2112 546 2387 616; x_wconf 80' lang='lat' dir='ltr'><strong>sufficere,</strong></span> <span class='ocrx_word' id='word_1_33' title='bbox 2422 555 2487 602; x_wconf 87' lang='lat' dir='ltr'><strong>ut</strong></span> <span class='ocrx_word' id='word_1_34' title='bbox 2513 547 2706 618; x_wconf 82' lang='lat' dir='ltr'><strong>aliquis</strong></span> <span class='ocrx_word' id='word_1_35' title='bbox 2740 546 2791 602; x_wconf 87' lang='lat' dir='ltr'><strong>in</strong></span> <span class='ocrx_word' id='word_1_36' title='bbox 2815 547 2913 600; x_wconf 79' lang='lat' dir='ltr'><strong>eius</strong></span> 
     </span>
     <span class='ocr_line' id='line_1_4' title="bbox 669 634 1530 706; baseline -0.003 -16"><span class='ocrx_word' id='word_1_37' title='bbox 669 649 899 706; x_wconf 82' lang='lat' dir='ltr'><strong>regnum</strong></span> <span class='ocrx_word' id='word_1_38' title='bbox 924 634 1092 690; x_wconf 81' lang='lat' dir='ltr'><strong>intret</strong></span> <span class='ocrx_word' id='word_1_39' title='bbox 1117 637 1530 702; x_wconf 79' lang='grc'><strong>(13,53-14,12).</strong></span> 
     </span>
    </p>

    <p class='ocr_par' dir='ltr' id='par_1_3' title="bbox 417 720 2914 968">
     <span class='ocr_line' id='line_1_5' title="bbox 495 720 2914 795; baseline 0 -20"><span class='ocrx_word' id='word_1_40' title='bbox 495 723 648 778; x_wconf 70' lang='lat' dir='ltr'><strong>PARS</strong></span> <span class='ocrx_word' id='word_1_41' title='bbox 677 737 902 778; x_wconf 68' lang='lat' dir='ltr'><strong>‘remu</strong></span> <span class='ocrx_word' id='word_1_42' title='bbox 929 725 1328 789; x_wconf 53' lang='lat' dir='ltr'><strong>(uda-20:28)</strong></span> <span class='ocrx_word' id='word_1_43' title='bbox 1355 721 1628 776; x_wconf 80' lang='lat' dir='ltr'><strong>maxime</strong></span> <span class='ocrx_word' id='word_1_44' title='bbox 1650 721 1785 792; x_wconf 75' lang='lat' dir='ltr'><strong>aqit</strong></span> <span class='ocrx_word' id='word_1_45' title='bbox 1805 720 1881 776; x_wconf 88' lang='lat' dir='ltr'><strong>de</strong></span> <span class='ocrx_word' id='word_1_46' title='bbox 1906 737 2053 776; x_wconf 75' lang='lat' dir='ltr'><strong>novo</strong></span> <span class='ocrx_word' id='word_1_47' title='bbox 2071 737 2245 794; x_wconf 73' lang='lat' dir='ltr'><strong>reqno</strong></span> <span class='ocrx_word' id='word_1_48' title='bbox 2269 721 2584 795; x_wconf 78' lang='lat' dir='ltr'><strong>fundando</strong></span> <span class='ocrx_word' id='word_1_49' title='bbox 2607 727 2661 777; x_wconf 85' lang='lat' dir='ltr'><strong>et</strong></span> <span class='ocrx_word' id='word_1_50' title='bbox 2684 721 2756 777; x_wconf 83' lang='lat' dir='ltr'><strong>de</strong></span> <span class='ocrx_word' id='word_1_51' title='bbox 2780 727 2914 792; x_wconf 79' lang='lat' dir='ltr'><strong>Apo-</strong></span> 
     </span>
     <span class='ocr_line' id='line_1_6' title="bbox 417 807 2913 881; baseline -0 -19"><span class='ocrx_word' id='word_1_52' title='bbox 417 810 722 876; x_wconf 78' lang='lat' dir='ltr'><em>stolorum,</em></span> <span class='ocrx_word' id='word_1_53' title='bbox 743 811 848 880; x_wconf 80' lang='lat' dir='ltr'><strong>qui</strong></span> <span class='ocrx_word' id='word_1_54' title='bbox 864 807 1106 881; x_wconf 73' lang='lat' dir='ltr'><strong>futurae</strong></span> <span class='ocrx_word' id='word_1_55' title='bbox 1123 809 1423 864; x_wconf 74' lang='lat' dir='ltr'><strong><em>Ecclesiae</em></strong></span> <span class='ocrx_word' id='word_1_56' title='bbox 1433 807 1749 877; x_wconf 73' lang='lat' dir='ltr'><em>praesides</em></span> <span class='ocrx_word' id='word_1_57' title='bbox 1767 813 1941 864; x_wconf 77' lang='lat' dir='ltr'><strong>erant</strong></span> <span class='ocrx_word' id='word_1_58' title='bbox 1956 809 2260 879; x_wconf 78' lang='lat' dir='ltr'><strong>destinati,</strong></span> <span class='ocrx_word' id='word_1_59' title='bbox 2280 809 2365 864; x_wconf 85' lang='lat' dir='ltr'><strong>ad</strong></span> <span class='ocrx_word' id='word_1_60' title='bbox 2386 826 2596 866; x_wconf 75' lang='lat' dir='ltr'><strong>munus</strong></span> <span class='ocrx_word' id='word_1_61' title='bbox 2617 807 2722 864; x_wconf 72' lang='lat' dir='ltr'><strong>lioc</strong></span> <span class='ocrx_word' id='word_1_62' title='bbox 2738 807 2913 864; x_wconf 70' lang='lat' dir='ltr'><strong>obeun-</strong></span> 
     </span>
     <span class='ocr_line' id='line_1_7' title="bbox 417 896 1081 968; baseline 0.002 -18"><span class='ocrx_word' id='word_1_63' title='bbox 417 896 561 951; x_wconf 80' lang='lat' dir='ltr'><strong>dum</strong></span> <span class='ocrx_word' id='word_1_64' title='bbox 579 897 1081 968; x_wconf 77' lang='lat' dir='ltr'><strong><em>praeparatione.</em></strong></span> 
     </span>
    </p>

    <p class='ocr_par' dir='ltr' id='par_1_4' title="bbox 491 982 2919 1314">
     <span class='ocr_line' id='line_1_8' title="bbox 491 982 2919 1058; baseline 0 -21"><span class='ocrx_word' id='word_1_65' title='bbox 491 990 540 1037; x_wconf 91' lang='lat'><strong>1.</strong></span> <span class='ocrx_word' id='word_1_66' title='bbox 574 985 653 1038; x_wconf 91' lang='lat' dir='ltr'><strong>Ut</strong></span> <span class='ocrx_word' id='word_1_67' title='bbox 686 999 833 1038; x_wconf 86' lang='lat' dir='ltr'><strong>novo</strong></span> <span class='ocrx_word' id='word_1_68' title='bbox 861 985 1078 1039; x_wconf 89' lang='lat' dir='ltr'><strong>muneri</strong></span> <span class='ocrx_word' id='word_1_69' title='bbox 1105 992 1264 1054; x_wconf 88' lang='lat' dir='ltr'><strong>aptos</strong></span> <span class='ocrx_word' id='word_1_70' title='bbox 1292 999 1387 1038; x_wconf 91' lang='lat' dir='ltr'><strong>eos</strong></span> <span class='ocrx_word' id='word_1_71' title='bbox 1411 982 1640 1050; x_wconf 88' lang='lat' dir='ltr'><strong>reddat,</strong></span> <span class='ocrx_word' id='word_1_72' title='bbox 1674 985 1829 1038; x_wconf 88' lang='lat' dir='ltr'><strong>Iesus</strong></span> <span class='ocrx_word' id='word_1_73' title='bbox 1856 983 2157 1055; x_wconf 77' lang='lat' dir='ltr'><strong>Apostolos</strong></span> <span class='ocrx_word' id='word_1_74' title='bbox 2188 983 2407 1040; x_wconf 85' lang='lat' dir='ltr'><strong>duobus</strong></span> <span class='ocrx_word' id='word_1_75' title='bbox 2430 985 2647 1058; x_wconf 81' lang='lat' dir='ltr'><strong>magnis</strong></span> <span class='ocrx_word' id='word_1_76' title='bbox 2670 983 2919 1040; x_wconf 79' lang='lat' dir='ltr'><strong>miraculis</strong></span> 
     </span>
     <span class='ocr_line' id='line_1_9' title="bbox 667 1069 2913 1144; baseline 0 -19"><span class='ocrx_word' id='word_1_77' title='bbox 667 1069 914 1138; x_wconf 83' lang='lat' dir='ltr'><strong>adducit,</strong></span> <span class='ocrx_word' id='word_1_78' title='bbox 937 1079 998 1126; x_wconf 91' lang='lat' dir='ltr'><strong>ut</strong></span> <span class='ocrx_word' id='word_1_79' title='bbox 1024 1070 1269 1127; x_wconf 85' lang='lat' dir='ltr'><strong>divinam</strong></span> <span class='ocrx_word' id='word_1_80' title='bbox 1299 1085 1458 1126; x_wconf 90' lang='lat' dir='ltr'><strong>suam</strong></span> <span class='ocrx_word' id='word_1_81' title='bbox 1483 1083 1742 1126; x_wconf 86' lang='lat' dir='ltr'><strong>naturam</strong></span> <span class='ocrx_word' id='word_1_82' title='bbox 1762 1071 1964 1126; x_wconf 90' lang='lat' dir='ltr'><strong>clarius</strong></span> <span class='ocrx_word' id='word_1_83' title='bbox 1987 1080 2325 1142; x_wconf 80' lang='lat' dir='ltr'><strong>cognoscant</strong></span> <span class='ocrx_word' id='word_1_84' title='bbox 2352 1080 2408 1127; x_wconf 86' lang='lat' dir='ltr'><strong>ct</strong></span> <span class='ocrx_word' id='word_1_85' title='bbox 2435 1081 2627 1144; x_wconf 84' lang='lat' dir='ltr'><strong>aperte</strong></span> <span class='ocrx_word' id='word_1_86' title='bbox 2650 1071 2913 1144; x_wconf 82' lang='lat' dir='ltr'><strong>profitean-</strong></span> 
     </span>
     <span class='ocr_line' id='line_1_10' title="bbox 665 1156 2917 1230; baseline -0 -18"><span class='ocrx_word' id='word_1_87' title='bbox 665 1169 756 1212; x_wconf 87' lang='lat' dir='ltr'><strong>tur</strong></span> <span class='ocrx_word' id='word_1_88' title='bbox 795 1161 1110 1226; x_wconf 74' lang='lat'><strong>(14,13-3⁴),</strong></span> <span class='ocrx_word' id='word_1_89' title='bbox 1157 1174 1362 1229; x_wconf 85' lang='lat' dir='ltr'><strong>eosque</strong></span> <span class='ocrx_word' id='word_1_90' title='bbox 1401 1156 1601 1213; x_wconf 89' lang='lat' dir='ltr'><strong>deinde</strong></span> <span class='ocrx_word' id='word_1_91' title='bbox 1639 1157 1709 1212; x_wconf 87' lang='lat' dir='ltr'><strong>ab</strong></span> <span class='ocrx_word' id='word_1_92' title='bbox 1746 1158 1898 1213; x_wconf 90' lang='lat' dir='ltr'><strong>omni</strong></span> <span class='ocrx_word' id='word_1_93' title='bbox 1934 1157 2361 1215; x_wconf 70' lang='lat' dir='ltr'><strong>Pharisaeorum</strong></span> <span class='ocrx_word' id='word_1_94' title='bbox 2393 1160 2655 1216; x_wconf 81' lang='lat' dir='ltr'><strong>societate</strong></span> <span class='ocrx_word' id='word_1_95' title='bbox 2690 1166 2745 1214; x_wconf 88' lang='lat' dir='ltr'><strong>et</strong></span> <span class='ocrx_word' id='word_1_96' title='bbox 2778 1173 2917 1230; x_wconf 78' lang='lat' dir='ltr'><strong>prava</strong></span> 
     </span>
     <span class='ocr_line' id='line_1_11' title="bbox 665 1243 1504 1314; baseline 0 -14"><span class='ocrx_word' id='word_1_97' title='bbox 665 1243 918 1300; x_wconf 84' lang='lat' dir='ltr'><strong>doctrina</strong></span> <span class='ocrx_word' id='word_1_98' title='bbox 948 1255 1099 1302; x_wconf 87' lang='lat' dir='ltr'><strong>arcet</strong></span> <span class='ocrx_word' id='word_1_99' title='bbox 1127 1250 1504 1314; x_wconf 83' lang='lat'><strong>(15,1-16,12).</strong></span> 
     </span>
    </p>

    <p class='ocr_par' dir='ltr' id='par_1_5' title="bbox 489 1331 2919 1666">
     <span class='ocr_line' id='line_1_12' title="bbox 489 1331 2917 1406; baseline -0 -20"><span class='ocrx_word' id='word_1_100' title='bbox 489 1337 541 1386; x_wconf 85' lang='lat'><strong>2.</strong></span> <span class='ocrx_word' id='word_1_101' title='bbox 569 1331 690 1400; x_wconf 84' lang='lat' dir='ltr'><strong>Qua</strong></span> <span class='ocrx_word' id='word_1_102' title='bbox 716 1334 928 1389; x_wconf 85' lang='lat' dir='ltr'><strong>ratione</strong></span> <span class='ocrx_word' id='word_1_103' title='bbox 969 1342 1329 1405; x_wconf 83' lang='lat' dir='ltr'><strong>praeparatos</strong></span> <span class='ocrx_word' id='word_1_104' title='bbox 1357 1332 1425 1388; x_wconf 85' lang='lat' dir='ltr'><strong>ad</strong></span> <span class='ocrx_word' id='word_1_105' title='bbox 1457 1331 1677 1388; x_wconf 84' lang='lat' dir='ltr'><strong>divinae</strong></span> <span class='ocrx_word' id='word_1_106' title='bbox 1712 1348 1845 1388; x_wconf 85' lang='lat' dir='ltr'><strong>suae</strong></span> <span class='ocrx_word' id='word_1_107' title='bbox 1881 1343 2114 1390; x_wconf 85' lang='lat' dir='ltr'><strong>naturae</strong></span> <span class='ocrx_word' id='word_1_108' title='bbox 2146 1334 2541 1405; x_wconf 73' lang='lat' dir='ltr'><strong>protessionem</strong></span> <span class='ocrx_word' id='word_1_109' title='bbox 2574 1343 2853 1406; x_wconf 87' lang='lat' dir='ltr'><strong>provocat,</strong></span> <span class='ocrx_word' id='word_1_110' title='bbox 2876 1341 2917 1386; x_wconf 80' lang='lat' dir='ltr'><strong>et</strong></span> 
     </span>
     <span class='ocr_line' id='line_1_13' title="bbox 667 1418 2919 1494; baseline -0 -19"><span class='ocrx_word' id='word_1_111' title='bbox 667 1429 956 1492; x_wconf 84' lang='lat' dir='ltr'><strong>postquam</strong></span> <span class='ocrx_word' id='word_1_112' title='bbox 985 1423 1150 1476; x_wconf 90' lang='lat' dir='ltr'><strong>Petro</strong></span> <span class='ocrx_word' id='word_1_113' title='bbox 1171 1418 1388 1476; x_wconf 77' lang='lat' dir='ltr'><strong>futurae</strong></span> <span class='ocrx_word' id='word_1_114' title='bbox 1417 1420 1695 1475; x_wconf 82' lang='lat' dir='ltr'><strong>Ecclesiae</strong></span> <span class='ocrx_word' id='word_1_115' title='bbox 1722 1421 2019 1491; x_wconf 88' lang='lat' dir='ltr'><strong>primatum</strong></span> <span class='ocrx_word' id='word_1_116' title='bbox 2048 1423 2320 1493; x_wconf 85' lang='lat' dir='ltr'><strong>promisit,</strong></span> <span class='ocrx_word' id='word_1_117' title='bbox 2352 1422 2429 1478; x_wconf 89' lang='lat' dir='ltr'><strong>eis</strong></span> <span class='ocrx_word' id='word_1_118' title='bbox 2458 1423 2767 1494; x_wconf 86' lang='lat' dir='ltr'><strong>passionem</strong></span> <span class='ocrx_word' id='word_1_119' title='bbox 2793 1435 2919 1475; x_wconf 86' lang='lat' dir='ltr'><strong>suam</strong></span> 
     </span>
     <span class='ocr_line' id='line_1_14' title="bbox 664 1506 2918 1580; baseline -0 -17"><span class='ocrx_word' id='word_1_120' title='bbox 664 1509 906 1578; x_wconf 86' lang='lat' dir='ltr'><strong>apertius</strong></span> <span class='ocrx_word' id='word_1_121' title='bbox 929 1507 1219 1579; x_wconf 87' lang='lat' dir='ltr'><strong>praedicit,</strong></span> <span class='ocrx_word' id='word_1_122' title='bbox 1251 1515 1418 1580; x_wconf 89' lang='lat' dir='ltr'><strong>atque</strong></span> <span class='ocrx_word' id='word_1_123' title='bbox 1447 1523 1641 1563; x_wconf 88' lang='lat' dir='ltr'><strong>eorum</strong></span> <span class='ocrx_word' id='word_1_124' title='bbox 1666 1506 1853 1576; x_wconf 84' lang='lat' dir='ltr'><strong>fldem,</strong></span> <span class='ocrx_word' id='word_1_125' title='bbox 1880 1523 1951 1564; x_wconf 86' lang='lat' dir='ltr'><strong>nc</strong></span> <span class='ocrx_word' id='word_1_126' title='bbox 1980 1508 2443 1577; x_wconf 80' lang='lat' dir='ltr'><strong>scandalizentur,</strong></span> <span class='ocrx_word' id='word_1_127' title='bbox 2466 1524 2569 1566; x_wconf 87' lang='lat' dir='ltr'><strong>sua</strong></span> <span class='ocrx_word' id='word_1_128' title='bbox 2592 1509 2918 1580; x_wconf 82' lang='lat' dir='ltr'><strong>transfigura-</strong></span> 
     </span>
     <span class='ocr_line' id='line_1_15' title="bbox 662 1594 2145 1666; baseline 0.001 -16"><span class='ocrx_word' id='word_1_129' title='bbox 662 1596 815 1651; x_wconf 89' lang='lat' dir='ltr'><strong>tione</strong></span> <span class='ocrx_word' id='word_1_130' title='bbox 839 1603 894 1650; x_wconf 87' lang='lat' dir='ltr'><strong>et</strong></span> <span class='ocrx_word' id='word_1_131' title='bbox 923 1595 1078 1650; x_wconf 90' lang='lat' dir='ltr'><strong>novis</strong></span> <span class='ocrx_word' id='word_1_132' title='bbox 1105 1595 1388 1651; x_wconf 85' lang='lat' dir='ltr'><strong>miraculis</strong></span> <span class='ocrx_word' id='word_1_133' title='bbox 1412 1594 1709 1651; x_wconf 80' lang='lat' dir='ltr'><strong>confirmat</strong></span> <span class='ocrx_word' id='word_1_134' title='bbox 1732 1595 2145 1666; x_wconf 82' lang='lat'><strong>(16,13-17,27&gt;.</strong></span> 
     </span>
    </p>

    <p class='ocr_par' dir='ltr' id='par_1_6' title="bbox 489 1683 2919 1843">
     <span class='ocr_line' id='line_1_16' title="bbox 489 1683 2919 1755; baseline -0.001 -18"><span class='ocrx_word' id='word_1_135' title='bbox 489 1689 540 1737; x_wconf 85' lang='lat'><strong>3.</strong></span> <span class='ocrx_word' id='word_1_136' title='bbox 569 1683 810 1738; x_wconf 88' lang='lat' dir='ltr'><strong>Demum</strong></span> <span class='ocrx_word' id='word_1_137' title='bbox 835 1697 1007 1754; x_wconf 88' lang='lat' dir='ltr'><strong>quum</strong></span> <span class='ocrx_word' id='word_1_138' title='bbox 1029 1683 1089 1738; x_wconf 88' lang='lat' dir='ltr'><strong>in</strong></span> <span class='ocrx_word' id='word_1_139' title='bbox 1115 1683 1364 1738; x_wconf 84' lang='lat' dir='ltr'><strong>Galilaea</strong></span> <span class='ocrx_word' id='word_1_140' title='bbox 1394 1692 1514 1738; x_wconf 87' lang='lat' dir='ltr'><strong>tum</strong></span> <span class='ocrx_word' id='word_1_141' title='bbox 1544 1683 1603 1738; x_wconf 87' lang='lat' dir='ltr'><strong>in</strong></span> <span class='ocrx_word' id='word_1_142' title='bbox 1629 1683 1824 1739; x_wconf 89' lang='lat' dir='ltr'><strong>itinere</strong></span> <span class='ocrx_word' id='word_1_143' title='bbox 1848 1683 1919 1739; x_wconf 91' lang='lat' dir='ltr'><strong>ad</strong></span> <span class='ocrx_word' id='word_1_144' title='bbox 1945 1685 2200 1740; x_wconf 88' lang='lat' dir='ltr'><strong>ultimum</strong></span> <span class='ocrx_word' id='word_1_145' title='bbox 2229 1684 2432 1755; x_wconf 87' lang='lat' dir='ltr'><strong>pascha</strong></span> <span class='ocrx_word' id='word_1_146' title='bbox 2455 1700 2551 1741; x_wconf 88' lang='lat' dir='ltr'><strong>eos</strong></span> <span class='ocrx_word' id='word_1_147' title='bbox 2568 1685 2788 1751; x_wconf 85' lang='lat' dir='ltr'><strong>edocet,</strong></span> <span class='ocrx_word' id='word_1_148' title='bbox 2815 1697 2919 1754; x_wconf 86' lang='lat' dir='ltr'><strong>quo·</strong></span> 
     </span>
     <span class='ocr_line' id='line_1_17' title="bbox 664 1768 2797 1843; baseline 0.001 -18"><span class='ocrx_word' id='word_1_149' title='bbox 664 1768 832 1826; x_wconf 91' lang='lat' dir='ltr'><strong>modo</strong></span> <span class='ocrx_word' id='word_1_150' title='bbox 861 1779 1147 1842; x_wconf 88' lang='lat' dir='ltr'><strong>tamquam</strong></span> <span class='ocrx_word' id='word_1_151' title='bbox 1175 1769 1450 1824; x_wconf 85' lang='lat' dir='ltr'><strong>Ecclesiae</strong></span> <span class='ocrx_word' id='word_1_152' title='bbox 1479 1769 1757 1840; x_wconf 87' lang='lat' dir='ltr'><strong>praesides</strong></span> <span class='ocrx_word' id='word_1_153' title='bbox 1782 1786 1901 1826; x_wconf 87' lang='lat' dir='ltr'><strong>sese</strong></span> <span class='ocrx_word' id='word_1_154' title='bbox 1926 1787 2115 1843; x_wconf 84' lang='lat' dir='ltr'><strong>gerere</strong></span> <span class='ocrx_word' id='word_1_155' title='bbox 2146 1771 2386 1828; x_wconf 87' lang='lat' dir='ltr'><strong>debeant</strong></span> <span class='ocrx_word' id='word_1_156' title='bbox 2414 1776 2797 1842; x_wconf 55' lang='lat' dir='ltr'><strong>(isa-2038).</strong></span> 
     </span>
    </p>
   </div>
   <div class='ocr_carea' id='block_1_3' title="bbox 489 1859 3024 1934">
    <p class='ocr_par' dir='ltr' id='par_1_7' title="bbox 489 1859 3024 1934">
     <span class='ocr_line' id='line_1_18' title="bbox 489 1859 3024 1934; baseline -0.002 -22"><span class='ocrx_word' id='word_1_157' title='bbox 489 1859 646 1914; x_wconf 73' lang='lat' dir='ltr'>PARS</span> <span class='ocrx_word' id='word_1_158' title='bbox 673 1873 917 1925; x_wconf 71' lang='lat' dir='ltr'><strong>QUAnTA</strong></span> <span class='ocrx_word' id='word_1_159' title='bbox 951 1859 1347 1926; x_wconf 79' lang='lat'><strong>(20,29-28,20)</strong></span> <span class='ocrx_word' id='word_1_160' title='bbox 1393 1859 1681 1928; x_wconf 77' lang='lat' dir='ltr'><strong>antiquae</strong></span> <span class='ocrx_word' id='word_1_161' title='bbox 1718 1875 2075 1932; x_wconf 73' lang='lat' dir='ltr'><strong>synaqoqae,</strong></span> <span class='ocrx_word' id='word_1_162' title='bbox 2120 1876 2274 1934; x_wconf 79' lang='lat' dir='ltr'><strong>quae</strong></span> <span class='ocrx_word' id='word_1_163' title='bbox 2308 1862 2588 1917; x_wconf 80' lang='lat' dir='ltr'><strong>Messiam</strong></span> <span class='ocrx_word' id='word_1_164' title='bbox 2632 1877 2799 1916; x_wconf 75' lang='lat' dir='ltr'><strong>suum</strong></span> <span class='ocrx_word' id='word_1_165' title='bbox 2832 1874 2919 1912; x_wconf 76' lang='lat' dir='ltr'><strong>nou</strong></span> <span class='ocrx_word' id='word_1_166' title='bbox 3022 1903 3024 1906; x_wconf 12' lang='grc' dir='ltr'><em>Α</em></span> 
     </span>
    </p>
   </div>
   <div class='ocr_carea' id='block_1_4' title="bbox 419 1945 3022 3683">
    <p class='ocr_par' dir='ltr' id='par_1_8' title="bbox 419 1945 2917 2106">
     <span class='ocr_line' id='line_1_19' title="bbox 421 1945 2917 2021; baseline 0 -23"><span class='ocrx_word' id='word_1_167' title='bbox 421 1949 655 1999; x_wconf 77' lang='lat' dir='ltr'><strong>tantum</strong></span> <span class='ocrx_word' id='word_1_168' title='bbox 681 1963 795 2000; x_wconf 74' lang='lat' dir='ltr'><strong>non</strong></span> <span class='ocrx_word' id='word_1_169' title='bbox 817 1950 1067 2014; x_wconf 63' lang='lat' dir='ltr'><strong>agnovit,</strong></span> <span class='ocrx_word' id='word_1_170' title='bbox 1094 1945 1198 2001; x_wconf 86' lang='lat' dir='ltr'><strong>sed</strong></span> <span class='ocrx_word' id='word_1_171' title='bbox 1219 1947 1652 2017; x_wconf 75' lang='lat' dir='ltr'><strong>iqnominiosae</strong></span> <span class='ocrx_word' id='word_1_172' title='bbox 1670 1947 1850 2003; x_wconf 77' lang='lat' dir='ltr'><strong>morli</strong></span> <span class='ocrx_word' id='word_1_173' title='bbox 1879 1947 2158 2016; x_wconf 74' lang='lat' dir='ltr'><strong>tradidit,</strong></span> <span class='ocrx_word' id='word_1_174' title='bbox 2194 1949 2548 2021; x_wconf 83' lang='lat' dir='ltr'><strong>completam</strong></span> <span class='ocrx_word' id='word_1_175' title='bbox 2578 1950 2917 2004; x_wconf 73' lang='lat' dir='ltr'><strong>reiectionem</strong></span> 
     </span>
     <span class='ocr_line' id='line_1_20' title="bbox 419 2032 1701 2106; baseline 0.002 -20"><span class='ocrx_word' id='word_1_176' title='bbox 419 2037 476 2087; x_wconf 84' lang='lat' dir='ltr'><strong>et</strong></span> <span class='ocrx_word' id='word_1_177' title='bbox 503 2049 690 2088; x_wconf 77' lang='lat' dir='ltr'><strong>novae</strong></span> <span class='ocrx_word' id='word_1_178' title='bbox 711 2033 989 2089; x_wconf 78' lang='lat' dir='ltr'><strong>Ecclesiae</strong></span> <span class='ocrx_word' id='word_1_179' title='bbox 1011 2032 1438 2106; x_wconf 76' lang='lat' dir='ltr'><strong>fundationem</strong></span> <span class='ocrx_word' id='word_1_180' title='bbox 1461 2040 1701 2090; x_wconf 77' lang='lat' dir='ltr'><strong>narrat.</strong></span> 
     </span>
    </p>

    <p class='ocr_par' dir='ltr' id='par_1_9' title="bbox 492 2119 2925 2544">
     <span class='ocr_line' id='line_1_21' title="bbox 492 2119 2923 2196; baseline 0.001 -21"><span class='ocrx_word' id='word_1_181' title='bbox 492 2126 540 2176; x_wconf 91' lang='lat'><strong>1.</strong></span> <span class='ocrx_word' id='word_1_182' title='bbox 571 2122 793 2176; x_wconf 89' lang='lat' dir='ltr'><strong>Partem</strong></span> <span class='ocrx_word' id='word_1_183' title='bbox 832 2120 995 2190; x_wconf 89' lang='lat' dir='ltr'><strong>hanc,</strong></span> <span class='ocrx_word' id='word_1_184' title='bbox 1024 2137 1166 2193; x_wconf 86' lang='lat' dir='ltr'><strong>quae</strong></span> <span class='ocrx_word' id='word_1_185' title='bbox 1195 2119 1264 2176; x_wconf 89' lang='lat' dir='ltr'><strong>de</strong></span> <span class='ocrx_word' id='word_1_186' title='bbox 1293 2121 1547 2191; x_wconf 87' lang='lat' dir='ltr'><strong>passione</strong></span> <span class='ocrx_word' id='word_1_187' title='bbox 1570 2123 1809 2177; x_wconf 84' lang='lat' dir='ltr'><strong>maxime</strong></span> <span class='ocrx_word' id='word_1_188' title='bbox 1837 2123 1968 2194; x_wconf 86' lang='lat' dir='ltr'><strong>agit,</strong></span> <span class='ocrx_word' id='word_1_189' title='bbox 1991 2121 2336 2196; x_wconf 85' lang='lat' dir='ltr'><strong>Evangelista</strong></span> <span class='ocrx_word' id='word_1_190' title='bbox 2360 2125 2551 2194; x_wconf 89' lang='lat' dir='ltr'><strong>incipit</strong></span> <span class='ocrx_word' id='word_1_191' title='bbox 2575 2140 2613 2180; x_wconf 86' lang='lat' dir='ltr'><strong>a</strong></span> <span class='ocrx_word' id='word_1_192' title='bbox 2630 2124 2802 2180; x_wconf 87' lang='lat' dir='ltr'><strong>tribus</strong></span> <span class='ocrx_word' id='word_1_193' title='bbox 2818 2137 2923 2177; x_wconf 85' lang='lat' dir='ltr'><strong>nar·</strong></span> 
     </span>
     <span class='ocr_line' id='line_1_22' title="bbox 668 2207 2925 2280; baseline -0.001 -17"><span class='ocrx_word' id='word_1_194' title='bbox 668 2209 1000 2274; x_wconf 87' lang='lat' dir='ltr'><strong>rationibus,</strong></span> <span class='ocrx_word' id='word_1_195' title='bbox 1031 2224 1269 2280; x_wconf 86' lang='lat' dir='ltr'><strong>quarum</strong></span> <span class='ocrx_word' id='word_1_196' title='bbox 1303 2207 1446 2264; x_wconf 87' lang='lat' dir='ltr'><strong>duae</strong></span> <span class='ocrx_word' id='word_1_197' title='bbox 1477 2209 1689 2280; x_wconf 87' lang='lat' dir='ltr'><strong>primae</strong></span> <span class='ocrx_word' id='word_1_198' title='bbox 1721 2208 1809 2280; x_wconf 89' lang='lat' dir='ltr'><strong>(de</strong></span> <span class='ocrx_word' id='word_1_199' title='bbox 1832 2211 2116 2266; x_wconf 87' lang='lat' dir='ltr'><strong>sanatione</strong></span> <span class='ocrx_word' id='word_1_200' title='bbox 2144 2226 2437 2267; x_wconf 88' lang='lat' dir='ltr'><strong>caecorum</strong></span> <span class='ocrx_word' id='word_1_201' title='bbox 2464 2212 2523 2266; x_wconf 90' lang='lat' dir='ltr'><strong>in</strong></span> <span class='ocrx_word' id='word_1_202' title='bbox 2551 2211 2774 2268; x_wconf 85' lang='lat' dir='ltr'><strong>Iericho</strong></span> <span class='ocrx_word' id='word_1_203' title='bbox 2804 2219 2853 2265; x_wconf 86' lang='lat' dir='ltr'><strong>et</strong></span> <span class='ocrx_word' id='word_1_204' title='bbox 2871 2207 2925 2262; x_wconf 86' lang='lat' dir='ltr'><strong>de</strong></span> 
     </span>
     <span class='ocr_line' id='line_1_23' title="bbox 664 2296 2921 2370; baseline 0.001 -20"><span class='ocrx_word' id='word_1_205' title='bbox 664 2297 920 2353; x_wconf 88' lang='lat' dir='ltr'><strong>sollemni</strong></span> <span class='ocrx_word' id='word_1_206' title='bbox 959 2298 1210 2370; x_wconf 85' lang='lat' dir='ltr'><strong>ingressu</strong></span> <span class='ocrx_word' id='word_1_207' title='bbox 1256 2297 1313 2352; x_wconf 91' lang='lat' dir='ltr'><strong>in</strong></span> <span class='ocrx_word' id='word_1_208' title='bbox 1353 2297 1645 2368; x_wconf 87' lang='lat' dir='ltr'><strong>templum)</strong></span> <span class='ocrx_word' id='word_1_209' title='bbox 1693 2317 1717 2348; x_wconf 83' lang='grc' dir='ltr'><strong>α</strong></span> <span class='ocrx_word' id='word_1_210' title='bbox 1758 2296 2081 2352; x_wconf 88' lang='lat' dir='ltr'><strong>scandalum</strong></span> <span class='ocrx_word' id='word_1_211' title='bbox 2120 2298 2298 2354; x_wconf 90' lang='lat' dir='ltr'><strong>crucis</strong></span> <span class='ocrx_word' id='word_1_212' title='bbox 2334 2319 2362 2350; x_wconf 74' lang='lat' dir='ltr'><strong>a·</strong></span> <span class='ocrx_word' id='word_1_213' title='bbox 2407 2308 2705 2354; x_wconf 82' lang='lat' dir='ltr'><strong>removent</strong></span> <span class='ocrx_word' id='word_1_214' title='bbox 2746 2299 2921 2364; x_wconf 70' lang='lat'><strong>(20:29-</strong></span> 
     </span>
     <span class='ocr_line' id='line_1_24' title="bbox 665 2383 2925 2460; baseline 0 -22"><span class='ocrx_word' id='word_1_215' title='bbox 665 2385 849 2456; x_wconf 83' lang='lat'><strong>21,17)</strong></span> <span class='ocrx_word' id='word_1_216' title='bbox 875 2393 928 2439; x_wconf 89' lang='lat' dir='ltr'><strong>et</strong></span> <span class='ocrx_word' id='word_1_217' title='bbox 956 2385 1117 2440; x_wconf 88' lang='lat' dir='ltr'><strong>tertia</strong></span> <span class='ocrx_word' id='word_1_218' title='bbox 1151 2383 1236 2452; x_wconf 89' lang='lat' dir='ltr'><strong>(de</strong></span> <span class='ocrx_word' id='word_1_219' title='bbox 1259 2383 1649 2440; x_wconf 89' lang='lat' dir='ltr'><strong>maledictione</strong></span> <span class='ocrx_word' id='word_1_220' title='bbox 1666 2383 1806 2438; x_wconf 84' lang='lat' dir='ltr'><strong>ficus</strong></span> <span class='ocrx_word' id='word_1_221' title='bbox 1832 2385 2051 2452; x_wconf 80' lang='lat' dir='ltr'><strong>sterilis)</strong></span> <span class='ocrx_word' id='word_1_222' title='bbox 2072 2385 2425 2441; x_wconf 86' lang='lat' dir='ltr'><strong>reiectionem</strong></span> <span class='ocrx_word' id='word_1_223' title='bbox 2452 2401 2771 2460; x_wconf 77' lang='lat' dir='ltr'><strong>synagogae</strong></span> <span class='ocrx_word' id='word_1_224' title='bbox 2794 2399 2925 2456; x_wconf 85' lang='lat' dir='ltr'><strong>prae·</strong></span> 
     </span>
     <span class='ocr_line' id='line_1_25' title="bbox 663 2472 1209 2544; baseline 0 -18"><span class='ocrx_word' id='word_1_225' title='bbox 663 2472 864 2544; x_wconf 85' lang='lat' dir='ltr'><strong>figurat</strong></span> <span class='ocrx_word' id='word_1_226' title='bbox 888 2476 1209 2541; x_wconf 81' lang='lat'><strong>(21,18-22).</strong></span> 
     </span>
    </p>

    <p class='ocr_par' dir='ltr' id='par_1_10' title="bbox 486 2558 3022 2726">
     <span class='ocr_line' id='line_1_26' title="bbox 486 2558 2925 2633; baseline -0.001 -19"><span class='ocrx_word' id='word_1_227' title='bbox 486 2566 539 2614; x_wconf 84' lang='grc'><strong>2.</strong></span> <span class='ocrx_word' id='word_1_228' title='bbox 570 2560 890 2632; x_wconf 88' lang='lat' dir='ltr'><strong>Sequuntur</strong></span> <span class='ocrx_word' id='word_1_229' title='bbox 936 2559 1160 2616; x_wconf 88' lang='lat' dir='ltr'><strong>Domini</strong></span> <span class='ocrx_word' id='word_1_230' title='bbox 1189 2559 1587 2631; x_wconf 88' lang='lat' dir='ltr'><strong>disputationes</strong></span> <span class='ocrx_word' id='word_1_231' title='bbox 1624 2575 1751 2616; x_wconf 90' lang='lat' dir='ltr'><strong>cum</strong></span> <span class='ocrx_word' id='word_1_232' title='bbox 1798 2559 2107 2617; x_wconf 87' lang='lat' dir='ltr'><strong>Pharisaeis</strong></span> <span class='ocrx_word' id='word_1_233' title='bbox 2150 2569 2205 2616; x_wconf 92' lang='lat' dir='ltr'><strong>et</strong></span> <span class='ocrx_word' id='word_1_234' title='bbox 2244 2560 2464 2630; x_wconf 87' lang='lat' dir='ltr'><strong>Scribis,</strong></span> <span class='ocrx_word' id='word_1_235' title='bbox 2509 2577 2659 2633; x_wconf 88' lang='lat' dir='ltr'><strong>qnae</strong></span> <span class='ocrx_word' id='word_1_236' title='bbox 2700 2558 2925 2618; x_wconf 88' lang='lat' dir='ltr'><strong>sollemni</strong></span> 
     </span>
     <span class='ocr_line' id='line_1_27' title="bbox 663 2647 3022 2726; baseline 0.001 -24"><span class='ocrx_word' id='word_1_237' title='bbox 663 2664 855 2704; x_wconf 89' lang='lat' dir='ltr'><strong>eorum</strong></span> <span class='ocrx_word' id='word_1_238' title='bbox 882 2647 1340 2703; x_wconf 89' lang='lat' dir='ltr'><strong>condemnatione</strong></span> <span class='ocrx_word' id='word_1_239' title='bbox 1370 2648 1739 2703; x_wconf 85' lang='lat' dir='ltr'><strong>terminantur</strong></span> <span class='ocrx_word' id='word_1_240' title='bbox 1766 2652 1843 2713; x_wconf 80' lang='lat'><strong>(2¹</strong></span> <span class='ocrx_word' id='word_1_241' title='bbox 1862 2653 2185 2716; x_wconf 56' lang='grc' dir='ltr'><strong>,ΞΒ-2339).</strong></span> <span class='ocrx_word' id='word_1_242' title='bbox 3020 2721 3022 2726; x_wconf 18' lang='grc'>1</span> 
     </span>
    </p>

    <p class='ocr_par' dir='ltr' id='par_1_11' title="bbox 487 2734 3022 3068">
     <span class='ocr_line' id='line_1_28' title="bbox 487 2734 3022 2807; baseline -0 -18"><span class='ocrx_word' id='word_1_243' title='bbox 487 2741 538 2789; x_wconf 86' lang='grc'><strong>3.</strong></span> <span class='ocrx_word' id='word_1_244' title='bbox 569 2736 812 2807; x_wconf 88' lang='lat' dir='ltr'><strong>Populus</strong></span> <span class='ocrx_word' id='word_1_245' title='bbox 848 2751 976 2790; x_wconf 91' lang='lat' dir='ltr'><strong>cum</strong></span> <span class='ocrx_word' id='word_1_246' title='bbox 1013 2734 1244 2791; x_wconf 87' lang='lat' dir='ltr'><strong>ducibus</strong></span> <span class='ocrx_word' id='word_1_247' title='bbox 1281 2735 1393 2790; x_wconf 88' lang='lat' dir='ltr'><strong>suis</strong></span> <span class='ocrx_word' id='word_1_248' title='bbox 1434 2735 1693 2790; x_wconf 88' lang='lat' dir='ltr'><strong>Messiam</strong></span> <span class='ocrx_word' id='word_1_249' title='bbox 1726 2744 2040 2806; x_wconf 87' lang='lat' dir='ltr'><strong>respuerat,</strong></span> <span class='ocrx_word' id='word_1_250' title='bbox 2084 2737 2208 2791; x_wconf 89' lang='lat' dir='ltr'><strong>ideo</strong></span> <span class='ocrx_word' id='word_1_251' title='bbox 2255 2737 2522 2792; x_wconf 86' lang='lat' dir='ltr'><strong>Dominus</strong></span> <span class='ocrx_word' id='word_1_252' title='bbox 2558 2737 2637 2793; x_wconf 89' lang='lat' dir='ltr'><strong>ad</strong></span> <span class='ocrx_word' id='word_1_253' title='bbox 2680 2737 2804 2794; x_wconf 89' lang='lat' dir='ltr'><strong>illos</strong></span> <span class='ocrx_word' id='word_1_254' title='bbox 2830 2750 2924 2790; x_wconf 86' lang='lat' dir='ltr'><strong>ser·</strong></span> <span class='ocrx_word' id='word_1_255' title='bbox 3020 2775 3022 2806; x_wconf 83' lang='lat'><strong>:</strong></span> 
     </span>
     <span class='ocr_line' id='line_1_29' title="bbox 660 2812 3022 2896; baseline -0.001 -17"><span class='ocrx_word' id='word_1_256' title='bbox 660 2838 884 2879; x_wconf 89' lang='lat' dir='ltr'><strong>monem</strong></span> <span class='ocrx_word' id='word_1_257' title='bbox 911 2839 1024 2878; x_wconf 91' lang='lat' dir='ltr'><strong>non</strong></span> <span class='ocrx_word' id='word_1_258' title='bbox 1054 2823 1289 2894; x_wconf 89' lang='lat' dir='ltr'><strong>amplius</strong></span> <span class='ocrx_word' id='word_1_259' title='bbox 1316 2824 1607 2890; x_wconf 86' lang='lat' dir='ltr'><strong>convertit,</strong></span> <span class='ocrx_word' id='word_1_260' title='bbox 1639 2821 1735 2877; x_wconf 90' lang='lat' dir='ltr'><strong>sed</strong></span> <span class='ocrx_word' id='word_1_261' title='bbox 1779 2825 2074 2893; x_wconf 79' lang='lat' dir='ltr'><strong>Apostolos</strong></span> <span class='ocrx_word' id='word_1_262' title='bbox 2118 2823 2188 2879; x_wconf 90' lang='lat' dir='ltr'><strong>de</strong></span> <span class='ocrx_word' id='word_1_263' title='bbox 2224 2823 2456 2892; x_wconf 88' lang='lat' dir='ltr'><strong>iudicio,</strong></span> <span class='ocrx_word' id='word_1_264' title='bbox 2489 2840 2604 2896; x_wconf 92' lang='lat' dir='ltr'><strong>quo</strong></span> <span class='ocrx_word' id='word_1_265' title='bbox 2654 2825 2925 2881; x_wconf 84' lang='lat' dir='ltr'><strong>Ierusalem</strong></span> <span class='ocrx_word' id='word_1_266' title='bbox 3020 2812 3022 2826; x_wconf 88' lang='lat'>&#39;</span> 
     </span>
     <span class='ocr_line' id='line_1_30' title="bbox 660 2909 2925 2984; baseline -0.002 -18"><span class='ocrx_word' id='word_1_267' title='bbox 660 2913 936 2982; x_wconf 87' lang='lat' dir='ltr'><strong>punietur,</strong></span> <span class='ocrx_word' id='word_1_268' title='bbox 971 2920 1024 2966; x_wconf 90' lang='lat' dir='ltr'><strong>et</strong></span> <span class='ocrx_word' id='word_1_269' title='bbox 1053 2910 1122 2966; x_wconf 91' lang='lat' dir='ltr'><strong>de</strong></span> <span class='ocrx_word' id='word_1_270' title='bbox 1153 2911 1343 2966; x_wconf 88' lang='lat' dir='ltr'><strong>ultimo</strong></span> <span class='ocrx_word' id='word_1_271' title='bbox 1372 2909 1574 2964; x_wconf 89' lang='lat' dir='ltr'><strong>iudicio</strong></span> <span class='ocrx_word' id='word_1_272' title='bbox 1603 2909 1818 2978; x_wconf 89' lang='lat' dir='ltr'><strong>edocet,</strong></span> <span class='ocrx_word' id='word_1_273' title='bbox 1852 2919 1913 2965; x_wconf 87' lang='lat' dir='ltr'><strong>ut</strong></span> <span class='ocrx_word' id='word_1_274' title='bbox 1936 2911 2129 2976; x_wconf 90' lang='lat' dir='ltr'><strong>sciant,</strong></span> <span class='ocrx_word' id='word_1_275' title='bbox 2164 2911 2443 2981; x_wconf 88' lang='lat' dir='ltr'><strong>quomodo</strong></span> <span class='ocrx_word' id='word_1_276' title='bbox 2469 2913 2528 2966; x_wconf 87' lang='lat' dir='ltr'><strong>in</strong></span> <span class='ocrx_word' id='word_1_277' title='bbox 2549 2914 2741 2984; x_wconf 89' lang='lat' dir='ltr'><strong>priore</strong></span> <span class='ocrx_word' id='word_1_278' title='bbox 2767 2927 2822 2966; x_wconf 89' lang='lat' dir='ltr'><strong>se</strong></span> <span class='ocrx_word' id='word_1_279' title='bbox 2848 2925 2925 2982; x_wconf 80' lang='lat' dir='ltr'><strong>ge-</strong></span> 
     </span>
     <span class='ocr_line' id='line_1_31' title="bbox 660 2996 2342 3068; baseline 0.001 -16"><span class='ocrx_word' id='word_1_280' title='bbox 660 3015 783 3054; x_wconf 88' lang='lat' dir='ltr'><strong>rere</strong></span> <span class='ocrx_word' id='word_1_281' title='bbox 809 3009 863 3054; x_wconf 90' lang='lat' dir='ltr'><strong>et</strong></span> <span class='ocrx_word' id='word_1_282' title='bbox 893 2997 962 3052; x_wconf 91' lang='lat' dir='ltr'><strong>ad</strong></span> <span class='ocrx_word' id='word_1_283' title='bbox 985 2999 1220 3053; x_wconf 88' lang='lat' dir='ltr'><strong>alterum</strong></span> <span class='ocrx_word' id='word_1_284' title='bbox 1250 3014 1308 3053; x_wconf 93' lang='lat' dir='ltr'><strong>se</strong></span> <span class='ocrx_word' id='word_1_285' title='bbox 1337 3013 1668 3068; x_wconf 87' lang='lat' dir='ltr'><strong>praeparare</strong></span> <span class='ocrx_word' id='word_1_286' title='bbox 1694 2996 1932 3053; x_wconf 89' lang='lat' dir='ltr'><strong>debeant</strong></span> <span class='ocrx_word' id='word_1_287' title='bbox 1960 3003 2342 3068; x_wconf 73' lang='lat'><strong>(24,1-25‚46).</strong></span> 
     </span>
    </p>

    <p class='ocr_par' dir='ltr' id='par_1_12' title="bbox 484 3085 2927 3510">
     <span class='ocr_line' id='line_1_32' title="bbox 484 3085 2927 3160; baseline -0 -20"><span class='ocrx_word' id='word_1_288' title='bbox 484 3093 538 3140; x_wconf 85' lang='lat'><strong>4.</strong></span> <span class='ocrx_word' id='word_1_289' title='bbox 569 3087 888 3142; x_wconf 88' lang='lat' dir='ltr'><strong>Passionem</strong></span> <span class='ocrx_word' id='word_1_290' title='bbox 917 3085 1142 3140; x_wconf 89' lang='lat' dir='ltr'><strong>demum</strong></span> <span class='ocrx_word' id='word_1_291' title='bbox 1171 3094 1225 3140; x_wconf 92' lang='lat' dir='ltr'><strong>et</strong></span> <span class='ocrx_word' id='word_1_292' title='bbox 1262 3085 1729 3141; x_wconf 86' lang='lat' dir='ltr'><strong>resurrectionem</strong></span> <span class='ocrx_word' id='word_1_293' title='bbox 1769 3086 1993 3141; x_wconf 86' lang='lat' dir='ltr'><strong>Domini</strong></span> <span class='ocrx_word' id='word_1_294' title='bbox 2020 3087 2097 3141; x_wconf 90' lang='lat' dir='ltr'><strong>ita</strong></span> <span class='ocrx_word' id='word_1_295' title='bbox 2133 3096 2325 3142; x_wconf 87' lang='lat' dir='ltr'><strong>narrat</strong></span> <span class='ocrx_word' id='word_1_296' title='bbox 2362 3089 2743 3160; x_wconf 83' lang='lat' dir='ltr'><strong>Evangelista,</strong></span> <span class='ocrx_word' id='word_1_297' title='bbox 2772 3096 2831 3142; x_wconf 88' lang='lat' dir='ltr'><strong>ut</strong></span> <span class='ocrx_word' id='word_1_298' title='bbox 2856 3101 2927 3138; x_wconf 75' lang='lat' dir='ltr'><strong>va·</strong></span> 
     </span>
     <span class='ocr_line' id='line_1_33' title="bbox 661 3173 2923 3244; baseline 0 -16"><span class='ocrx_word' id='word_1_299' title='bbox 661 3174 842 3228; x_wconf 87' lang='lat' dir='ltr'><strong>ticinia</strong></span> <span class='ocrx_word' id='word_1_300' title='bbox 876 3175 986 3244; x_wconf 71' lang='lat' dir='ltr'><strong>(Pr.</strong></span> <span class='ocrx_word' id='word_1_301' title='bbox 1018 3178 1210 3240; x_wconf 79' lang='lat'><strong>40,10;</strong></span> <span class='ocrx_word' id='word_1_302' title='bbox 1241 3173 1420 3228; x_wconf 72' lang='lat' dir='ltr'><strong>Zaclc.</strong></span> <span class='ocrx_word' id='word_1_303' title='bbox 1452 3180 1606 3240; x_wconf 82' lang='lat'><strong>13,7;</strong></span> <span class='ocrx_word' id='word_1_304' title='bbox 1641 3178 1716 3227; x_wconf 86' lang='lat' dir='ltr'><strong>Is.</strong></span> <span class='ocrx_word' id='word_1_305' title='bbox 1743 3179 1937 3240; x_wconf 78' lang='lat'><strong>53,103</strong></span> <span class='ocrx_word' id='word_1_306' title='bbox 1976 3175 2179 3228; x_wconf 80' lang='lat' dir='ltr'><strong>Thren.</strong></span> <span class='ocrx_word' id='word_1_307' title='bbox 2209 3179 2369 3243; x_wconf 79' lang='lat'><strong>4,20;</strong></span> <span class='ocrx_word' id='word_1_308' title='bbox 2411 3177 2604 3231; x_wconf 76' lang='lat' dir='ltr'><strong>Zach.</strong></span> <span class='ocrx_word' id='word_1_309' title='bbox 2639 3182 2801 3243; x_wconf 81' lang='lat'><strong>11,12</strong></span> <span class='ocrx_word' id='word_1_310' title='bbox 2823 3189 2923 3243; x_wconf 87' lang='lat' dir='ltr'><strong>sqq.</strong></span> 
     </span>
     <span class='ocr_line' id='line_1_34' title="bbox 660 3248 2927 3334; baseline 0.001 -19"><span class='ocrx_word' id='word_1_311' title='bbox 660 3271 715 3315; x_wconf 90' lang='lat' dir='ltr'><strong>et</strong></span> <span class='ocrx_word' id='word_1_312' title='bbox 735 3264 844 3316; x_wconf 84' lang='lat' dir='ltr'><strong>Ier.</strong></span> <span class='ocrx_word' id='word_1_313' title='bbox 878 3267 958 3317; x_wconf 88' lang='lat'><strong>18.</strong></span> <span class='ocrx_word' id='word_1_314' title='bbox 991 3267 1076 3316; x_wconf 83' lang='lat'><strong>32.</strong></span> <span class='ocrx_word' id='word_1_315' title='bbox 1112 3267 1230 3329; x_wconf 83' lang='lat'><strong>33.;</strong></span> <span class='ocrx_word' id='word_1_316' title='bbox 1264 3265 1358 3316; x_wconf 87' lang='lat' dir='ltr'><strong>Ps.</strong></span> <span class='ocrx_word' id='word_1_317' title='bbox 1392 3266 1452 3317; x_wconf 83' lang='lat'><strong>21</strong></span> <span class='ocrx_word' id='word_1_318' title='bbox 1483 3260 1707 3331; x_wconf 88' lang='lat' dir='ltr'><strong>impleta</strong></span> <span class='ocrx_word' id='word_1_319' title='bbox 1739 3259 2082 3316; x_wconf 88' lang='lat' dir='ltr'><strong>demonstret</strong></span> <span class='ocrx_word' id='word_1_320' title='bbox 2118 3271 2173 3317; x_wconf 90' lang='lat' dir='ltr'><strong>et</strong></span> <span class='ocrx_word' id='word_1_321' title='bbox 2201 3263 2421 3334; x_wconf 89' lang='lat' dir='ltr'><strong>culpam</strong></span> <span class='ocrx_word' id='word_1_322' title='bbox 2457 3248 2927 3331; x_wconf 73' lang='lat' dir='ltr'><strong>voluntat-iamque</strong></span> 
     </span>
     <span class='ocr_line' id='line_1_35' title="bbox 659 3347 2927 3424; baseline 0 -22"><span class='ocrx_word' id='word_1_323' title='bbox 659 3349 978 3404; x_wconf 87' lang='lat' dir='ltr'><strong>caecitatem</strong></span> <span class='ocrx_word' id='word_1_324' title='bbox 1009 3349 1312 3420; x_wconf 87' lang='lat' dir='ltr'><strong>principum</strong></span> <span class='ocrx_word' id='word_1_325' title='bbox 1341 3348 1543 3404; x_wconf 85' lang='lat' dir='ltr'><strong>clarius</strong></span> <span class='ocrx_word' id='word_1_326' title='bbox 1569 3347 1898 3412; x_wconf 82' lang='lat' dir='ltr'><strong>manifestet,</strong></span> <span class='ocrx_word' id='word_1_327' title='bbox 1932 3350 2026 3420; x_wconf 87' lang='lat' dir='ltr'><strong>qui</strong></span> <span class='ocrx_word' id='word_1_328' title='bbox 2051 3349 2165 3420; x_wconf 87' lang='lat' dir='ltr'><strong>ipsa</strong></span> <span class='ocrx_word' id='word_1_329' title='bbox 2194 3353 2621 3418; x_wconf 87' lang='lat' dir='ltr'><strong>resurrectione,</strong></span> <span class='ocrx_word' id='word_1_330' title='bbox 2656 3367 2821 3424; x_wconf 85' lang='lat' dir='ltr'><strong>quam</strong></span> <span class='ocrx_word' id='word_1_331' title='bbox 2846 3365 2927 3404; x_wconf 83' lang='lat' dir='ltr'><strong>ne-</strong></span> 
     </span>
     <span class='ocr_line' id='line_1_36' title="bbox 661 3436 2795 3510; baseline 0.001 -20"><span class='ocrx_word' id='word_1_332' title='bbox 661 3451 787 3508; x_wconf 84' lang='lat' dir='ltr'><strong>gare</strong></span> <span class='ocrx_word' id='word_1_333' title='bbox 816 3454 928 3492; x_wconf 92' lang='lat' dir='ltr'><strong>non</strong></span> <span class='ocrx_word' id='word_1_334' title='bbox 959 3445 1273 3508; x_wconf 84' lang='lat' dir='ltr'><strong>potuerunt,</strong></span> <span class='ocrx_word' id='word_1_335' title='bbox 1309 3436 1378 3491; x_wconf 90' lang='lat' dir='ltr'><strong>ad</strong></span> <span class='ocrx_word' id='word_1_336' title='bbox 1402 3437 1836 3507; x_wconf 85' lang='lat' dir='ltr'><strong>resipiscentiam</strong></span> <span class='ocrx_word' id='word_1_337' title='bbox 1862 3452 1973 3491; x_wconf 90' lang='lat' dir='ltr'><strong>non</strong></span> <span class='ocrx_word' id='word_1_338' title='bbox 1994 3445 2123 3491; x_wconf 90' lang='lat' dir='ltr'><strong>sunt</strong></span> <span class='ocrx_word' id='word_1_339' title='bbox 2145 3436 2370 3492; x_wconf 88' lang='lat' dir='ltr'><strong>adducti</strong></span> <span class='ocrx_word' id='word_1_340' title='bbox 2403 3441 2795 3510; x_wconf 79' lang='lat'><strong>(26‚1·28,15).</strong></span> 
     </span>
    </p>

    <p class='ocr_par' dir='ltr' id='par_1_13' title="bbox 485 3525 2927 3683">
     <span class='ocr_line' id='line_1_37' title="bbox 485 3525 2927 3597; baseline 0.001 -19"><span class='ocrx_word' id='word_1_341' title='bbox 485 3529 536 3578; x_wconf 84' lang='lat'><strong>5.</strong></span> <span class='ocrx_word' id='word_1_342' title='bbox 570 3525 759 3596; x_wconf 85' lang='lat' dir='ltr'><strong>ltaque</strong></span> <span class='ocrx_word' id='word_1_343' title='bbox 787 3525 853 3580; x_wconf 89' lang='lat' dir='ltr'><strong>iis</strong></span> <span class='ocrx_word' id='word_1_344' title='bbox 879 3526 1145 3597; x_wconf 86' lang='lat' dir='ltr'><strong>neglectis</strong></span> <span class='ocrx_word' id='word_1_345' title='bbox 1168 3526 1440 3580; x_wconf 90' lang='lat' dir='ltr'><strong>Dominus</strong></span> <span class='ocrx_word' id='word_1_346' title='bbox 1463 3525 1763 3595; x_wconf 86' lang='lat' dir='ltr'><strong>Apostolos</strong></span> <span class='ocrx_word' id='word_1_347' title='bbox 1793 3525 1981 3594; x_wconf 88' lang='lat' dir='ltr'><strong>mittit,</strong></span> <span class='ocrx_word' id='word_1_348' title='bbox 2017 3532 2079 3579; x_wconf 89' lang='lat' dir='ltr'><strong>ut</strong></span> <span class='ocrx_word' id='word_1_349' title='bbox 2106 3539 2299 3580; x_wconf 88' lang='lat' dir='ltr'><strong>omnes</strong></span> <span class='ocrx_word' id='word_1_350' title='bbox 2332 3536 2523 3596; x_wconf 86' lang='lat' dir='ltr'><strong>gentes</strong></span> <span class='ocrx_word' id='word_1_351' title='bbox 2554 3527 2614 3582; x_wconf 89' lang='lat' dir='ltr'><strong>in</strong></span> <span class='ocrx_word' id='word_1_352' title='bbox 2652 3525 2927 3583; x_wconf 81' lang='lat' dir='ltr'><strong>Ecclesiam</strong></span> 
     </span>
     <span class='ocr_line' id='line_1_38' title="bbox 658 3613 1278 3683; baseline 0.002 -17"><span class='ocrx_word' id='word_1_353' title='bbox 658 3613 924 3683; x_wconf 86' lang='lat' dir='ltr'><strong>recipiant</strong></span> <span class='ocrx_word' id='word_1_354' title='bbox 953 3613 1278 3680; x_wconf 78' lang='grc'>(28,16-20).</span> 
     </span>
    </p>
   </div>
   <div class='ocr_carea' id='block_1_5' title="bbox 637 3797 2727 3860">
    <p class='ocr_par' dir='ltr' id='par_1_14' title="bbox 637 3797 2727 3860">
     <span class='ocr_line' id='line_1_39' title="bbox 637 3797 2727 3860; baseline 0.003 -17"><span class='ocrx_word' id='word_1_355' title='bbox 637 3798 905 3855; x_wconf 72' lang='lat' dir='ltr'><strong>QuAnsrro</strong></span> <span class='ocrx_word' id='word_1_356' title='bbox 934 3797 1025 3846; x_wconf 84' lang='lat' dir='ltr'><strong>v1.</strong></span> <span class='ocrx_word' id='word_1_357' title='bbox 1045 3825 1106 3834; x_wconf 95' lang='lat'><strong>—</strong></span> <span class='ocrx_word' id='word_1_358' title='bbox 1130 3799 1238 3856; x_wconf 87' lang='lat' dir='ltr'><strong>Quo</strong></span> <span class='ocrx_word' id='word_1_359' title='bbox 1267 3799 1376 3846; x_wconf 90' lang='lat' dir='ltr'><strong>loco</strong></span> <span class='ocrx_word' id='word_1_360' title='bbox 1399 3801 1450 3844; x_wconf 80' lang='lat' dir='ltr'><strong>et</strong></span> <span class='ocrx_word' id='word_1_361' title='bbox 1479 3803 1697 3856; x_wconf 71' lang='lat' dir='ltr'><strong>tempore</strong></span> <span class='ocrx_word' id='word_1_362' title='bbox 1720 3797 1769 3846; x_wconf 83' lang='lat' dir='ltr'><strong>S.</strong></span> <span class='ocrx_word' id='word_1_363' title='bbox 1800 3797 2087 3845; x_wconf 69' lang='lat' dir='ltr'><strong>Matthaeus</strong></span> <span class='ocrx_word' id='word_1_364' title='bbox 2112 3798 2437 3859; x_wconf 72' lang='lat' dir='ltr'><strong>Evangelinm</strong></span> <span class='ocrx_word' id='word_1_365' title='bbox 2456 3801 2727 3860; x_wconf 78' lang='lat' dir='ltr'><strong>scripserit.</strong></span> 
     </span>
    </p>
   </div>
   <div class='ocr_carea' id='block_1_6' title="bbox 408 3955 2929 4528">
    <p class='ocr_par' dir='ltr' id='par_1_15' title="bbox 408 3955 2929 4420">
     <span class='ocr_line' id='line_1_40' title="bbox 491 3955 2929 4037; baseline 0.002 -24"><span class='ocrx_word' id='word_1_366' title='bbox 491 3960 587 4014; x_wconf 75' lang='lat'><strong>14.</strong></span> <span class='ocrx_word' id='word_1_367' title='bbox 611 3989 684 3998; x_wconf 90' lang='lat'>—</span> <span class='ocrx_word' id='word_1_368' title='bbox 711 3958 864 4016; x_wconf 91' lang='lat' dir='ltr'><strong>Cum</strong></span> <span class='ocrx_word' id='word_1_369' title='bbox 893 3957 1182 4017; x_wconf 87' lang='lat' dir='ltr'><strong>Patribus</strong></span> <span class='ocrx_word' id='word_1_370' title='bbox 1203 3955 1606 4017; x_wconf 85' lang='lat' dir='ltr'><strong>consentiunt</strong></span> <span class='ocrx_word' id='word_1_371' title='bbox 1621 3956 1997 4034; x_wconf 88' lang='lat' dir='ltr'><strong>interpretes</strong></span> <span class='ocrx_word' id='word_1_372' title='bbox 2026 3958 2428 4032; x_wconf 78' lang='lat' dir='ltr'><strong>recentioreS,</strong></span> <span class='ocrx_word' id='word_1_373' title='bbox 2447 3960 2733 4037; x_wconf 87' lang='lat' dir='ltr'><strong>primum</strong></span> <span class='ocrx_word' id='word_1_374' title='bbox 2752 3963 2929 4020; x_wconf 78' lang='lat' dir='ltr'><strong>Evan-</strong></span> 
     </span>
     <span class='ocr_line' id='line_1_41' title="bbox 408 4051 2927 4132; baseline 0.001 -21"><span class='ocrx_word' id='word_1_375' title='bbox 408 4053 646 4130; x_wconf 86' lang='lat' dir='ltr'><strong>gelium</strong></span> <span class='ocrx_word' id='word_1_376' title='bbox 677 4053 742 4111; x_wconf 92' lang='lat' dir='ltr'><strong>in</strong></span> <span class='ocrx_word' id='word_1_377' title='bbox 771 4054 1003 4113; x_wconf 88' lang='lat' dir='ltr'><strong>Iudaea</strong></span> <span class='ocrx_word' id='word_1_378' title='bbox 1033 4070 1105 4113; x_wconf 89' lang='lat' dir='ltr'><strong>ac</strong></span> <span class='ocrx_word' id='word_1_379' title='bbox 1135 4051 1547 4131; x_wconf 84' lang='lat' dir='ltr'><strong>probabiliter</strong></span> <span class='ocrx_word' id='word_1_380' title='bbox 1574 4052 1976 4130; x_wconf 86' lang='lat' dir='ltr'><strong>lerosolymis</strong></span> <span class='ocrx_word' id='word_1_381' title='bbox 2008 4071 2143 4113; x_wconf 89' lang='lat' dir='ltr'><strong>esse</strong></span> <span class='ocrx_word' id='word_1_382' title='bbox 2182 4055 2632 4132; x_wconf 86' lang='lat' dir='ltr'><strong>conscriptum.</strong></span> <span class='ocrx_word' id='word_1_383' title='bbox 2668 4057 2803 4126; x_wconf 87' lang='lat' dir='ltr'><strong>Quo</strong></span> <span class='ocrx_word' id='word_1_384' title='bbox 2831 4071 2927 4114; x_wconf 85' lang='lat' dir='ltr'><strong>au-</strong></span> 
     </span>
     <span class='ocr_line' id='line_1_42' title="bbox 409 4149 2929 4226; baseline -0.001 -18"><span class='ocrx_word' id='word_1_385' title='bbox 409 4153 539 4208; x_wconf 87' lang='lat' dir='ltr'><strong>tem</strong></span> <span class='ocrx_word' id='word_1_386' title='bbox 567 4153 852 4226; x_wconf 84' lang='lat' dir='ltr'><strong>tempore</strong></span> <span class='ocrx_word' id='word_1_387' title='bbox 883 4150 965 4209; x_wconf 87' lang='lat' dir='ltr'><strong>sit</strong></span> <span class='ocrx_word' id='word_1_388' title='bbox 993 4155 1309 4209; x_wconf 82' lang='lat' dir='ltr'><strong>exaratum</strong></span> <span class='ocrx_word' id='word_1_389' title='bbox 1327 4194 1342 4222; x_wconf 93' lang='lat'><strong>,</strong></span> <span class='ocrx_word' id='word_1_390' title='bbox 1375 4165 1493 4208; x_wconf 88' lang='lat' dir='ltr'><strong>nec</strong></span> <span class='ocrx_word' id='word_1_391' title='bbox 1519 4149 1774 4208; x_wconf 85' lang='lat' dir='ltr'><strong>Patrum</strong></span> <span class='ocrx_word' id='word_1_392' title='bbox 1804 4149 2165 4210; x_wconf 85' lang='lat' dir='ltr'><strong>testimonia</strong></span> <span class='ocrx_word' id='word_1_393' title='bbox 2193 4168 2308 4210; x_wconf 87' lang='lat' dir='ltr'><strong>nec</strong></span> <span class='ocrx_word' id='word_1_394' title='bbox 2346 4151 2626 4211; x_wconf 86' lang='lat' dir='ltr'><strong>internae</strong></span> <span class='ocrx_word' id='word_1_395' title='bbox 2664 4153 2929 4213; x_wconf 70' lang='lat' dir='ltr'><strong>rat-iones</strong></span> 
     </span>
     <span class='ocr_line' id='line_1_43' title="bbox 409 4244 2929 4323; baseline -0.002 -18"><span class='ocrx_word' id='word_1_396' title='bbox 409 4249 580 4306; x_wconf 81' lang='lat' dir='ltr'><strong>extra</strong></span> <span class='ocrx_word' id='word_1_397' title='bbox 618 4245 1074 4305; x_wconf 82' lang='lat' dir='ltr'><strong>dubitationem</strong></span> <span class='ocrx_word' id='word_1_398' title='bbox 1112 4249 1385 4323; x_wconf 87' lang='lat' dir='ltr'><strong>ponunt;</strong></span> <span class='ocrx_word' id='word_1_399' title='bbox 1427 4244 1818 4322; x_wconf 88' lang='lat' dir='ltr'><strong>probabilior</strong></span> <span class='ocrx_word' id='word_1_400' title='bbox 1854 4250 2065 4306; x_wconf 84' lang='lat' dir='ltr'><strong>tamen</strong></span> <span class='ocrx_word' id='word_1_401' title='bbox 2104 4247 2416 4307; x_wconf 83' lang='lat' dir='ltr'><strong>sententia</strong></span> <span class='ocrx_word' id='word_1_402' title='bbox 2453 4247 2711 4308; x_wconf 90' lang='lat' dir='ltr'><strong>ultimos</strong></span> <span class='ocrx_word' id='word_1_403' title='bbox 2747 4263 2929 4308; x_wconf 78' lang='lat' dir='ltr'><strong>annos</strong></span> 
     </span>
     <span class='ocr_line' id='line_1_44' title="bbox 409 4340 1960 4420; baseline 0.001 -19"><span class='ocrx_word' id='word_1_404' title='bbox 409 4341 663 4418; x_wconf 85' lang='lat' dir='ltr'><strong>quintae</strong></span> <span class='ocrx_word' id='word_1_405' title='bbox 694 4340 946 4401; x_wconf 82' lang='lat' dir='ltr'><strong>decadis</strong></span> <span class='ocrx_word' id='word_1_406' title='bbox 974 4358 1100 4402; x_wconf 90' lang='lat' dir='ltr'><strong>aer.</strong></span> <span class='ocrx_word' id='word_1_407' title='bbox 1134 4341 1346 4402; x_wconf 86' lang='lat' dir='ltr'><strong>christ.</strong></span> <span class='ocrx_word' id='word_1_408' title='bbox 1383 4340 1672 4420; x_wconf 77' lang='lat'><strong>(44.-50.)</strong></span> <span class='ocrx_word' id='word_1_409' title='bbox 1706 4341 1960 4403; x_wconf 85' lang='lat' dir='ltr'><strong>indicat.</strong></span> 
     </span>
    </p>

    <p class='ocr_par' dir='ltr' id='par_1_16' title="bbox 475 4452 2927 4528">
     <span class='ocr_line' id='line_1_45' title="bbox 475 4452 2927 4528; baseline 0 -20"><span class='ocrx_word' id='word_1_410' title='bbox 475 4453 740 4508; x_wconf 89' lang='lat' dir='ltr'><strong>Unanimi</strong></span> <span class='ocrx_word' id='word_1_411' title='bbox 769 4468 1037 4508; x_wconf 88' lang='lat' dir='ltr'><strong>consensu</strong></span> <span class='ocrx_word' id='word_1_412' title='bbox 1059 4452 1286 4510; x_wconf 87' lang='lat' dir='ltr'><strong>tradunt</strong></span> <span class='ocrx_word' id='word_1_413' title='bbox 1313 4457 1523 4520; x_wconf 81' lang='lat' dir='ltr'><strong>PatreS,</strong></span> <span class='ocrx_word' id='word_1_414' title='bbox 1560 4455 1615 4509; x_wconf 91' lang='lat' dir='ltr'><strong>S.</strong></span> <span class='ocrx_word' id='word_1_415' title='bbox 1648 4454 1991 4510; x_wconf 77' lang='lat' dir='ltr'><strong>Matthaeum</strong></span> <span class='ocrx_word' id='word_1_416' title='bbox 2020 4455 2547 4512; x_wconf 85' lang='lat' dir='ltr'><strong>Iudaeochristianis</strong></span> <span class='ocrx_word' id='word_1_417' title='bbox 2568 4455 2927 4528; x_wconf 72' lang='lat' dir='ltr'><strong>palaestinen·</strong></span> 
     </span>
    </p>
   </div>
   <div class='ocr_carea' id='block_1_7' title="bbox 407 4537 2929 4704">
    <p class='ocr_par' dir='ltr' id='par_1_17' title="bbox 407 4537 2929 4704">
     <span class='ocr_line' id='line_1_46' title="bbox 407 4537 2929 4613; baseline 0.001 -21"><span class='ocrx_word' id='word_1_418' title='bbox 407 4537 557 4593; x_wconf 89' lang='lat' dir='ltr'><strong>sibus</strong></span> <span class='ocrx_word' id='word_1_419' title='bbox 583 4553 744 4594; x_wconf 87' lang='lat' dir='ltr'><strong>suum</strong></span> <span class='ocrx_word' id='word_1_420' title='bbox 773 4541 1129 4611; x_wconf 80' lang='lat' dir='ltr'><strong>Evangelium</strong></span> <span class='ocrx_word' id='word_1_421' title='bbox 1153 4541 1473 4606; x_wconf 86' lang='lat' dir='ltr'><strong>destinasse,</strong></span> <span class='ocrx_word' id='word_1_422' title='bbox 1496 4556 1665 4612; x_wconf 87' lang='lat' dir='ltr'><strong>quam</strong></span> <span class='ocrx_word' id='word_1_423' title='bbox 1692 4540 2043 4597; x_wconf 89' lang='lat' dir='ltr'><strong>traditionem</strong></span> <span class='ocrx_word' id='word_1_424' title='bbox 2068 4541 2284 4599; x_wconf 89' lang='lat' dir='ltr'><strong>indoles</strong></span> <span class='ocrx_word' id='word_1_425' title='bbox 2310 4543 2437 4598; x_wconf 90' lang='lat' dir='ltr'><strong>libri</strong></span> <span class='ocrx_word' id='word_1_426' title='bbox 2464 4542 2786 4606; x_wconf 55' lang='lat' dir='ltr'><strong>confit-man</strong></span> <span class='ocrx_word' id='word_1_427' title='bbox 2810 4557 2929 4613; x_wconf 87' lang='lat' dir='ltr'><strong>qua-</strong></span> 
     </span>
     <span class='ocr_line' id='line_1_47' title="bbox 409 4625 2923 4704; baseline 0.002 -26"><span class='ocrx_word' id='word_1_428' title='bbox 409 4633 634 4696; x_wconf 87' lang='lat' dir='ltr'><strong>propter</strong></span> <span class='ocrx_word' id='word_1_429' title='bbox 675 4626 840 4680; x_wconf 86' lang='lat' dir='ltr'><strong>etiam</strong></span> <span class='ocrx_word' id='word_1_430' title='bbox 882 4625 1123 4693; x_wconf 88' lang='lat' dir='ltr'><strong>deloco,</strong></span> <span class='ocrx_word' id='word_1_431' title='bbox 1155 4643 1266 4699; x_wconf 90' lang='lat' dir='ltr'><strong>quo</strong></span> <span class='ocrx_word' id='word_1_432' title='bbox 1315 4629 1551 4700; x_wconf 88' lang='lat' dir='ltr'><strong>scriptus</strong></span> <span class='ocrx_word' id='word_1_433' title='bbox 1580 4637 1682 4694; x_wconf 91' lang='lat' dir='ltr'><strong>est,</strong></span> <span class='ocrx_word' id='word_1_434' title='bbox 1727 4644 1838 4684; x_wconf 89' lang='lat' dir='ltr'><strong>non</strong></span> <span class='ocrx_word' id='word_1_435' title='bbox 1882 4636 2062 4700; x_wconf 88' lang='lat' dir='ltr'><strong>potest</strong></span> <span class='ocrx_word' id='word_1_436' title='bbox 2106 4629 2377 4700; x_wconf 85' lang='lat' dir='ltr'><strong>dubitari,</strong></span> <span class='ocrx_word' id='word_1_437' title='bbox 2424 4647 2603 4704; x_wconf 89' lang='lat' dir='ltr'><strong>neque</strong></span> <span class='ocrx_word' id='word_1_438' title='bbox 2644 4646 2788 4702; x_wconf 89' lang='lat' dir='ltr'><strong>opus</strong></span> <span class='ocrx_word' id='word_1_439' title='bbox 2820 4635 2923 4692; x_wconf 81' lang='lat' dir='ltr'><strong>est,</strong></span> 
     </span>
    </p>
   </div>
   <div class='ocr_carea' id='block_1_8' title="bbox 3021 1927 3025 2492">
    <p class='ocr_par' dir='ltr' id='par_1_18' title="bbox 3021 1927 3025 2492">
     <span class='ocr_line' id='line_1_48' title="bbox 3021 1927 3025 2492; baseline 0 0"><span class='ocrx_word' id='word_1_440' title='bbox 3021 1927 3025 2492; x_wconf 95' lang='lat' dir='ltr'><strong> </strong></span> 
     </span>
    </p>
   </div>
   <div class='ocr_carea' id='block_1_9' title="bbox 3021 2833 3023 3465">
    <p class='ocr_par' dir='ltr' id='par_1_19' title="bbox 3021 2833 3023 3465">
     <span class='ocr_line' id='line_1_49' title="bbox 3021 2833 3023 3465; baseline 0 0"><span class='ocrx_word' id='word_1_441' title='bbox 3021 2833 3023 3465; x_wconf 95' lang='lat' dir='ltr'><strong> </strong></span> 
     </span>
    </p>
   </div>
  </div>
 </body>
</html>
