3050 5184
372 291 489 351 286
586 303 665 347 DE
704 304 845 347 vn.
890 300 1147 345 vastum.
1192 298 1384 343 mma
1423 295 1782 343 mstomms.
1827 312 1906 325 -
1952 296 2084 345 CAP.
2130 300 2190 342 X.
2239 299 2314 343 DE
2355 300 2530 345 uano
2569 298 2826 343 esrm.

372 443 587 503 autem,
620 430 771 505 quod
804 452 830 483 α
860 429 1265 489 Mardochaeus
1292 428 1431 485 baec
1458 427 1644 484 omnia
1671 426 1954 499 scripsisse
1981 435 2038 485 et
2063 430 2238 485 literis
2263 429 2670 500 comprehensa
2699 427 2776 487 ad
2824 430 2930 484 lu·

370 521 543 577 dacos
568 520 785 577 misisse
818 540 844 571 n
876 518 1081 574 diserte
1108 516 1327 573 dicatur
1365 517 1567 585 (9,2o);
1591 529 1734 586 quae
1763 514 1960 584 verba,
1993 516 2100 571 etsi
2129 515 2198 571 de
2225 516 2349 573 aliis
2374 517 2795 573 commentariis
2825 532 2934 589 per

374 606 808 664 Mardochaeum
832 605 1053 677 scriptis
1077 619 1176 675 per
1202 619 1261 659 se
1288 602 1517 674 intelligi
1547 602 1785 672 possint,
1818 602 2000 673 aptius
2025 611 2218 659 tamen
2243 602 2315 660 de
2353 604 2568 676 integra
2591 604 2936 659 narratione

372 695 771 767 intelliguntur,
795 694 853 748 in
894 706 1004 765 qua
1048 706 1225 763 usque
1268 689 1341 745 ad
1368 694 1496 758 932
1525 704 1597 744 ne
1619 687 1916 744 verbulum
1943 688 2168 760 quidem
2210 689 2464 760 habetur,
2497 690 2649 763 quod
2695 688 2936 747 Mardo-

370 782 545 838 chaeo
572 780 799 838 attribui
826 788 1087 851 nequeat.
1110 808 1184 819 —
1204 776 1385 833 Aliter
1412 783 1600 831 autem
1635 790 1696 831 se
1723 790 1814 831 res
1848 774 2018 831 habet
2044 775 2116 831 de
2143 782 2385 847 9,23-28.
2425 782 2608 846 29-32,
2640 792 2788 849 quae
2813 778 2940 833 im·—

372 868 595 939 puriore
629 868 774 941 stylo
802 864 1113 937 conscripta
1139 872 1356 920 certum
1398 864 1513 919 iam
1557 870 1778 934 tempus
1803 878 1838 918 a
1874 862 2057 933 prima
2093 863 2218 920 festi
2253 864 2602 921 institutione
2637 863 2944 922 effluxisse

370 962 689 1027 supponunt
712 954 952 1025 ideoque
978 968 1013 1008 a
1040 952 1255 1009 iuniore
1282 948 1552 1021 scriptore
1583 948 1774 1006 addita
1801 948 2006 1005 merito
2035 948 2313 1007 dicuntur.
2347 951 2499 1007 Nihil
2527 958 2718 1007 autem
2747 960 2943 1019 vetat,

370 1043 667 1113 quominus
696 1040 926 1096 Esdram
954 1039 1093 1095 baec
1129 1037 1409 1095 addidisse
1438 1036 1754 1108 librumque
1781 1036 2107 1093 terminasse
2134 1037 2403 1095 dicamus.

440 1132 635 1200 Neque
656 1129 809 1183 enim
833 1134 984 1183 recte
1001 1126 1173 1196 aliqui
1195 1142 1263 1181 ex
1286 1125 1469 1195 operis
1489 1124 1680 1196 lingua
1702 1122 1964 1180 hebraica
1983 1124 2120 1181 satis
2135 1126 2356 1196 impura
2379 1125 2750 1195 concludunt,
2773 1127 2950 1183 illud

374 1214 579 1271 Esdrae
606 1224 789 1271 aetate
814 1228 935 1269 esse
960 1213 1263 1279 recentius,
1285 1211 1556 1283 impurior
1584 1211 1732 1266 enim
1757 1210 1976 1284 lingua,
1999 1226 2170 1283 quam
2197 1212 2256 1267 in
2273 1212 2485 1269 Fsdrae
2505 1223 2562 1269 et
2585 1214 2842 1285 Paralip.
2875 1214 2948 1271 li·

372 1304 513 1369 bris,
541 1317 653 1358 non
675 1310 788 1369 est,
818 1310 986 1373 atque
1015 1315 1189 1372 pauca
1215 1299 1430 1371 persica
1459 1297 1726 1355 vocabula
1745 1296 1994 1355 adhibita
2019 1297 2079 1354 id
2089 1315 2274 1369 ‚unum
2295 1298 2700 1371 demonstrant,
2726 1310 2950 1359 aucto·

372 1405 487 1445 rem
508 1390 569 1445 in
585 1390 769 1445 Persia
800 1390 1015 1444 vixisse.
1042 1390 1250 1443 Parum
1274 1394 1403 1455 apte
1428 1400 1655 1457 quoque
1680 1384 1776 1441 alii
1820 1401 1890 1441 ex
1917 1401 2008 1453 eo,
2043 1384 2196 1458 quod
2219 1387 2490 1443 nonnulla
2517 1385 2590 1443 ad
2615 1389 2950 1445 Persarum

372 1477 656 1533 historiam
681 1485 739 1532 et
764 1490 949 1531 mores
966 1474 1271 1546 spectantia
1294 1474 1642 1545 explicantur
1662 1474 1798 1542 (m.
1831 1478 1930 1541 ης
1951 1476 2090 1543 8,8),
2111 1471 2398 1529 deducunt
2415 1490 2556 1546 opus
2571 1484 2700 1547 post
2717 1478 2950 1546 persici

368 1563 587 1632 imperii
610 1563 895 1619 interitum
922 1578 1041 1617 esse
1067 1559 1471 1629 conscriptum3
1503 1574 1636 1615 nam
1658 1560 1838 1615 multo
1865 1559 2056 1631 plures
2081 1576 2172 1617 res
2193 1561 2440 1633 persicae
2461 1560 2764 1619 lectoribus
2797 1580 2950 1619 om-

368 1651 500 1706 uino
524 1658 915 1721 supponuntur
941 1649 1224 1720 cognitae,
1256 1656 1427 1719 atque
1455 1648 1593 1716 tria,
1625 1662 1768 1719 quae
1801 1646 2154 1717 obiiciuntur‚
2187 1646 2260 1705 ab
2291 1656 2519 1705 auctore
2545 1649 2850 1720 aptissime
2883 1653 2948 1707 in

369 1738 693 1793 memoriam
718 1743 1089 1793 revocantur:
1118 1733 1443 1807 magnitudo
1466 1734 1684 1807 imperii
1711 1735 1907 1803 persici
1933 1737 2086 1805 (1,1)‚
2114 1743 2178 1790 ut
2194 1735 2426 1807 periculi
2447 1736 2688 1808 gravitas
2709 1738 2950 1795 clarius

370 1824 755 1895 perspiciatur3
786 1823 1116 1894 sapientium
1132 1822 1445 1889 eonsilium,
1478 1838 1591 1893 quo
1613 1835 1777 1893 reges
1805 1821 2003 1893 persici
2029 1821 2329 1878 utebantur
2349 1822 2408 1879 in
2432 1822 2642 1895 legibus
2667 1823 2948 1883 serendis

369 1913 558 1981 (mxl),
590 1920 652 1967 ut
688 1909 952 1967 iniustitia
995 1910 1203 1967 decreti
1234 1894 1473 1967 'Ananis
1515 1917 1906 1981 cognoscatur,
1945 1908 2098 1981 quod
2137 1910 2291 1965 nullo
2321 1910 2630 1966 consiliario
2659 1910 2947 1971 adhibito

369 2000 541 2053 latum
568 2007 653 2054 est
682 2000 949 2065 (3,8-10);
972 1996 1395 2053 immutabilitas
1418 1995 1774 2053 decretorum
1804 1994 2146 2067 persicorum
2176 1998 2334 2067 (8,8)‚
2369 2012 2512 2069 quae
2540 1995 2612 2053 ad
2637 1998 2946 2073 integram

368 2086 741 2141 narrationem
764 2083 1177 2157 intelligendam
1210 2082 1435 2156 cognitu
1466 2091 1556 2139 est
1575 2084 1915 2152 necessaria;
1944 2098 2076 2139 nam
2107 2084 2235 2154 quia
2261 2102 2287 2136 ι
2317 2083 2604 2141 decretum
2639 2086 2946 2159 scriptum

367 2173 589 2231 nomine
615 2172 761 2245 regis
784 2180 839 2228 et
860 2172 1212 2245 obsignatum
1238 2170 1418 2243 sigillo
1448 2171 1596 2243 regis
1621 2186 1738 2229 non
1772 2168 1956 2243 potuit
1981 2170 2234 2227 irritum
2259 2168 2400 2241 fieri
2427 2192 2479 2237 n,
2507 2171 2633 2228 ideo
2673 2174 2946 2233 alterum

364 2259 650 2316 decretum
678 2258 1081 2331 requirebatur,
1115 2274 1225 2329 quo
1254 2257 1475 2315 Iudaeis
1508 2256 1601 2314 die
1635 2256 1794 2313 caedi
1822 2273 2016 2315 eorum
2048 2258 2320 2313 destinata
2348 2258 2434 2313 ius
2461 2258 2948 2332 belligerantium

367 2348 534 2415 (8,ll)
564 2344 992 2402 concedebatur.
1018 2376 1092 2386 —
1130 2347 1373 2405 Demum
1410 2344 1454 2399 si
1500 2366 1525 2396 α
1567 2352 1794 2415 propter
1836 2344 2134 2403 ulciscendi
2176 2345 2494 2417 cupidinem
2534 2355 2589 2402 et
2623 2351 2950 2422 sanguinis

364 2434 540 2502 sitim,
590 2433 791 2505 quibus
829 2433 1096 2505 originem
1138 2432 1341 2489 debeat
1378 2452 1431 2500 n,
1468 2432 1635 2487 aetati
1670 2430 2094 2489 Seleucidarum
2119 2431 2323 2491 librum
2363 2432 2682 2490 adscribere
2719 2439 2948 2495 volunt

364 2520 771 2589 rationalistae,
790 2521 1010 2593 iniquae
1032 2528 1284 2575 textuum
1310 2518 1753 2590 interpretationi
1773 2532 1970 2574 eorum
1988 2518 2230 2575 obiectio
2248 2520 2520 2576 innititur.
2546 2522 2739 2577 lustae
2773 2526 2950 2581 enim

363 2607 700 2663 defensionis
724 2608 931 2663 limites
956 2606 1287 2680 transgressi
1312 2621 1425 2662 non
1453 2614 1584 2662 sunt
1610 2604 2022 2661 Mardochaeus
2044 2614 2102 2661 et
2124 2606 2356 2676 Esther;
2381 2622 2622 2680 namque
2641 2614 2946 2680 quoniam

362 2694 670 2750 secundum
710 2696 861 2769 leges
900 2694 1142 2765 persicas
1179 2693 1463 2749 decretum
1496 2690 1725 2749 caedem
1760 2692 2097 2749 Iudaeorum
2134 2694 2518 2765 praescribens
2557 2702 2838 2755 revocari
2887 2712 2946 2756 et

364 2782 583 2837 irritum
609 2782 728 2838 fieri
754 2798 869 2838 non
891 2782 1101 2852 potuit,
1127 2782 1233 2838 alia
1260 2780 1455 2837 salutis
1478 2782 1566 2837 via
1615 2777 1836 2837 ludaeis
1860 2796 1976 2835 non
2019 2780 2222 2851 patuit,
2251 2795 2422 2852 quam
2447 2789 2513 2837 ut
2538 2782 2799 2841 alterum
2831 2787 2946 2843 de-

362 2878 575 2925 cretum
611 2870 826 2941 regium
863 2876 1215 2940 expeterent,
1250 2884 1363 2941 quo
1404 2868 1489 2923 ius
1524 2866 1736 2923 liberae
1778 2865 2117 2923 defensionis
2143 2866 2477 2925 obtinerent.
2511 2868 2718 2927 Esther
2765 2889 2942 2938 vero,

360 2958 407 3012 si
434 2972 467 3012 a
497 2971 628 3028 rege
662 2956 982 3027 postulavit,
1017 2965 1083 3012 ut
1122 2954 1347 3013 Iudaeis
1380 2953 1612 3012 daretur
1639 2972 1665 3006 ι
1697 2962 1942 3026 potestas
1985 2951 2221 3009 faciendi
2249 2972 2386 3010 cras
2413 2959 2478 3011 in
2503 2956 2718 3026 susan,
2785 2963 2948 3021 sieut

360 3042 527 3099 hodie
570 3043 822 3099 fecerunt
849 3063 875 3094 n
919 3044 1112 3113 (9,13)‚
1146 3042 1206 3098 id
1252 3058 1427 3099 unum
1454 3040 1722 3111 intendit,
1756 3049 1820 3097 ut
1846 3042 2099 3110 Susani8‚
2131 3042 2276 3097 inter
2318 3057 2459 3113 quos
2493 3046 2674 3100 Aman
2713 3054 2946 3117 procul

358 3130 529 3185 dubio
556 3132 764 3185 multos
790 3130 1029 3185 asseclas
1048 3129 1263 3193 habuit,
1285 3128 1467 3185 maior
1491 3137 1675 3185 terror
1695 3129 2059 3196 incuteretur,
2088 3132 2160 3184 ne
2181 3128 2386 3185 iterum
2413 3128 2648 3187 Iudaeos
2675 3138 2942 3207 aggredi

358 3216 647 3273 auderent.

438 3370 496 3425 4.
528 3400 609 3409 —-
636 3365 801 3436 Quae
827 3368 907 3427 de
939 3368 1348 3429 Mardochaeo
1378 3368 1529 3429 libri
1555 3371 1812 3428 auctore
1838 3367 2004 3428 dicta
2042 3374 2220 3444 sunt,
2247 3386 2320 3429 ea
2353 3370 2431 3430 de
2469 3371 2700 3447 inteqro
2753 3376 2942 3439 libro
3049 3419 3050 3434 ,

360 3461 785 3539 intelligantur
808 3469 1086 3540 oportet;
1116 3465 1354 3525 etenim
1380 3463 1445 3523 in
1472 3464 1799 3542 primitivo
1829 3464 1992 3524 libro
2023 3463 2218 3525 etiam
2241 3465 2704 3539 additamenta,
2759 3492 2940 3551 quae
3049 3459 3050 3476 ¹

358 3557 546 3617 hodie
572 3558 637 3617 in
656 3561 833 3618 textu
853 3558 1147 3620 hebraico
1168 3559 1630 3631 desiderantur,
1655 3559 1934 3621 adfuisse
1957 3566 2200 3621 certum
2223 3566 2350 3635 θείς
2375 3562 2670 3623 mutilum
2687 3575 2938 3631 autem

358 3654 619 3723 librum,
653 3654 827 3714 omni
858 3654 988 3714 sere
1014 3654 1366 3716 charactere
1392 3656 1691 3733 religioso
1723 3656 2131 3731 destitutum,
2165 3657 2232 3717 in
2259 3674 2444 3719 suum
2469 3674 2798 3724 canonem
2836 3685 2940 3728 re·
3047 3658 3049 3731 ἐ

354 3753 662 3825 ceperunt
689 3749 933 3821 Iudaei,
966 3750 1214 3827 quando
1242 3752 1475 3812 festum
1508 3751 1727 3811 Purim
1767 3752 2068 3829 religioso
2111 3768 2228 3813 suo
2272 3753 2506 3813 amisso
2541 3753 2934 3823 charactere

354 3845 419 3903 in
448 3861 618 3905 mera
644 3846 986 3906 saturnalia
1006 3846 1383 3925 degenerare
1408 3851 1723 3926 coeperat.

422 3956 815 4013 Additamenta
843 3959 977 4013 olim
1016 3958 1075 4014 in
1110 3958 1371 4015 hebraico
1408 3960 1712 4030 exemplari
1739 3958 2008 4029 adfuisse,
2035 3978 2225 4033 supra
2255 3966 2306 4030 (5
2335 3967 2484 4032 ss,1)
2507 3964 2622 4019 iam
2661 3972 2932 4027 ostendi-

350 4058 493 4111 mus,
517 4053 683 4116 atque
702 4044 905 4101 frustra
934 4046 1276 4101 contendunt
1294 4046 1675 4118 protestantici
1693 4048 2053 4118 interpretes,
2073 4048 2448 4105 additamenta
2477 4066 2604 4105 cum
2635 4050 2932 4114 hebraico

351 4140 503 4185 textu
523 4147 798 4204 pugnare;
820 4133 952 4188 solis
970 4132 1117 4188 enim
1142 4134 1389 4188 erroneis
1413 4134 1957 4204 interpretationibus
1981 4134 2445 4193 contradictiones
2468 4146 2926 4211 extorquentur.

350 4217 783 4275 Mardocbaeum
808 4220 915 4275 iam
936 4226 988 4275 2.
1012 4236 1063 4275 a.
1088 4222 1313 4276 Assueri
1341 4220 1650 4293 praemium
1673 4220 1923 4277 detectae
1945 4222 2341 4279 coniurationis
2369 4226 2660 4297 recepisse,
2691 4244 2928 4303 nequa-

350 4319 517 4375 quam
543 4307 741 4362 asserit
774 4306 1014 4378 primum
1055 4306 1527 4376 additamentum,
1558 4309 1822 4380 quoniam
1864 4310 2047 4380 inepte
2079 4316 2200 4379 12,1
2233 4326 2357 4383 sqq.
2401 4310 2730 4369 immediate
2779 4334 2925 4375 cum

354 4397 477 4456 1¹,2
506 4392 887 4465 coniungitur3
917 4393 1133 4450 duabus
1158 4394 1301 4449 enim
1328 4396 1614 4466 particulis
1650 4402 1866 4465 11‚2-12
1895 4404 1952 4451 et
1983 4397 2408 4462 12‚1—6'constat
2427 4400 2750 4472 primigenii
2783 4404 2924 4463 libri

350 4478 715 4548 prooemium,
750 4489 805 4534 et
834 4482 1007 4537 altera
1036 4481 1244 4553 absque
1273 4482 1385 4537 ulla
1428 4484 1696 4555 temporis
1731 4482 2064 4541 indicatione
2101 4484 2272 4557 priori
2299 4486 2630 4559 adnectitur,
2667 4498 2740 4544 ut
2771 4491 2924 4549 duo-

348 4578 473 4619 rum
521 4564 845 4637 draconum,
878 4566 947 4624 de
995 4568 1193 4642 quibus
1240 4570 1390 4641 prior
1414 4568 1708 4642 (somnium
1751 4570 2129 4643 Mardochaei)
2175 4572 2314 4646 agit,
2357 4574 2584 4631 nomina
2621 4583 2680 4633 et
2709 4577 2922 4637 luctae

3045 3984 3047 4094 ι

3039 4870 3042 5013 Ι
