<?xml version="1.0" encoding="UTF-8"?>
<!DOCTYPE html PUBLIC "-//W3C//DTD XHTML 1.0 Transitional//EN"
    "http://www.w3.org/TR/xhtml1/DTD/xhtml1-transitional.dtd">
<html xmlns="http://www.w3.org/1999/xhtml" xml:lang="en" lang="en">
 <head>
  <title>
</title>
<meta http-equiv="Content-Type" content="text/html;charset=utf-8" />
  <meta name='ocr-system' content='tesseract 3.04.00' />
  <meta name='ocr-capabilities' content='ocr_page ocr_carea ocr_par ocr_line ocrx_word'/>
</head>
<body>
  <div class='ocr_page' id='page_1' title='image "./historicaeetcri00corngoog_0628.png"; bbox 0 0 3050 5184; ppageno 0'>
   <div class='ocr_carea' id='block_1_1' title="bbox 396 295 2921 354">
    <p class='ocr_par' dir='ltr' id='par_1_1' title="bbox 396 295 2921 354">
     <span class='ocr_line' id='line_1_1' title="bbox 396 295 2921 354; baseline -0.004 -3"><span class='ocrx_word' id='word_1_1' title='bbox 396 295 517 352; x_wconf 75' lang='grc'><strong>618</strong></span> <span class='ocrx_word' id='word_1_2' title='bbox 558 309 632 351; x_wconf 79' lang='lat' dir='ltr'><strong>nn</strong></span> <span class='ocrx_word' id='word_1_3' title='bbox 664 310 805 353; x_wconf 72' lang='lat' dir='ltr'><strong>Novi</strong></span> <span class='ocrx_word' id='word_1_4' title='bbox 839 309 1009 353; x_wconf 75' lang='lat' dir='ltr'><strong>Tsssr.</strong></span> <span class='ocrx_word' id='word_1_5' title='bbox 1041 309 1218 352; x_wconf 74' lang='lat' dir='ltr'><strong>Lumo</strong></span> <span class='ocrx_word' id='word_1_6' title='bbox 1246 309 1632 354; x_wconf 77' lang='lat' dir='ltr'><strong>rnorun‘rrcO.</strong></span> <span class='ocrx_word' id='word_1_7' title='bbox 1667 327 1744 335; x_wconf 90' lang='lat'>—</span> <span class='ocrx_word' id='word_1_8' title='bbox 1772 310 1848 353; x_wconf 74' lang='lat' dir='ltr'><strong>nn</strong></span> <span class='ocrx_word' id='word_1_9' title='bbox 1875 307 2230 352; x_wconf 77' lang='lat' dir='ltr'><strong>APOCALYPSI</strong></span> <span class='ocrx_word' id='word_1_10' title='bbox 2260 307 2318 350; x_wconf 80' lang='lat' dir='ltr'><strong>n.</strong></span> <span class='ocrx_word' id='word_1_11' title='bbox 2353 305 2588 351; x_wconf 59' lang='lat' dir='ltr'><strong>ioannis</strong></span> <span class='ocrx_word' id='word_1_12' title='bbox 2614 303 2921 350; x_wconf 66' lang='lat' dir='ltr'><strong>nos-rom.</strong></span> 
     </span>
    </p>
   </div>
   <div class='ocr_carea' id='block_1_2' title="bbox 399 434 2934 1559">
    <p class='ocr_par' dir='ltr' id='par_1_2' title="bbox 399 434 2934 1559">
     <span class='ocr_line' id='line_1_2' title="bbox 402 434 2930 510; baseline -0.002 -18"><span class='ocrx_word' id='word_1_13' title='bbox 402 437 651 494; x_wconf 89' lang='lat' dir='ltr'>hostibus</span> <span class='ocrx_word' id='word_1_14' title='bbox 678 441 908 494; x_wconf 86' lang='lat' dir='ltr'><strong>internis</strong></span> <span class='ocrx_word' id='word_1_15' title='bbox 940 448 997 494; x_wconf 88' lang='lat' dir='ltr'><strong>et</strong></span> <span class='ocrx_word' id='word_1_16' title='bbox 1024 442 1266 495; x_wconf 87' lang='lat' dir='ltr'><strong>externis</strong></span> <span class='ocrx_word' id='word_1_17' title='bbox 1302 447 1614 510; x_wconf 80' lang='lat' dir='ltr'><strong>reportatas</strong></span> <span class='ocrx_word' id='word_1_18' title='bbox 1647 447 2062 508; x_wconf 77' lang='lat' dir='ltr'><strong>spectaverant,</strong></span> <span class='ocrx_word' id='word_1_19' title='bbox 2087 438 2288 494; x_wconf 90' lang='lat' dir='ltr'><strong>animis</strong></span> <span class='ocrx_word' id='word_1_20' title='bbox 2321 437 2512 493; x_wconf 86' lang='lat' dir='ltr'><strong>deiecti</strong></span> <span class='ocrx_word' id='word_1_21' title='bbox 2551 435 2617 491; x_wconf 87' lang='lat' dir='ltr'><strong>de</strong></span> <span class='ocrx_word' id='word_1_22' title='bbox 2656 434 2930 505; x_wconf 85' lang='lat' dir='ltr'><strong>promisso</strong></span> 
     </span>
     <span class='ocr_line' id='line_1_3' title="bbox 400 521 2931 600; baseline -0.002 -20"><span class='ocrx_word' id='word_1_23' title='bbox 400 525 585 581; x_wconf 84' lang='lat' dir='ltr'><strong>divino</strong></span> <span class='ocrx_word' id='word_1_24' title='bbox 623 527 827 582; x_wconf 87' lang='lat' dir='ltr'><strong>auxilio</strong></span> <span class='ocrx_word' id='word_1_25' title='bbox 868 527 1121 584; x_wconf 89' lang='lat' dir='ltr'><strong>dubitare</strong></span> <span class='ocrx_word' id='word_1_26' title='bbox 1158 531 1495 598; x_wconf 81' lang='lat' dir='ltr'><strong>coeperunt?</strong></span> <span class='ocrx_word' id='word_1_27' title='bbox 1530 527 1584 582; x_wconf 90' lang='lat' dir='ltr'><strong>Si</strong></span> <span class='ocrx_word' id='word_1_28' title='bbox 1620 527 1732 582; x_wconf 89' lang='lat' dir='ltr'><strong>iam</strong></span> <span class='ocrx_word' id='word_1_29' title='bbox 1769 527 1995 600; x_wconf 87' lang='lat' dir='ltr'><strong>triginta</strong></span> <span class='ocrx_word' id='word_1_30' title='bbox 2023 527 2183 581; x_wconf 88' lang='lat' dir='ltr'><strong>annis</strong></span> <span class='ocrx_word' id='word_1_31' title='bbox 2219 534 2382 583; x_wconf 86' lang='lat' dir='ltr'><strong>antea</strong></span> <span class='ocrx_word' id='word_1_32' title='bbox 2416 545 2441 575; x_wconf 75' lang='grc' dir='ltr'>ι</span> <span class='ocrx_word' id='word_1_33' title='bbox 2463 525 2718 580; x_wconf 79' lang='lat' dir='ltr'><strong>illusores</strong></span> <span class='ocrx_word' id='word_1_34' title='bbox 2747 542 2778 573; x_wconf 73' lang='lat' dir='ltr'><strong>n</strong></span> <span class='ocrx_word' id='word_1_35' title='bbox 2817 521 2931 576; x_wconf 88' lang='lat' dir='ltr'><strong>irri-</strong></span> 
     </span>
     <span class='ocr_line' id='line_1_4' title="bbox 399 611 2931 686; baseline -0.001 -19"><span class='ocrx_word' id='word_1_36' title='bbox 399 612 591 668; x_wconf 85' lang='lat' dir='ltr'><strong>dentes</strong></span> <span class='ocrx_word' id='word_1_37' title='bbox 628 612 1102 683; x_wconf 76' lang='lat' dir='ltr'><strong>interrogaverant</strong></span> <span class='ocrx_word' id='word_1_38' title='bbox 1136 635 1150 671; x_wconf 88' lang='lat'>:</span> <span class='ocrx_word' id='word_1_39' title='bbox 1192 635 1217 664; x_wconf 72' lang='grc' dir='ltr'><strong>α</strong></span> <span class='ocrx_word' id='word_1_40' title='bbox 1258 615 1353 671; x_wconf 91' lang='lat' dir='ltr'><strong>ubi</strong></span> <span class='ocrx_word' id='word_1_41' title='bbox 1391 624 1475 670; x_wconf 89' lang='lat' dir='ltr'><strong>est</strong></span> <span class='ocrx_word' id='word_1_42' title='bbox 1512 614 1800 686; x_wconf 81' lang='lat' dir='ltr'><strong>promissio</strong></span> <span class='ocrx_word' id='word_1_43' title='bbox 1837 623 1935 672; x_wconf 91' lang='lat' dir='ltr'><strong>aut</strong></span> <span class='ocrx_word' id='word_1_44' title='bbox 1971 613 2240 670; x_wconf 86' lang='lat' dir='ltr'><strong>adventus</strong></span> <span class='ocrx_word' id='word_1_45' title='bbox 2273 611 2433 668; x_wconf 83' lang='lat' dir='ltr'><strong>eius?</strong></span> <span class='ocrx_word' id='word_1_46' title='bbox 2459 631 2484 662; x_wconf 72' lang='grc' dir='ltr'><strong>ιι</strong></span> <span class='ocrx_word' id='word_1_47' title='bbox 2522 611 2573 682; x_wconf 84' lang='lat'><strong>(2</strong></span> <span class='ocrx_word' id='word_1_48' title='bbox 2601 615 2764 666; x_wconf 73' lang='lat' dir='ltr'><strong>Petr.</strong></span> <span class='ocrx_word' id='word_1_49' title='bbox 2811 613 2931 673; x_wconf 73' lang='lat'><strong>3,4).</strong></span> 
     </span>
     <span class='ocr_line' id='line_1_5' title="bbox 400 697 2934 774; baseline -0.002 -20"><span class='ocrx_word' id='word_1_50' title='bbox 400 701 577 756; x_wconf 90' lang='lat' dir='ltr'><strong>multo</strong></span> <span class='ocrx_word' id='word_1_51' title='bbox 606 701 817 757; x_wconf 85' lang='lat' dir='ltr'><strong>maiore</strong></span> <span class='ocrx_word' id='word_1_52' title='bbox 853 718 981 758; x_wconf 88' lang='lat' dir='ltr'><strong>cum</strong></span> <span class='ocrx_word' id='word_1_53' title='bbox 1016 703 1259 758; x_wconf 86' lang='lat' dir='ltr'><strong>veritatis</strong></span> <span class='ocrx_word' id='word_1_54' title='bbox 1288 702 1470 774; x_wconf 89' lang='lat' dir='ltr'><strong>specie</strong></span> <span class='ocrx_word' id='word_1_55' title='bbox 1508 702 1604 758; x_wconf 90' lang='lat' dir='ltr'><strong>alii</strong></span> <span class='ocrx_word' id='word_1_56' title='bbox 1633 703 1886 759; x_wconf 86' lang='lat' dir='ltr'><strong>illusores</strong></span> <span class='ocrx_word' id='word_1_57' title='bbox 1923 710 2158 758; x_wconf 84' lang='lat' dir='ltr'><strong>exeunte</strong></span> <span class='ocrx_word' id='word_1_58' title='bbox 2195 715 2341 756; x_wconf 88' lang='lat' dir='ltr'><strong>saec.</strong></span> <span class='ocrx_word' id='word_1_59' title='bbox 2375 706 2424 754; x_wconf 93' lang='lat'><strong>1.</strong></span> <span class='ocrx_word' id='word_1_60' title='bbox 2455 697 2814 755; x_wconf 85' lang='lat' dir='ltr'><strong>Christianos</strong></span> <span class='ocrx_word' id='word_1_61' title='bbox 2847 697 2934 752; x_wconf 84' lang='lat' dir='ltr'><strong>hac</strong></span> 
     </span>
     <span class='ocr_line' id='line_1_6' title="bbox 400 785 2931 862; baseline -0.002 -21"><span class='ocrx_word' id='word_1_62' title='bbox 400 788 833 860; x_wconf 85' lang='lat' dir='ltr'><strong>interrogatione</strong></span> <span class='ocrx_word' id='word_1_63' title='bbox 872 789 943 845; x_wconf 89' lang='lat' dir='ltr'><strong>ad</strong></span> <span class='ocrx_word' id='word_1_64' title='bbox 977 788 1346 846; x_wconf 78' lang='lat' dir='ltr'><strong>desectionem</strong></span> <span class='ocrx_word' id='word_1_65' title='bbox 1382 790 1647 846; x_wconf 76' lang='lat' dir='ltr'><strong>seducere</strong></span> <span class='ocrx_word' id='word_1_66' title='bbox 1676 797 1996 862; x_wconf 87' lang='lat' dir='ltr'><strong>potuerunt.</strong></span> <span class='ocrx_word' id='word_1_67' title='bbox 2034 789 2242 845; x_wconf 85' lang='lat' dir='ltr'><strong>Contra</strong></span> <span class='ocrx_word' id='word_1_68' title='bbox 2283 787 2392 842; x_wconf 90' lang='lat' dir='ltr'><strong>hoc</strong></span> <span class='ocrx_word' id='word_1_69' title='bbox 2427 786 2592 858; x_wconf 86' lang='lat' dir='ltr'><strong>igitur</strong></span> <span class='ocrx_word' id='word_1_70' title='bbox 2617 785 2931 855; x_wconf 82' lang='lat' dir='ltr'><strong>periculum</strong></span> 
     </span>
     <span class='ocr_line' id='line_1_7' title="bbox 402 873 2932 950; baseline -0.002 -21"><span class='ocrx_word' id='word_1_71' title='bbox 402 873 591 930; x_wconf 84' lang='lat' dir='ltr'><strong>fideles</strong></span> <span class='ocrx_word' id='word_1_72' title='bbox 620 877 1067 945; x_wconf 87' lang='lat' dir='ltr'><strong>praemuniturus</strong></span> <span class='ocrx_word' id='word_1_73' title='bbox 1102 879 1254 933; x_wconf 91' lang='lat' dir='ltr'><strong>Deus</strong></span> <span class='ocrx_word' id='word_1_74' title='bbox 1280 878 1558 934; x_wconf 87' lang='lat' dir='ltr'><strong>Ecclesiae</strong></span> <span class='ocrx_word' id='word_1_75' title='bbox 1595 876 1962 950; x_wconf 81' lang='lat' dir='ltr'><strong>Apocalypsin</strong></span> <span class='ocrx_word' id='word_1_76' title='bbox 1999 875 2181 945; x_wconf 89' lang='lat' dir='ltr'><strong>dedit,</strong></span> <span class='ocrx_word' id='word_1_77' title='bbox 2211 883 2380 946; x_wconf 88' lang='lat' dir='ltr'><strong>atque</strong></span> <span class='ocrx_word' id='word_1_78' title='bbox 2407 890 2520 928; x_wconf 92' lang='lat' dir='ltr'><strong>non</strong></span> <span class='ocrx_word' id='word_1_79' title='bbox 2554 879 2784 928; x_wconf 87' lang='lat' dir='ltr'><strong>tantum</strong></span> <span class='ocrx_word' id='word_1_80' title='bbox 2815 885 2932 941; x_wconf 85' lang='lat' dir='ltr'><strong>pro-</strong></span> 
     </span>
     <span class='ocr_line' id='line_1_8' title="bbox 400 963 2930 1035; baseline -0.002 -19"><span class='ocrx_word' id='word_1_81' title='bbox 400 963 660 1018; x_wconf 88' lang='lat' dir='ltr'><strong>missione</strong></span> <span class='ocrx_word' id='word_1_82' title='bbox 680 979 777 1020; x_wconf 90' lang='lat' dir='ltr'><strong>sua</strong></span> <span class='ocrx_word' id='word_1_83' title='bbox 798 964 1013 1035; x_wconf 88' lang='lat' dir='ltr'><strong>saepius</strong></span> <span class='ocrx_word' id='word_1_84' title='bbox 1031 965 1282 1035; x_wconf 89' lang='lat' dir='ltr'><strong>repetita,</strong></span> <span class='ocrx_word' id='word_1_85' title='bbox 1313 981 1371 1022; x_wconf 83' lang='lat' dir='ltr'><strong>so</strong></span> <span class='ocrx_word' id='word_1_86' title='bbox 1399 966 1509 1021; x_wconf 88' lang='lat' dir='ltr'><strong>cito</strong></span> <span class='ocrx_word' id='word_1_87' title='bbox 1537 979 1657 1022; x_wconf 87' lang='lat' dir='ltr'><strong>esse</strong></span> <span class='ocrx_word' id='word_1_88' title='bbox 1680 973 1973 1020; x_wconf 87' lang='lat' dir='ltr'><strong>venturum</strong></span> <span class='ocrx_word' id='word_1_89' title='bbox 1999 968 2018 1032; x_wconf 88' lang='lat'>(</span> <span class='ocrx_word' id='word_1_90' title='bbox 2027 972 2134 1029; x_wconf 81' lang='lat' dir='ltr'><strong>l,1.</strong></span> <span class='ocrx_word' id='word_1_91' title='bbox 2155 969 2218 1032; x_wconf 67' lang='grc' dir='ltr'><strong>ὃς</strong></span> <span class='ocrx_word' id='word_1_92' title='bbox 2250 967 2409 1032; x_wconf 80' lang='grc'>3,11;</span> <span class='ocrx_word' id='word_1_93' title='bbox 2436 966 2618 1030; x_wconf 78' lang='grc'>11,14;</span> <span class='ocrx_word' id='word_1_94' title='bbox 2641 963 2810 1026; x_wconf 79' lang='grc'><strong>22,6.</strong></span> <span class='ocrx_word' id='word_1_95' title='bbox 2843 965 2930 1012; x_wconf 68' lang='grc'>10].</span> 
     </span>
     <span class='ocr_line' id='line_1_9' title="bbox 401 1045 2932 1124; baseline -0.003 -20"><span class='ocrx_word' id='word_1_96' title='bbox 401 1049 737 1106; x_wconf 86' lang='lat' dir='ltr'><strong>Christianos</strong></span> <span class='ocrx_word' id='word_1_97' title='bbox 765 1051 835 1106; x_wconf 91' lang='lat' dir='ltr'><strong>ad</strong></span> <span class='ocrx_word' id='word_1_98' title='bbox 859 1051 1119 1108; x_wconf 83' lang='lat' dir='ltr'><strong>fiduciam</strong></span> <span class='ocrx_word' id='word_1_99' title='bbox 1147 1063 1203 1109; x_wconf 90' lang='lat' dir='ltr'><strong>et</strong></span> <span class='ocrx_word' id='word_1_100' title='bbox 1231 1053 1556 1124; x_wconf 88' lang='lat' dir='ltr'><strong>patientiam</strong></span> <span class='ocrx_word' id='word_1_101' title='bbox 1579 1052 1904 1109; x_wconf 83' lang='lat' dir='ltr'><strong>exhortatus</strong></span> <span class='ocrx_word' id='word_1_102' title='bbox 1929 1060 2013 1107; x_wconf 89' lang='lat' dir='ltr'><strong>est</strong></span> <span class='ocrx_word' id='word_1_103' title='bbox 2029 1094 2043 1121; x_wconf 93' lang='lat'><strong>,</strong></span> <span class='ocrx_word' id='word_1_104' title='bbox 2070 1051 2168 1106; x_wconf 90' lang='lat' dir='ltr'><strong>sed</strong></span> <span class='ocrx_word' id='word_1_105' title='bbox 2187 1049 2480 1122; x_wconf 84' lang='lat' dir='ltr'><strong>magnifica</strong></span> <span class='ocrx_word' id='word_1_106' title='bbox 2509 1061 2728 1119; x_wconf 89' lang='lat' dir='ltr'><strong>quoque</strong></span> <span class='ocrx_word' id='word_1_107' title='bbox 2757 1045 2932 1102; x_wconf 86' lang='lat' dir='ltr'><strong>ultimi</strong></span> 
     </span>
     <span class='ocr_line' id='line_1_10' title="bbox 402 1136 2932 1212; baseline -0.002 -21"><span class='ocrx_word' id='word_1_108' title='bbox 402 1137 669 1208; x_wconf 90' lang='lat' dir='ltr'><strong>triumphi</strong></span> <span class='ocrx_word' id='word_1_109' title='bbox 700 1137 1068 1210; x_wconf 82' lang='lat' dir='ltr'><strong>descriptione</strong></span> <span class='ocrx_word' id='word_1_110' title='bbox 1103 1141 1317 1197; x_wconf 91' lang='lat' dir='ltr'><strong>animos</strong></span> <span class='ocrx_word' id='word_1_111' title='bbox 1352 1157 1548 1196; x_wconf 90' lang='lat' dir='ltr'><strong>eorum</strong></span> <span class='ocrx_word' id='word_1_112' title='bbox 1581 1143 1754 1197; x_wconf 88' lang='lat' dir='ltr'><strong>erexit</strong></span> <span class='ocrx_word' id='word_1_113' title='bbox 1789 1156 1994 1212; x_wconf 90' lang='lat' dir='ltr'><strong>eosque</strong></span> <span class='ocrx_word' id='word_1_114' title='bbox 2026 1138 2098 1195; x_wconf 92' lang='lat' dir='ltr'><strong>ad</strong></span> <span class='ocrx_word' id='word_1_115' title='bbox 2132 1153 2330 1210; x_wconf 89' lang='lat' dir='ltr'><strong>puram</strong></span> <span class='ocrx_word' id='word_1_116' title='bbox 2355 1136 2523 1192; x_wconf 86' lang='lat' dir='ltr'><strong>fidem</strong></span> <span class='ocrx_word' id='word_1_117' title='bbox 2554 1149 2712 1190; x_wconf 88' lang='lat' dir='ltr'><strong>suam</strong></span> <span class='ocrx_word' id='word_1_118' title='bbox 2743 1142 2932 1188; x_wconf 84' lang='lat' dir='ltr'><strong>eusto-</strong></span> 
     </span>
     <span class='ocr_line' id='line_1_11' title="bbox 403 1221 2928 1298; baseline -0.001 -20"><span class='ocrx_word' id='word_1_119' title='bbox 403 1223 663 1282; x_wconf 88' lang='lat' dir='ltr'><strong>diendam</strong></span> <span class='ocrx_word' id='word_1_120' title='bbox 693 1224 1017 1298; x_wconf 85' lang='lat' dir='ltr'><strong>fortiterque</strong></span> <span class='ocrx_word' id='word_1_121' title='bbox 1044 1228 1361 1284; x_wconf 90' lang='lat' dir='ltr'><strong>tolerandas</strong></span> <span class='ocrx_word' id='word_1_122' title='bbox 1382 1228 1768 1284; x_wconf 89' lang='lat' dir='ltr'><strong>tribulationes</strong></span> <span class='ocrx_word' id='word_1_123' title='bbox 1796 1227 2120 1284; x_wconf 84' lang='lat' dir='ltr'><strong>exhortatus</strong></span> <span class='ocrx_word' id='word_1_124' title='bbox 2143 1233 2254 1294; x_wconf 76' lang='lat' dir='ltr'><strong>est3</strong></span> <span class='ocrx_word' id='word_1_125' title='bbox 2289 1226 2419 1282; x_wconf 90' lang='lat' dir='ltr'><strong>hinc</strong></span> <span class='ocrx_word' id='word_1_126' title='bbox 2446 1225 2504 1278; x_wconf 93' lang='lat' dir='ltr'><strong>in</strong></span> <span class='ocrx_word' id='word_1_127' title='bbox 2531 1221 2788 1294; x_wconf 82' lang='lat' dir='ltr'><strong>epistolis</strong></span> <span class='ocrx_word' id='word_1_128' title='bbox 2817 1235 2928 1276; x_wconf 87' lang='lat' dir='ltr'><strong>om-</strong></span> 
     </span>
     <span class='ocr_line' id='line_1_12' title="bbox 400 1309 2932 1388; baseline -0.002 -22"><span class='ocrx_word' id='word_1_129' title='bbox 400 1311 582 1382; x_wconf 79' lang='lat' dir='ltr'><strong>nibuS,</strong></span> <span class='ocrx_word' id='word_1_130' title='bbox 606 1313 803 1385; x_wconf 90' lang='lat' dir='ltr'><strong>quibus</strong></span> <span class='ocrx_word' id='word_1_131' title='bbox 823 1315 1177 1388; x_wconf 84' lang='lat' dir='ltr'><strong>Apocalypsis</strong></span> <span class='ocrx_word' id='word_1_132' title='bbox 1197 1317 1437 1372; x_wconf 88' lang='lat' dir='ltr'><strong>ecclesiis</strong></span> <span class='ocrx_word' id='word_1_133' title='bbox 1456 1316 1616 1371; x_wconf 86' lang='lat' dir='ltr'><strong>Asiae</strong></span> <span class='ocrx_word' id='word_1_134' title='bbox 1636 1315 1974 1382; x_wconf 86' lang='lat' dir='ltr'><strong>inscribitur,</strong></span> <span class='ocrx_word' id='word_1_135' title='bbox 1997 1335 2022 1365; x_wconf 77' lang='grc' dir='ltr'><strong>α</strong></span> <span class='ocrx_word' id='word_1_136' title='bbox 2045 1313 2332 1369; x_wconf 76' lang='lat' dir='ltr'><strong>vincenti»</strong></span> <span class='ocrx_word' id='word_1_137' title='bbox 2352 1327 2570 1382; x_wconf 87' lang='lat' dir='ltr'><strong>semper</strong></span> <span class='ocrx_word' id='word_1_138' title='bbox 2588 1309 2932 1381; x_wconf 86' lang='lat' dir='ltr'><strong>promittitur</strong></span> 
     </span>
     <span class='ocr_line' id='line_1_13' title="bbox 401 1395 2926 1475; baseline -0.002 -21"><span class='ocrx_word' id='word_1_139' title='bbox 401 1401 737 1472; x_wconf 87' lang='lat' dir='ltr'><strong>praemium,</strong></span> <span class='ocrx_word' id='word_1_140' title='bbox 765 1411 930 1474; x_wconf 90' lang='lat' dir='ltr'><strong>atque</strong></span> <span class='ocrx_word' id='word_1_141' title='bbox 967 1405 1025 1459; x_wconf 90' lang='lat' dir='ltr'><strong>in</strong></span> <span class='ocrx_word' id='word_1_142' title='bbox 1060 1403 1288 1472; x_wconf 76' lang='lat' dir='ltr'><strong>singulis</strong></span> <span class='ocrx_word' id='word_1_143' title='bbox 1312 1412 1523 1474; x_wconf 90' lang='lat' dir='ltr'><strong>septem</strong></span> <span class='ocrx_word' id='word_1_144' title='bbox 1561 1402 2012 1475; x_wconf 84' lang='lat' dir='ltr'><strong>promissionibus</strong></span> <span class='ocrx_word' id='word_1_145' title='bbox 2049 1417 2192 1456; x_wconf 90' lang='lat' dir='ltr'><strong>unus</strong></span> <span class='ocrx_word' id='word_1_146' title='bbox 2225 1417 2294 1456; x_wconf 85' lang='lat' dir='ltr'><strong>ex</strong></span> <span class='ocrx_word' id='word_1_147' title='bbox 2327 1398 2597 1456; x_wconf 76' lang='lat' dir='ltr'><strong>fructibus</strong></span> <span class='ocrx_word' id='word_1_148' title='bbox 2627 1395 2926 1452; x_wconf 81' lang='lat' dir='ltr'><strong>indicatur.</strong></span> 
     </span>
     <span class='ocr_line' id='line_1_14' title="bbox 401 1483 2926 1559; baseline -0.002 -18"><span class='ocrx_word' id='word_1_149' title='bbox 401 1487 599 1559; x_wconf 89' lang='lat' dir='ltr'><strong>quibus</strong></span> <span class='ocrx_word' id='word_1_150' title='bbox 617 1489 871 1546; x_wconf 86' lang='lat' dir='ltr'><strong>omnibus</strong></span> <span class='ocrx_word' id='word_1_151' title='bbox 898 1485 1167 1546; x_wconf 74' lang='lat' dir='ltr'><strong>fruituros</strong></span> <span class='ocrx_word' id='word_1_152' title='bbox 1189 1507 1309 1547; x_wconf 83' lang='lat' dir='ltr'><strong>esse</strong></span> <span class='ocrx_word' id='word_1_153' title='bbox 1330 1491 1521 1548; x_wconf 81' lang='lat' dir='ltr'><strong>beatos</strong></span> <span class='ocrx_word' id='word_1_154' title='bbox 1555 1491 1614 1545; x_wconf 91' lang='lat' dir='ltr'><strong>in</strong></span> <span class='ocrx_word' id='word_1_155' title='bbox 1641 1506 1784 1546; x_wconf 89' lang='lat' dir='ltr'><strong>nova</strong></span> <span class='ocrx_word' id='word_1_156' title='bbox 1813 1490 2112 1546; x_wconf 88' lang='lat' dir='ltr'><strong>Ierusalem</strong></span> <span class='ocrx_word' id='word_1_157' title='bbox 2139 1488 2250 1544; x_wconf 91' lang='lat' dir='ltr'><strong>duo</strong></span> <span class='ocrx_word' id='word_1_158' title='bbox 2278 1488 2474 1543; x_wconf 86' lang='lat' dir='ltr'><strong>ultima</strong></span> <span class='ocrx_word' id='word_1_159' title='bbox 2501 1486 2677 1556; x_wconf 88' lang='lat' dir='ltr'><strong>capita</strong></span> <span class='ocrx_word' id='word_1_160' title='bbox 2703 1483 2926 1540; x_wconf 82' lang='lat' dir='ltr'><strong>docent.</strong></span> 
     </span>
    </p>
   </div>
   <div class='ocr_carea' id='block_1_3' title="bbox 400 1653 2928 2103">
    <p class='ocr_par' dir='ltr' id='par_1_3' title="bbox 400 1653 2928 2103">
     <span class='ocr_line' id='line_1_15' title="bbox 479 1653 2928 1736; baseline -0.002 -21"><span class='ocrx_word' id='word_1_161' title='bbox 479 1659 537 1716; x_wconf 74' lang='lat'><strong>2.</strong></span> <span class='ocrx_word' id='word_1_162' title='bbox 570 1689 651 1700; x_wconf 87' lang='lat'><em>-</em></span> <span class='ocrx_word' id='word_1_163' title='bbox 674 1659 961 1718; x_wconf 82' lang='lat' dir='ltr'><strong>Attamen</strong></span> <span class='ocrx_word' id='word_1_164' title='bbox 992 1658 1327 1718; x_wconf 85' lang='lat' dir='ltr'><strong>universali</strong></span> <span class='ocrx_word' id='word_1_165' title='bbox 1357 1675 1605 1736; x_wconf 90' lang='lat' dir='ltr'><strong>quoque</strong></span> <span class='ocrx_word' id='word_1_166' title='bbox 1635 1659 1920 1718; x_wconf 90' lang='lat' dir='ltr'><strong>omnium</strong></span> <span class='ocrx_word' id='word_1_167' title='bbox 1941 1662 2214 1717; x_wconf 89' lang='lat' dir='ltr'><strong>aetatum</strong></span> <span class='ocrx_word' id='word_1_168' title='bbox 2234 1655 2548 1716; x_wconf 86' lang='lat' dir='ltr'><strong>Ecclesiae</strong></span> <span class='ocrx_word' id='word_1_169' title='bbox 2572 1655 2738 1712; x_wconf 88' lang='lat' dir='ltr'><strong>Deus</strong></span> <span class='ocrx_word' id='word_1_170' title='bbox 2763 1653 2928 1729; x_wconf 71' lang='lat' dir='ltr'><strong>Apo-</strong></span> 
     </span>
     <span class='ocr_line' id='line_1_16' title="bbox 402 1749 2928 1828; baseline -0.001 -19"><span class='ocrx_word' id='word_1_171' title='bbox 402 1752 676 1828; x_wconf 88' lang='lat' dir='ltr'><strong>calypsin</strong></span> <span class='ocrx_word' id='word_1_172' title='bbox 716 1753 1080 1826; x_wconf 87' lang='lat' dir='ltr'><strong>destinavit,</strong></span> <span class='ocrx_word' id='word_1_173' title='bbox 1114 1759 1183 1814; x_wconf 89' lang='lat' dir='ltr'><strong>ut</strong></span> <span class='ocrx_word' id='word_1_174' title='bbox 1220 1755 1439 1815; x_wconf 88' lang='lat' dir='ltr'><strong>eadem</strong></span> <span class='ocrx_word' id='word_1_175' title='bbox 1475 1754 1716 1814; x_wconf 87' lang='lat' dir='ltr'><strong>ratione</strong></span> <span class='ocrx_word' id='word_1_176' title='bbox 1751 1753 2042 1814; x_wconf 89' lang='lat' dir='ltr'><strong>omnibus</strong></span> <span class='ocrx_word' id='word_1_177' title='bbox 2073 1752 2358 1813; x_wconf 88' lang='lat' dir='ltr'><strong>omnium</strong></span> <span class='ocrx_word' id='word_1_178' title='bbox 2381 1758 2738 1828; x_wconf 85' lang='lat' dir='ltr'><strong>temporum</strong></span> <span class='ocrx_word' id='word_1_179' title='bbox 2773 1749 2928 1808; x_wconf 85' lang='lat' dir='ltr'><strong>fide-</strong></span> 
     </span>
     <span class='ocr_line' id='line_1_17' title="bbox 400 1845 2926 1918; baseline -0.002 -12"><span class='ocrx_word' id='word_1_180' title='bbox 400 1847 565 1906; x_wconf 91' lang='lat' dir='ltr'><strong>libus</strong></span> <span class='ocrx_word' id='word_1_181' title='bbox 590 1849 655 1906; x_wconf 93' lang='lat' dir='ltr'><strong>in</strong></span> <span class='ocrx_word' id='word_1_182' title='bbox 682 1850 977 1910; x_wconf 90' lang='lat' dir='ltr'><strong>omnihus</strong></span> <span class='ocrx_word' id='word_1_183' title='bbox 998 1851 1511 1912; x_wconf 81' lang='lat' dir='ltr'><strong>tribulationibus</strong></span> <span class='ocrx_word' id='word_1_184' title='bbox 1537 1855 1705 1910; x_wconf 89' lang='lat' dir='ltr'><strong>esset</strong></span> <span class='ocrx_word' id='word_1_185' title='bbox 1721 1850 2134 1911; x_wconf 86' lang='lat' dir='ltr'><strong>consolationi</strong></span> <span class='ocrx_word' id='word_1_186' title='bbox 2162 1854 2226 1909; x_wconf 88' lang='lat' dir='ltr'><strong>et</strong></span> <span class='ocrx_word' id='word_1_187' title='bbox 2255 1846 2706 1918; x_wconf 84' lang='lat' dir='ltr'><strong>exhortationi3</strong></span> <span class='ocrx_word' id='word_1_188' title='bbox 2731 1845 2926 1904; x_wconf 90' lang='lat' dir='ltr'><strong>simul</strong></span> 
     </span>
     <span class='ocr_line' id='line_1_18' title="bbox 402 1942 2925 2025; baseline -0.002 -23"><span class='ocrx_word' id='word_1_189' title='bbox 402 1947 610 2003; x_wconf 90' lang='lat' dir='ltr'><strong>autem</strong></span> <span class='ocrx_word' id='word_1_190' title='bbox 638 1962 750 2022; x_wconf 87' lang='lat' dir='ltr'><strong>per</strong></span> <span class='ocrx_word' id='word_1_191' title='bbox 774 1944 943 2005; x_wconf 90' lang='lat' dir='ltr'><strong>illam</strong></span> <span class='ocrx_word' id='word_1_192' title='bbox 969 1947 1167 2007; x_wconf 89' lang='lat' dir='ltr'><strong>multa</strong></span> <span class='ocrx_word' id='word_1_193' title='bbox 1200 1947 1492 2025; x_wconf 86' lang='lat' dir='ltr'><strong>dogmata</strong></span> <span class='ocrx_word' id='word_1_194' title='bbox 1527 1946 1758 2006; x_wconf 87' lang='lat' dir='ltr'><strong>clarius</strong></span> <span class='ocrx_word' id='word_1_195' title='bbox 1792 1962 2143 2024; x_wconf 87' lang='lat' dir='ltr'><strong>proponere</strong></span> <span class='ocrx_word' id='word_1_196' title='bbox 2178 1943 2408 2017; x_wconf 88' lang='lat' dir='ltr'><strong>voluit,</strong></span> <span class='ocrx_word' id='word_1_197' title='bbox 2441 1946 2514 2003; x_wconf 89' lang='lat' dir='ltr'><strong>ut</strong></span> <span class='ocrx_word' id='word_1_198' title='bbox 2543 1942 2732 2019; x_wconf 82' lang='lat' dir='ltr'><strong>digna</strong></span> <span class='ocrx_word' id='word_1_199' title='bbox 2763 1949 2925 2000; x_wconf 80' lang='lat' dir='ltr'><strong>esset</strong></span> 
     </span>
     <span class='ocr_line' id='line_1_19' title="bbox 400 2039 1385 2103; baseline 0.005 -5"><span class='ocrx_word' id='word_1_200' title='bbox 400 2039 709 2101; x_wconf 88' lang='lat' dir='ltr'><strong>librorum</strong></span> <span class='ocrx_word' id='word_1_201' title='bbox 738 2059 1057 2102; x_wconf 88' lang='lat' dir='ltr'><strong>sacrorum</strong></span> <span class='ocrx_word' id='word_1_202' title='bbox 1082 2042 1385 2103; x_wconf 88' lang='lat' dir='ltr'><strong>clausula.</strong></span> 
     </span>
    </p>
   </div>
   <div class='ocr_carea' id='block_1_4' title="bbox 376 2149 2922 4675">
    <p class='ocr_par' dir='ltr' id='par_1_4' title="bbox 390 2149 2922 3096">
     <span class='ocr_line' id='line_1_20' title="bbox 468 2149 2922 2228; baseline -0.003 -19"><span class='ocrx_word' id='word_1_203' title='bbox 468 2154 712 2210; x_wconf 89' lang='lat' dir='ltr'><strong>Obscura</strong></span> <span class='ocrx_word' id='word_1_204' title='bbox 742 2157 934 2225; x_wconf 89' lang='lat' dir='ltr'><strong>procul</strong></span> <span class='ocrx_word' id='word_1_205' title='bbox 962 2154 1130 2210; x_wconf 90' lang='lat' dir='ltr'><strong>dubio</strong></span> <span class='ocrx_word' id='word_1_206' title='bbox 1157 2157 1322 2211; x_wconf 87' lang='lat' dir='ltr'><strong>etiam</strong></span> <span class='ocrx_word' id='word_1_207' title='bbox 1354 2155 1518 2212; x_wconf 86' lang='lat' dir='ltr'><strong>hodie</strong></span> <span class='ocrx_word' id='word_1_208' title='bbox 1547 2155 1708 2211; x_wconf 86' lang='lat' dir='ltr'><strong>nobis</strong></span> <span class='ocrx_word' id='word_1_209' title='bbox 1740 2164 1823 2211; x_wconf 90' lang='lat' dir='ltr'><strong>est</strong></span> <span class='ocrx_word' id='word_1_210' title='bbox 1851 2154 2244 2228; x_wconf 76' lang='lat' dir='ltr'><strong>Apocalypsis3</strong></span> <span class='ocrx_word' id='word_1_211' title='bbox 2267 2169 2451 2224; x_wconf 85' lang='lat' dir='ltr'><strong>neque</strong></span> <span class='ocrx_word' id='word_1_212' title='bbox 2487 2151 2640 2208; x_wconf 88' lang='lat' dir='ltr'><strong>enim</strong></span> <span class='ocrx_word' id='word_1_213' title='bbox 2677 2149 2922 2222; x_wconf 80' lang='lat' dir='ltr'><strong>symbola</strong></span> 
     </span>
     <span class='ocr_line' id='line_1_21' title="bbox 400 2241 2920 2315; baseline -0.002 -21"><span class='ocrx_word' id='word_1_214' title='bbox 400 2241 516 2296; x_wconf 91' lang='lat' dir='ltr'><strong>eius</strong></span> <span class='ocrx_word' id='word_1_215' title='bbox 541 2241 802 2313; x_wconf 88' lang='lat' dir='ltr'><strong>pleraque</strong></span> <span class='ocrx_word' id='word_1_216' title='bbox 830 2241 1114 2315; x_wconf 90' lang='lat' dir='ltr'><strong>hucusque</strong></span> <span class='ocrx_word' id='word_1_217' title='bbox 1142 2253 1269 2314; x_wconf 91' lang='lat' dir='ltr'><strong>apte</strong></span> <span class='ocrx_word' id='word_1_218' title='bbox 1301 2251 1431 2298; x_wconf 90' lang='lat' dir='ltr'><strong>sunt</strong></span> <span class='ocrx_word' id='word_1_219' title='bbox 1459 2244 1728 2314; x_wconf 88' lang='lat' dir='ltr'><strong>explicata</strong></span> <span class='ocrx_word' id='word_1_220' title='bbox 1751 2257 1854 2298; x_wconf 89' lang='lat' dir='ltr'><strong>nec</strong></span> <span class='ocrx_word' id='word_1_221' title='bbox 1877 2243 2059 2313; x_wconf 90' lang='lat' dir='ltr'><strong>ipsum</strong></span> <span class='ocrx_word' id='word_1_222' title='bbox 2089 2242 2206 2296; x_wconf 91' lang='lat' dir='ltr'><strong>eius</strong></span> <span class='ocrx_word' id='word_1_223' title='bbox 2228 2247 2620 2313; x_wconf 79' lang='lat' dir='ltr'><strong>argumentum</strong></span> <span class='ocrx_word' id='word_1_224' title='bbox 2647 2253 2780 2292; x_wconf 89' lang='lat' dir='ltr'><strong>cum</strong></span> <span class='ocrx_word' id='word_1_225' title='bbox 2804 2253 2920 2292; x_wconf 86' lang='lat' dir='ltr'><strong>cer-</strong></span> 
     </span>
     <span class='ocr_line' id='line_1_22' title="bbox 398 2324 2916 2402; baseline -0.002 -20"><span class='ocrx_word' id='word_1_226' title='bbox 398 2327 632 2383; x_wconf 86' lang='lat' dir='ltr'><strong>titudine</strong></span> <span class='ocrx_word' id='word_1_227' title='bbox 660 2337 744 2384; x_wconf 85' lang='lat' dir='ltr'><strong>est</strong></span> <span class='ocrx_word' id='word_1_228' title='bbox 779 2328 1097 2398; x_wconf 68' lang='lat' dir='ltr'><strong>definitum,</strong></span> <span class='ocrx_word' id='word_1_229' title='bbox 1134 2330 1234 2386; x_wconf 92' lang='lat' dir='ltr'><strong>sed</strong></span> <span class='ocrx_word' id='word_1_230' title='bbox 1269 2330 1662 2402; x_wconf 88' lang='lat' dir='ltr'><strong>quodcumque</strong></span> <span class='ocrx_word' id='word_1_231' title='bbox 1689 2329 1805 2386; x_wconf 90' lang='lat' dir='ltr'><strong>eius</strong></span> <span class='ocrx_word' id='word_1_232' title='bbox 1830 2337 2219 2402; x_wconf 88' lang='lat' dir='ltr'><strong>argumentum</strong></span> <span class='ocrx_word' id='word_1_233' title='bbox 2248 2329 2528 2394; x_wconf 84' lang='lat' dir='ltr'><strong>statuitur,</strong></span> <span class='ocrx_word' id='word_1_234' title='bbox 2556 2326 2670 2381; x_wconf 81' lang='lat' dir='ltr'><strong>sive</strong></span> <span class='ocrx_word' id='word_1_235' title='bbox 2714 2324 2916 2380; x_wconf 83' lang='lat' dir='ltr'><strong>omnia.</strong></span> 
     </span>
     <span class='ocr_line' id='line_1_23' title="bbox 398 2412 2920 2488; baseline -0.001 -19"><span class='ocrx_word' id='word_1_236' title='bbox 398 2416 509 2470; x_wconf 83' lang='lat' dir='ltr'><strong>sive</strong></span> <span class='ocrx_word' id='word_1_237' title='bbox 532 2417 647 2471; x_wconf 90' lang='lat' dir='ltr'><strong>sola</strong></span> <span class='ocrx_word' id='word_1_238' title='bbox 678 2416 882 2486; x_wconf 90' lang='lat' dir='ltr'><strong>prima,</strong></span> <span class='ocrx_word' id='word_1_239' title='bbox 908 2417 1020 2474; x_wconf 85' lang='lat' dir='ltr'><strong>sive</strong></span> <span class='ocrx_word' id='word_1_240' title='bbox 1056 2419 1171 2473; x_wconf 91' lang='lat' dir='ltr'><strong>sola</strong></span> <span class='ocrx_word' id='word_1_241' title='bbox 1202 2417 1393 2474; x_wconf 85' lang='lat' dir='ltr'><strong>ultima</strong></span> <span class='ocrx_word' id='word_1_242' title='bbox 1422 2417 1700 2472; x_wconf 88' lang='lat' dir='ltr'><strong>Ecclesiae</strong></span> <span class='ocrx_word' id='word_1_243' title='bbox 1730 2416 1840 2472; x_wconf 81' lang='lat' dir='ltr'><strong>fata</strong></span> <span class='ocrx_word' id='word_1_244' title='bbox 1869 2415 2154 2488; x_wconf 89' lang='lat' dir='ltr'><strong>praedicta</strong></span> <span class='ocrx_word' id='word_1_245' title='bbox 2181 2423 2330 2484; x_wconf 89' lang='lat' dir='ltr'><strong>sunt,</strong></span> <span class='ocrx_word' id='word_1_246' title='bbox 2355 2413 2410 2470; x_wconf 90' lang='lat' dir='ltr'><strong>id</strong></span> <span class='ocrx_word' id='word_1_247' title='bbox 2439 2412 2737 2469; x_wconf 75' lang='lat' dir='ltr'><strong>manifesto</strong></span> <span class='ocrx_word' id='word_1_248' title='bbox 2767 2428 2920 2468; x_wconf 87' lang='lat' dir='ltr'><strong>com-</strong></span> 
     </span>
     <span class='ocr_line' id='line_1_24' title="bbox 398 2501 2920 2574; baseline -0.001 -18"><span class='ocrx_word' id='word_1_249' title='bbox 398 2510 615 2571; x_wconf 90' lang='lat' dir='ltr'><strong>pertum</strong></span> <span class='ocrx_word' id='word_1_250' title='bbox 643 2512 754 2570; x_wconf 86' lang='lat' dir='ltr'><strong>est,</strong></span> <span class='ocrx_word' id='word_1_251' title='bbox 779 2504 982 2560; x_wconf 87' lang='lat' dir='ltr'><strong>Christi</strong></span> <span class='ocrx_word' id='word_1_252' title='bbox 1009 2513 1065 2560; x_wconf 94' lang='lat' dir='ltr'><strong>et</strong></span> <span class='ocrx_word' id='word_1_253' title='bbox 1090 2505 1363 2562; x_wconf 89' lang='lat' dir='ltr'><strong>Ecclesiae</strong></span> <span class='ocrx_word' id='word_1_254' title='bbox 1390 2505 1616 2560; x_wconf 85' lang='lat' dir='ltr'><strong>finalem</strong></span> <span class='ocrx_word' id='word_1_255' title='bbox 1653 2505 1724 2560; x_wconf 91' lang='lat' dir='ltr'><strong>de</strong></span> <span class='ocrx_word' id='word_1_256' title='bbox 1761 2505 2016 2562; x_wconf 91' lang='lat' dir='ltr'><strong>omnibus</strong></span> <span class='ocrx_word' id='word_1_257' title='bbox 2054 2503 2168 2560; x_wconf 88' lang='lat' dir='ltr'><strong>suis</strong></span> <span class='ocrx_word' id='word_1_258' title='bbox 2203 2502 2453 2558; x_wconf 89' lang='lat' dir='ltr'><strong>hostibus</strong></span> <span class='ocrx_word' id='word_1_259' title='bbox 2487 2517 2659 2574; x_wconf 89' lang='lat' dir='ltr'><strong>quum</strong></span> <span class='ocrx_word' id='word_1_260' title='bbox 2693 2501 2920 2555; x_wconf 84' lang='lat' dir='ltr'><strong>internis</strong></span> 
     </span>
     <span class='ocr_line' id='line_1_25' title="bbox 394 2587 2914 2665; baseline -0 -22"><span class='ocrx_word' id='word_1_261' title='bbox 394 2597 515 2644; x_wconf 91' lang='lat' dir='ltr'><strong>tum</strong></span> <span class='ocrx_word' id='word_1_262' title='bbox 560 2590 799 2647; x_wconf 73' lang='lat' dir='ltr'><strong>externis</strong></span> <span class='ocrx_word' id='word_1_263' title='bbox 844 2592 1087 2662; x_wconf 90' lang='lat' dir='ltr'><strong>praedici</strong></span> <span class='ocrx_word' id='word_1_264' title='bbox 1124 2592 1488 2663; x_wconf 89' lang='lat' dir='ltr'><strong>triumphum.</strong></span> <span class='ocrx_word' id='word_1_265' title='bbox 1514 2593 1909 2665; x_wconf 83' lang='lat' dir='ltr'><strong>Quaecumque</strong></span> <span class='ocrx_word' id='word_1_266' title='bbox 1944 2592 2112 2665; x_wconf 91' lang='lat' dir='ltr'><strong>igitur</strong></span> <span class='ocrx_word' id='word_1_267' title='bbox 2140 2589 2341 2646; x_wconf 82' lang='lat' dir='ltr'><strong>exoriri</strong></span> <span class='ocrx_word' id='word_1_268' title='bbox 2383 2594 2614 2658; x_wconf 89' lang='lat' dir='ltr'><strong>possunt</strong></span> <span class='ocrx_word' id='word_1_269' title='bbox 2657 2587 2914 2659; x_wconf 82' lang='lat' dir='ltr'><strong>pericula,</strong></span> 
     </span>
     <span class='ocr_line' id='line_1_26' title="bbox 394 2675 2912 2750; baseline -0.001 -19"><span class='ocrx_word' id='word_1_270' title='bbox 394 2691 610 2748; x_wconf 86' lang='lat' dir='ltr'><strong>semper</strong></span> <span class='ocrx_word' id='word_1_271' title='bbox 651 2678 788 2734; x_wconf 89' lang='lat' dir='ltr'><strong>certi</strong></span> <span class='ocrx_word' id='word_1_272' title='bbox 826 2694 1045 2748; x_wconf 77' lang='lat' dir='ltr'><strong>sumuS,</strong></span> <span class='ocrx_word' id='word_1_273' title='bbox 1085 2680 1389 2736; x_wconf 90' lang='lat' dir='ltr'><strong>Ecclesiam</strong></span> <span class='ocrx_word' id='word_1_274' title='bbox 1430 2679 1525 2736; x_wconf 89' lang='lat' dir='ltr'><strong>illa</strong></span> <span class='ocrx_word' id='word_1_275' title='bbox 1572 2695 1692 2736; x_wconf 88' lang='lat' dir='ltr'><strong>esse</strong></span> <span class='ocrx_word' id='word_1_276' title='bbox 1731 2689 2120 2750; x_wconf 89' lang='lat' dir='ltr'><strong>superaturam</strong></span> <span class='ocrx_word' id='word_1_277' title='bbox 2147 2678 2366 2749; x_wconf 90' lang='lat' dir='ltr'><strong>illisque</strong></span> <span class='ocrx_word' id='word_1_278' title='bbox 2411 2675 2688 2747; x_wconf 87' lang='lat' dir='ltr'><strong>superatis</strong></span> <span class='ocrx_word' id='word_1_279' title='bbox 2713 2691 2912 2730; x_wconf 84' lang='lat' dir='ltr'><strong>novum</strong></span> 
     </span>
     <span class='ocr_line' id='line_1_27' title="bbox 392 2761 2910 2840; baseline -0.001 -21"><span class='ocrx_word' id='word_1_280' title='bbox 392 2765 747 2835; x_wconf 88' lang='lat' dir='ltr'><strong>splendorem</strong></span> <span class='ocrx_word' id='word_1_281' title='bbox 768 2782 1079 2839; x_wconf 88' lang='lat' dir='ltr'><strong>novamque</strong></span> <span class='ocrx_word' id='word_1_282' title='bbox 1103 2767 1337 2840; x_wconf 90' lang='lat' dir='ltr'><strong>gloriam</strong></span> <span class='ocrx_word' id='word_1_283' title='bbox 1351 2781 1469 2824; x_wconf 89' lang='lat' dir='ltr'><strong>esse</strong></span> <span class='ocrx_word' id='word_1_284' title='bbox 1487 2775 1882 2823; x_wconf 86' lang='lat' dir='ltr'><strong>assecuturam.</strong></span> <span class='ocrx_word' id='word_1_285' title='bbox 1905 2765 2207 2822; x_wconf 83' lang='lat' dir='ltr'><strong>Confirmat</strong></span> <span class='ocrx_word' id='word_1_286' title='bbox 2227 2766 2397 2837; x_wconf 87' lang='lat' dir='ltr'><strong>igitur</strong></span> <span class='ocrx_word' id='word_1_287' title='bbox 2415 2761 2772 2840; x_wconf 80' lang='lat' dir='ltr'><strong>Apocalypsis</strong></span> <span class='ocrx_word' id='word_1_288' title='bbox 2789 2779 2910 2833; x_wconf 89' lang='lat' dir='ltr'><strong>pro-</strong></span> 
     </span>
     <span class='ocr_line' id='line_1_28' title="bbox 391 2849 2910 2925; baseline -0.001 -19"><span class='ocrx_word' id='word_1_289' title='bbox 391 2852 710 2908; x_wconf 86' lang='lat' dir='ltr'><strong>missionem</strong></span> <span class='ocrx_word' id='word_1_290' title='bbox 737 2869 768 2908; x_wconf 93' lang='lat' dir='ltr'><strong>a</strong></span> <span class='ocrx_word' id='word_1_291' title='bbox 795 2854 1037 2909; x_wconf 88' lang='lat' dir='ltr'><strong>Domino</strong></span> <span class='ocrx_word' id='word_1_292' title='bbox 1066 2853 1300 2922; x_wconf 81' lang='lat' dir='ltr'><strong>factam,</strong></span> <span class='ocrx_word' id='word_1_293' title='bbox 1330 2862 1518 2925; x_wconf 88' lang='lat' dir='ltr'><strong>portas</strong></span> <span class='ocrx_word' id='word_1_294' title='bbox 1546 2854 1745 2910; x_wconf 79' lang='lat' dir='ltr'><strong>inferni</strong></span> <span class='ocrx_word' id='word_1_295' title='bbox 1779 2863 1972 2910; x_wconf 90' lang='lat' dir='ltr'><strong>contra</strong></span> <span class='ocrx_word' id='word_1_296' title='bbox 2009 2854 2314 2909; x_wconf 87' lang='lat' dir='ltr'><strong>Ecclesiam</strong></span> <span class='ocrx_word' id='word_1_297' title='bbox 2343 2867 2510 2922; x_wconf 91' lang='lat' dir='ltr'><strong>supra</strong></span> <span class='ocrx_word' id='word_1_298' title='bbox 2538 2853 2766 2906; x_wconf 89' lang='lat' dir='ltr'><strong>Petrum</strong></span> <span class='ocrx_word' id='word_1_299' title='bbox 2793 2849 2910 2904; x_wconf 76' lang='lat' dir='ltr'><strong>sun-</strong></span> 
     </span>
     <span class='ocr_line' id='line_1_29' title="bbox 390 2937 2906 3013; baseline -0.001 -20"><span class='ocrx_word' id='word_1_300' title='bbox 390 2938 576 2994; x_wconf 87' lang='lat' dir='ltr'><strong>datam</strong></span> <span class='ocrx_word' id='word_1_301' title='bbox 601 2955 905 3012; x_wconf 88' lang='lat' dir='ltr'><strong>numquam</strong></span> <span class='ocrx_word' id='word_1_302' title='bbox 939 2957 1057 2998; x_wconf 90' lang='lat' dir='ltr'><strong>esse</strong></span> <span class='ocrx_word' id='word_1_303' title='bbox 1079 2942 1502 3013; x_wconf 79' lang='lat' dir='ltr'><strong>praevalituraS‚</strong></span> <span class='ocrx_word' id='word_1_304' title='bbox 1529 2951 1696 3013; x_wconf 89' lang='lat' dir='ltr'><strong>atque</strong></span> <span class='ocrx_word' id='word_1_305' title='bbox 1726 2941 2042 3013; x_wconf 88' lang='lat' dir='ltr'><strong>praeclarae</strong></span> <span class='ocrx_word' id='word_1_306' title='bbox 2070 2941 2228 2997; x_wconf 88' lang='lat' dir='ltr'><strong>istius</strong></span> <span class='ocrx_word' id='word_1_307' title='bbox 2255 2938 2637 3012; x_wconf 88' lang='lat' dir='ltr'><strong>promissionis</strong></span> <span class='ocrx_word' id='word_1_308' title='bbox 2659 2947 2746 2994; x_wconf 88' lang='lat' dir='ltr'><strong>est</strong></span> <span class='ocrx_word' id='word_1_309' title='bbox 2761 2937 2906 3010; x_wconf 82' lang='lat' dir='ltr'><strong>quasi</strong></span> 
     </span>
     <span class='ocr_line' id='line_1_30' title="bbox 390 3028 877 3096; baseline 0.002 -15"><span class='ocrx_word' id='word_1_310' title='bbox 390 3028 877 3096; x_wconf 88' lang='lat' dir='ltr'><strong>complementum.</strong></span> 
     </span>
    </p>

    <p class='ocr_par' dir='ltr' id='par_1_5' title="bbox 380 3113 2904 4060">
     <span class='ocr_line' id='line_1_31' title="bbox 457 3113 2904 3188; baseline -0.001 -19"><span class='ocrx_word' id='word_1_311' title='bbox 457 3114 565 3169; x_wconf 89' lang='lat' dir='ltr'><strong>Sed</strong></span> <span class='ocrx_word' id='word_1_312' title='bbox 599 3113 813 3187; x_wconf 88' lang='lat' dir='ltr'><strong>integra</strong></span> <span class='ocrx_word' id='word_1_313' title='bbox 853 3131 1073 3186; x_wconf 90' lang='lat' dir='ltr'><strong>quoque</strong></span> <span class='ocrx_word' id='word_1_314' title='bbox 1102 3116 1397 3188; x_wconf 86' lang='lat' dir='ltr'><strong>Evangelia</strong></span> <span class='ocrx_word' id='word_1_315' title='bbox 1437 3116 1680 3188; x_wconf 90' lang='lat' dir='ltr'><strong>quodam</strong></span> <span class='ocrx_word' id='word_1_316' title='bbox 1701 3115 1880 3170; x_wconf 81' lang='lat' dir='ltr'><strong>&#39;modo</strong></span> <span class='ocrx_word' id='word_1_317' title='bbox 1913 3116 2183 3186; x_wconf 78' lang='lat' dir='ltr'><strong>cumple13</strong></span> <span class='ocrx_word' id='word_1_318' title='bbox 2211 3115 2510 3186; x_wconf 85' lang='lat' dir='ltr'><strong>Evangelia</strong></span> <span class='ocrx_word' id='word_1_319' title='bbox 2535 3115 2686 3170; x_wconf 89' lang='lat' dir='ltr'><strong>enim</strong></span> <span class='ocrx_word' id='word_1_320' title='bbox 2717 3113 2904 3169; x_wconf 88' lang='lat' dir='ltr'><strong>Filium</strong></span> 
     </span>
     <span class='ocr_line' id='line_1_32' title="bbox 387 3200 2904 3274; baseline 0 -20"><span class='ocrx_word' id='word_1_321' title='bbox 387 3202 490 3255; x_wconf 92' lang='lat' dir='ltr'><strong>Dei</strong></span> <span class='ocrx_word' id='word_1_322' title='bbox 523 3200 679 3256; x_wconf 89' lang='lat' dir='ltr'><strong>nobis</strong></span> <span class='ocrx_word' id='word_1_323' title='bbox 712 3203 1004 3270; x_wconf 85' lang='lat' dir='ltr'><strong>exhibent,</strong></span> <span class='ocrx_word' id='word_1_324' title='bbox 1032 3204 1125 3273; x_wconf 87' lang='lat' dir='ltr'><strong>qui</strong></span> <span class='ocrx_word' id='word_1_325' title='bbox 1157 3211 1334 3258; x_wconf 89' lang='lat' dir='ltr'><strong>semet</strong></span> <span class='ocrx_word' id='word_1_326' title='bbox 1362 3204 1544 3274; x_wconf 89' lang='lat' dir='ltr'><strong>ipsum</strong></span> <span class='ocrx_word' id='word_1_327' title='bbox 1583 3203 1880 3260; x_wconf 81' lang='lat' dir='ltr'><strong>exinanivit</strong></span> <span class='ocrx_word' id='word_1_328' title='bbox 1921 3201 2158 3258; x_wconf 82' lang='lat' dir='ltr'><strong>formam</strong></span> <span class='ocrx_word' id='word_1_329' title='bbox 2195 3203 2339 3258; x_wconf 87' lang='lat' dir='ltr'><strong>servi</strong></span> <span class='ocrx_word' id='word_1_330' title='bbox 2379 3202 2654 3274; x_wconf 86' lang='lat' dir='ltr'><strong>accipiens</strong></span> <span class='ocrx_word' id='word_1_331' title='bbox 2690 3217 2904 3272; x_wconf 80' lang='lat' dir='ltr'><strong>seseque</strong></span> 
     </span>
     <span class='ocr_line' id='line_1_33' title="bbox 388 3287 2900 3361; baseline 0 -19"><span class='ocrx_word' id='word_1_332' title='bbox 388 3287 695 3343; x_wconf 88' lang='lat' dir='ltr'><strong>humiliavit</strong></span> <span class='ocrx_word' id='word_1_333' title='bbox 734 3290 909 3346; x_wconf 81' lang='lat' dir='ltr'><strong>sactus</strong></span> <span class='ocrx_word' id='word_1_334' title='bbox 946 3290 1211 3346; x_wconf 89' lang='lat' dir='ltr'><strong>obediens</strong></span> <span class='ocrx_word' id='word_1_335' title='bbox 1246 3305 1423 3361; x_wconf 88' lang='lat' dir='ltr'><strong>usquc</strong></span> <span class='ocrx_word' id='word_1_336' title='bbox 1460 3291 1532 3346; x_wconf 91' lang='lat' dir='ltr'><strong>ad</strong></span> <span class='ocrx_word' id='word_1_337' title='bbox 1570 3301 1810 3346; x_wconf 88' lang='lat' dir='ltr'><strong>mortem</strong></span> <span class='ocrx_word' id='word_1_338' title='bbox 1847 3291 2055 3358; x_wconf 81' lang='lat' dir='ltr'><strong>crucis3</strong></span> <span class='ocrx_word' id='word_1_339' title='bbox 2085 3289 2324 3345; x_wconf 91' lang='lat' dir='ltr'><strong>eundem</strong></span> <span class='ocrx_word' id='word_1_340' title='bbox 2361 3298 2546 3345; x_wconf 89' lang='lat' dir='ltr'><strong>autem</strong></span> <span class='ocrx_word' id='word_1_341' title='bbox 2583 3289 2784 3344; x_wconf 87' lang='lat' dir='ltr'><strong>Filium</strong></span> <span class='ocrx_word' id='word_1_342' title='bbox 2813 3289 2900 3343; x_wconf 86' lang='lat' dir='ltr'><strong>Dei</strong></span> 
     </span>
     <span class='ocr_line' id='line_1_34' title="bbox 384 3374 2896 3450; baseline 0 -21"><span class='ocrx_word' id='word_1_343' title='bbox 384 3374 544 3430; x_wconf 90' lang='lat' dir='ltr'><strong>nobis</strong></span> <span class='ocrx_word' id='word_1_344' title='bbox 592 3375 832 3432; x_wconf 89' lang='lat' dir='ltr'><strong>ostendit</strong></span> <span class='ocrx_word' id='word_1_345' title='bbox 876 3379 1232 3450; x_wconf 80' lang='lat' dir='ltr'><strong>Apocalypsis</strong></span> <span class='ocrx_word' id='word_1_346' title='bbox 1274 3380 1608 3448; x_wconf 83' lang='lat' dir='ltr'><strong>exaltatum,</strong></span> <span class='ocrx_word' id='word_1_347' title='bbox 1655 3379 1746 3434; x_wconf 88' lang='lat' dir='ltr'><strong>cui</strong></span> <span class='ocrx_word' id='word_1_348' title='bbox 1791 3387 1876 3433; x_wconf 87' lang='lat' dir='ltr'><strong>est</strong></span> <span class='ocrx_word' id='word_1_349' title='bbox 1921 3377 2116 3434; x_wconf 91' lang='lat' dir='ltr'><strong>datum</strong></span> <span class='ocrx_word' id='word_1_350' title='bbox 2158 3392 2392 3446; x_wconf 89' lang='lat' dir='ltr'><strong>nomen,</strong></span> <span class='ocrx_word' id='word_1_351' title='bbox 2427 3375 2578 3448; x_wconf 85' lang='lat' dir='ltr'><strong>quod</strong></span> <span class='ocrx_word' id='word_1_352' title='bbox 2623 3385 2708 3432; x_wconf 90' lang='lat' dir='ltr'><strong>est</strong></span> <span class='ocrx_word' id='word_1_353' title='bbox 2748 3391 2896 3446; x_wconf 83' lang='lat' dir='ltr'><strong>supra</strong></span> 
     </span>
     <span class='ocr_line' id='line_1_35' title="bbox 384 3463 2895 3538; baseline 0.003 -23"><span class='ocrx_word' id='word_1_354' title='bbox 384 3477 547 3516; x_wconf 89' lang='lat' dir='ltr'><strong>omne</strong></span> <span class='ocrx_word' id='word_1_355' title='bbox 572 3478 795 3534; x_wconf 90' lang='lat' dir='ltr'><strong>nomen,</strong></span> <span class='ocrx_word' id='word_1_356' title='bbox 819 3473 879 3520; x_wconf 90' lang='lat' dir='ltr'><strong>ut</strong></span> <span class='ocrx_word' id='word_1_357' title='bbox 907 3466 963 3520; x_wconf 91' lang='lat' dir='ltr'><strong>in</strong></span> <span class='ocrx_word' id='word_1_358' title='bbox 988 3465 1212 3521; x_wconf 88' lang='lat' dir='ltr'><strong>nomine</strong></span> <span class='ocrx_word' id='word_1_359' title='bbox 1241 3467 1369 3521; x_wconf 90' lang='lat' dir='ltr'><strong>Iesu</strong></span> <span class='ocrx_word' id='word_1_360' title='bbox 1394 3481 1560 3521; x_wconf 91' lang='lat' dir='ltr'><strong>omne</strong></span> <span class='ocrx_word' id='word_1_361' title='bbox 1591 3481 1734 3538; x_wconf 87' lang='lat' dir='ltr'><strong>genu</strong></span> <span class='ocrx_word' id='word_1_362' title='bbox 1757 3465 2032 3533; x_wconf 83' lang='lat' dir='ltr'><strong>flectatur,</strong></span> <span class='ocrx_word' id='word_1_363' title='bbox 2059 3474 2116 3520; x_wconf 91' lang='lat' dir='ltr'><strong>et</strong></span> <span class='ocrx_word' id='word_1_364' title='bbox 2143 3465 2324 3521; x_wconf 89' lang='lat' dir='ltr'><strong>omnis</strong></span> <span class='ocrx_word' id='word_1_365' title='bbox 2349 3465 2538 3537; x_wconf 87' lang='lat' dir='ltr'><strong>lingua</strong></span> <span class='ocrx_word' id='word_1_366' title='bbox 2563 3463 2895 3522; x_wconf 77' lang='lat' dir='ltr'><strong>confiteatur.</strong></span> 
     </span>
     <span class='ocr_line' id='line_1_36' title="bbox 384 3550 2894 3626; baseline -0 -22"><span class='ocrx_word' id='word_1_367' title='bbox 384 3550 509 3622; x_wconf 88' lang='lat' dir='ltr'><strong>quia</strong></span> <span class='ocrx_word' id='word_1_368' title='bbox 546 3551 818 3606; x_wconf 89' lang='lat' dir='ltr'><strong>Dominus</strong></span> <span class='ocrx_word' id='word_1_369' title='bbox 857 3553 1008 3608; x_wconf 84' lang='lat' dir='ltr'><strong>Iesus</strong></span> <span class='ocrx_word' id='word_1_370' title='bbox 1035 3552 1289 3608; x_wconf 89' lang='lat' dir='ltr'><strong>Christus</strong></span> <span class='ocrx_word' id='word_1_371' title='bbox 1322 3553 1379 3608; x_wconf 91' lang='lat' dir='ltr'><strong>in</strong></span> <span class='ocrx_word' id='word_1_372' title='bbox 1416 3553 1590 3626; x_wconf 88' lang='lat' dir='ltr'><strong>gloria</strong></span> <span class='ocrx_word' id='word_1_373' title='bbox 1625 3561 1708 3608; x_wconf 89' lang='lat' dir='ltr'><strong>est</strong></span> <span class='ocrx_word' id='word_1_374' title='bbox 1740 3553 1845 3608; x_wconf 89' lang='lat' dir='ltr'><strong>Dei</strong></span> <span class='ocrx_word' id='word_1_375' title='bbox 1877 3553 2086 3622; x_wconf 80' lang='lat' dir='ltr'><strong>Patris3</strong></span> <span class='ocrx_word' id='word_1_376' title='bbox 2119 3553 2308 3623; x_wconf 88' lang='lat' dir='ltr'><strong>itaque</strong></span> <span class='ocrx_word' id='word_1_377' title='bbox 2336 3553 2552 3607; x_wconf 86' lang='lat' dir='ltr'><strong>Veteris</strong></span> <span class='ocrx_word' id='word_1_378' title='bbox 2577 3551 2894 3606; x_wconf 81' lang='lat' dir='ltr'><strong>Testamenti</strong></span> 
     </span>
     <span class='ocr_line' id='line_1_37' title="bbox 384 3636 2890 3713; baseline 0.001 -22"><span class='ocrx_word' id='word_1_379' title='bbox 384 3636 635 3692; x_wconf 88' lang='lat' dir='ltr'><strong>vaticinia</strong></span> <span class='ocrx_word' id='word_1_380' title='bbox 668 3637 738 3693; x_wconf 89' lang='lat' dir='ltr'><strong>de</strong></span> <span class='ocrx_word' id='word_1_381' title='bbox 762 3639 995 3694; x_wconf 88' lang='lat' dir='ltr'><strong>Messiae</strong></span> <span class='ocrx_word' id='word_1_382' title='bbox 1018 3640 1261 3696; x_wconf 89' lang='lat' dir='ltr'><strong>adventu</strong></span> <span class='ocrx_word' id='word_1_383' title='bbox 1288 3640 1532 3713; x_wconf 84' lang='lat' dir='ltr'><strong>glorioso</strong></span> <span class='ocrx_word' id='word_1_384' title='bbox 1561 3655 1843 3713; x_wconf 87' lang='lat' dir='ltr'><strong>regnoque</strong></span> <span class='ocrx_word' id='word_1_385' title='bbox 1867 3649 2094 3696; x_wconf 89' lang='lat' dir='ltr'><strong>aeterno</strong></span> <span class='ocrx_word' id='word_1_386' title='bbox 2121 3640 2182 3694; x_wconf 88' lang='lat' dir='ltr'><strong>in</strong></span> <span class='ocrx_word' id='word_1_387' title='bbox 2211 3647 2458 3694; x_wconf 87' lang='lat' dir='ltr'><strong>mentem</strong></span> <span class='ocrx_word' id='word_1_388' title='bbox 2487 3649 2710 3694; x_wconf 87' lang='lat' dir='ltr'><strong>revocat</strong></span> <span class='ocrx_word' id='word_1_389' title='bbox 2733 3649 2786 3694; x_wconf 85' lang='lat' dir='ltr'><strong>et</strong></span> <span class='ocrx_word' id='word_1_390' title='bbox 2814 3655 2890 3693; x_wconf 81' lang='lat' dir='ltr'><strong>ex-</strong></span> 
     </span>
     <span class='ocr_line' id='line_1_38' title="bbox 384 3726 2890 3801; baseline 0 -20"><span class='ocrx_word' id='word_1_391' title='bbox 384 3726 572 3795; x_wconf 85' lang='lat' dir='ltr'><strong>plicat;</strong></span> <span class='ocrx_word' id='word_1_392' title='bbox 601 3735 765 3797; x_wconf 89' lang='lat' dir='ltr'><strong>atque</strong></span> <span class='ocrx_word' id='word_1_393' title='bbox 804 3727 1017 3799; x_wconf 89' lang='lat' dir='ltr'><strong>integer</strong></span> <span class='ocrx_word' id='word_1_394' title='bbox 1044 3727 1185 3784; x_wconf 86' lang='lat' dir='ltr'><strong>liber</strong></span> <span class='ocrx_word' id='word_1_395' title='bbox 1214 3736 1296 3783; x_wconf 88' lang='lat' dir='ltr'><strong>est</strong></span> <span class='ocrx_word' id='word_1_396' title='bbox 1328 3729 1489 3801; x_wconf 85' lang='lat' dir='ltr'><strong>quasi</strong></span> <span class='ocrx_word' id='word_1_397' title='bbox 1519 3729 1800 3784; x_wconf 90' lang='lat' dir='ltr'><strong>canticum</strong></span> <span class='ocrx_word' id='word_1_398' title='bbox 1833 3727 2168 3798; x_wconf 86' lang='lat' dir='ltr'><strong>triumphale</strong></span> <span class='ocrx_word' id='word_1_399' title='bbox 2199 3735 2256 3781; x_wconf 89' lang='lat' dir='ltr'><strong>et</strong></span> <span class='ocrx_word' id='word_1_400' title='bbox 2281 3726 2535 3796; x_wconf 87' lang='lat' dir='ltr'><strong>nuptiale</strong></span> <span class='ocrx_word' id='word_1_401' title='bbox 2561 3727 2760 3782; x_wconf 87' lang='lat' dir='ltr'><strong>Christi</strong></span> <span class='ocrx_word' id='word_1_402' title='bbox 2786 3741 2890 3782; x_wconf 85' lang='lat' dir='ltr'><strong>om-</strong></span> 
     </span>
     <span class='ocr_line' id='line_1_39' title="bbox 380 3812 2886 3887; baseline -0 -19"><span class='ocrx_word' id='word_1_403' title='bbox 380 3812 539 3868; x_wconf 89' lang='lat' dir='ltr'><strong>nibus</strong></span> <span class='ocrx_word' id='word_1_404' title='bbox 568 3814 814 3871; x_wconf 89' lang='lat' dir='ltr'><strong>hostibus</strong></span> <span class='ocrx_word' id='word_1_405' title='bbox 853 3815 1082 3870; x_wconf 87' lang='lat' dir='ltr'><strong>devictis</strong></span> <span class='ocrx_word' id='word_1_406' title='bbox 1113 3817 1335 3886; x_wconf 89' lang='lat' dir='ltr'><strong>nuptias</strong></span> <span class='ocrx_word' id='word_1_407' title='bbox 1368 3832 1495 3872; x_wconf 89' lang='lat' dir='ltr'><strong>cum</strong></span> <span class='ocrx_word' id='word_1_408' title='bbox 1529 3831 1728 3887; x_wconf 87' lang='lat' dir='ltr'><strong>sponsa</strong></span> <span class='ocrx_word' id='word_1_409' title='bbox 1765 3831 1863 3871; x_wconf 88' lang='lat' dir='ltr'><strong>sua</strong></span> <span class='ocrx_word' id='word_1_410' title='bbox 1899 3814 2144 3870; x_wconf 86' lang='lat' dir='ltr'><strong>Ecclesia</strong></span> <span class='ocrx_word' id='word_1_411' title='bbox 2173 3812 2506 3869; x_wconf 87' lang='lat' dir='ltr'><strong>celebrantis</strong></span> <span class='ocrx_word' id='word_1_412' title='bbox 2531 3817 2696 3880; x_wconf 84' lang='lat'><strong>(19,7.</strong></span> <span class='ocrx_word' id='word_1_413' title='bbox 2727 3819 2786 3880; x_wconf 80' lang='lat'><strong>93</strong></span> <span class='ocrx_word' id='word_1_414' title='bbox 2813 3817 2886 3868; x_wconf 80' lang='lat'><strong>20.</strong></span> 
     </span>
     <span class='ocr_line' id='line_1_40' title="bbox 380 3899 2888 3975; baseline -0.002 -19"><span class='ocrx_word' id='word_1_415' title='bbox 380 3907 413 3956; x_wconf 84' lang='lat'>9</span> <span class='ocrx_word' id='word_1_416' title='bbox 442 3907 592 3973; x_wconf 64' lang='lat' dir='ltr'><strong>etc).</strong></span> <span class='ocrx_word' id='word_1_417' title='bbox 620 3903 793 3958; x_wconf 87' lang='lat' dir='ltr'><strong>Multa</strong></span> <span class='ocrx_word' id='word_1_418' title='bbox 826 3903 931 3960; x_wconf 91' lang='lat' dir='ltr'><strong>alia</strong></span> <span class='ocrx_word' id='word_1_419' title='bbox 964 3911 1249 3975; x_wconf 88' lang='lat' dir='ltr'><strong>praeterea</strong></span> <span class='ocrx_word' id='word_1_420' title='bbox 1270 3901 1532 3975; x_wconf 80' lang='lat' dir='ltr'><strong>dogmata</strong></span> <span class='ocrx_word' id='word_1_421' title='bbox 1565 3902 1635 3959; x_wconf 92' lang='lat' dir='ltr'><strong>de</strong></span> <span class='ocrx_word' id='word_1_422' title='bbox 1658 3904 1863 3975; x_wconf 85' lang='lat' dir='ltr'><strong>angelis</strong></span> <span class='ocrx_word' id='word_1_423' title='bbox 1878 3945 1891 3970; x_wconf 91' lang='lat'><strong>,</strong></span> <span class='ocrx_word' id='word_1_424' title='bbox 1915 3902 1985 3958; x_wconf 90' lang='lat' dir='ltr'><strong>de</strong></span> <span class='ocrx_word' id='word_1_425' title='bbox 2005 3902 2182 3974; x_wconf 86' lang='lat' dir='ltr'><strong>gloria</strong></span> <span class='ocrx_word' id='word_1_426' title='bbox 2205 3910 2431 3958; x_wconf 81' lang='lat' dir='ltr'><strong>aeterna</strong></span> <span class='ocrx_word' id='word_1_427' title='bbox 2455 3899 2746 3958; x_wconf 87' lang='lat' dir='ltr'><strong>beatorum</strong></span> <span class='ocrx_word' id='word_1_428' title='bbox 2767 3909 2820 3956; x_wconf 87' lang='lat' dir='ltr'><strong>et</strong></span> <span class='ocrx_word' id='word_1_429' title='bbox 2832 3900 2888 3953; x_wconf 76' lang='lat' dir='ltr'><strong>de</strong></span> 
     </span>
     <span class='ocr_line' id='line_1_41' title="bbox 381 3990 2452 4060; baseline 0 -16"><span class='ocrx_word' id='word_1_430' title='bbox 381 3991 568 4059; x_wconf 87' lang='lat' dir='ltr'><strong>poenis</strong></span> <span class='ocrx_word' id='word_1_431' title='bbox 596 3990 1011 4060; x_wconf 77' lang='lat' dir='ltr'><strong>damnatorum,</strong></span> <span class='ocrx_word' id='word_1_432' title='bbox 1039 3991 1110 4047; x_wconf 86' lang='lat' dir='ltr'><strong>dc</strong></span> <span class='ocrx_word' id='word_1_433' title='bbox 1138 3991 1339 4048; x_wconf 85' lang='lat' dir='ltr'><strong>divinis</strong></span> <span class='ocrx_word' id='word_1_434' title='bbox 1365 3991 1646 4048; x_wconf 83' lang='lat' dir='ltr'><strong>attributis</strong></span> <span class='ocrx_word' id='word_1_435' title='bbox 1677 4000 1782 4046; x_wconf 88' lang='lat' dir='ltr'><strong>etc.</strong></span> <span class='ocrx_word' id='word_1_436' title='bbox 1814 3999 1919 4047; x_wconf 89' lang='lat' dir='ltr'><strong>etc.</strong></span> <span class='ocrx_word' id='word_1_437' title='bbox 1947 3991 2149 4046; x_wconf 90' lang='lat' dir='ltr'><strong>clarius</strong></span> <span class='ocrx_word' id='word_1_438' title='bbox 2177 3990 2452 4046; x_wconf 86' lang='lat' dir='ltr'><strong>enuntiat.</strong></span> 
     </span>
    </p>

    <p class='ocr_par' dir='ltr' id='par_1_6' title="bbox 376 4075 2886 4675">
     <span class='ocr_line' id='line_1_42' title="bbox 448 4075 2884 4150; baseline -0.001 -18"><span class='ocrx_word' id='word_1_439' title='bbox 448 4078 778 4149; x_wconf 84' lang='lat' dir='ltr'><strong>Argumenti</strong></span> <span class='ocrx_word' id='word_1_440' title='bbox 803 4079 970 4150; x_wconf 86' lang='lat' dir='ltr'><strong>igitur</strong></span> <span class='ocrx_word' id='word_1_441' title='bbox 997 4079 1335 4135; x_wconf 83' lang='lat' dir='ltr'><strong>obscuritate</strong></span> <span class='ocrx_word' id='word_1_442' title='bbox 1374 4095 1484 4134; x_wconf 88' lang='lat' dir='ltr'><strong>nou</strong></span> <span class='ocrx_word' id='word_1_443' title='bbox 1518 4079 1774 4136; x_wconf 90' lang='lat' dir='ltr'><strong>obstante</strong></span> <span class='ocrx_word' id='word_1_444' title='bbox 1801 4078 2158 4150; x_wconf 87' lang='lat' dir='ltr'><strong>Apocalypsis</strong></span> <span class='ocrx_word' id='word_1_445' title='bbox 2185 4075 2346 4133; x_wconf 89' lang='lat' dir='ltr'><strong>nobis</strong></span> <span class='ocrx_word' id='word_1_446' title='bbox 2374 4092 2598 4149; x_wconf 82' lang='lat' dir='ltr'><strong>quoque</strong></span> <span class='ocrx_word' id='word_1_447' title='bbox 2625 4076 2884 4132; x_wconf 78' lang='lat' dir='ltr'><strong>utilissima</strong></span> 
     </span>
     <span class='ocr_line' id='line_1_43' title="bbox 378 4163 2886 4237; baseline -0.001 -16"><span class='ocrx_word' id='word_1_448' title='bbox 378 4172 534 4221; x_wconf 87' lang='lat' dir='ltr'><strong>estet</strong></span> <span class='ocrx_word' id='word_1_449' title='bbox 562 4166 817 4221; x_wconf 88' lang='lat' dir='ltr'><strong>omnibus</strong></span> <span class='ocrx_word' id='word_1_450' title='bbox 834 4166 1106 4222; x_wconf 82' lang='lat' dir='ltr'><strong>aetatibus</strong></span> <span class='ocrx_word' id='word_1_451' title='bbox 1129 4167 1413 4223; x_wconf 87' lang='lat' dir='ltr'><strong>utilissima</strong></span> <span class='ocrx_word' id='word_1_452' title='bbox 1438 4168 1541 4222; x_wconf 85' lang='lat' dir='ltr'><strong>erit</strong></span> <span class='ocrx_word' id='word_1_453' title='bbox 1557 4207 1574 4233; x_wconf 87' lang='lat'><strong>,</strong></span> <span class='ocrx_word' id='word_1_454' title='bbox 1597 4165 1773 4222; x_wconf 88' lang='lat' dir='ltr'><strong>donec</strong></span> <span class='ocrx_word' id='word_1_455' title='bbox 1799 4166 2046 4232; x_wconf 88' lang='lat' dir='ltr'><strong>tandem,</strong></span> <span class='ocrx_word' id='word_1_456' title='bbox 2070 4164 2294 4237; x_wconf 85' lang='lat' dir='ltr'><strong>quando</strong></span> <span class='ocrx_word' id='word_1_457' title='bbox 2312 4165 2500 4222; x_wconf 87' lang='lat' dir='ltr'><strong>omnia</strong></span> <span class='ocrx_word' id='word_1_458' title='bbox 2519 4164 2776 4220; x_wconf 82' lang='lat' dir='ltr'><strong>vaticinia</strong></span> <span class='ocrx_word' id='word_1_459' title='bbox 2795 4163 2886 4218; x_wconf 85' lang='lat' dir='ltr'><strong>iam</strong></span> 
     </span>
     <span class='ocr_line' id='line_1_44' title="bbox 379 4253 2886 4326; baseline -0 -19"><span class='ocrx_word' id='word_1_460' title='bbox 379 4262 541 4308; x_wconf 88' lang='lat' dir='ltr'><strong>erunt</strong></span> <span class='ocrx_word' id='word_1_461' title='bbox 576 4253 835 4324; x_wconf 88' lang='lat' dir='ltr'><strong>impleta,</strong></span> <span class='ocrx_word' id='word_1_462' title='bbox 872 4255 1057 4309; x_wconf 89' lang='lat' dir='ltr'><strong>omnia</strong></span> <span class='ocrx_word' id='word_1_463' title='bbox 1098 4271 1321 4326; x_wconf 90' lang='lat' dir='ltr'><strong>quoque</strong></span> <span class='ocrx_word' id='word_1_464' title='bbox 1356 4253 1606 4325; x_wconf 75' lang='lat' dir='ltr'><strong>symbola</strong></span> <span class='ocrx_word' id='word_1_465' title='bbox 1648 4256 1769 4310; x_wconf 88' lang='lat' dir='ltr'><strong>luce</strong></span> <span class='ocrx_word' id='word_1_466' title='bbox 1809 4253 1995 4310; x_wconf 89' lang='lat' dir='ltr'><strong>divina</strong></span> <span class='ocrx_word' id='word_1_467' title='bbox 2031 4253 2404 4309; x_wconf 90' lang='lat' dir='ltr'><strong>illustrantur.</strong></span> <span class='ocrx_word' id='word_1_468' title='bbox 2452 4273 2476 4303; x_wconf 71' lang='grc' dir='ltr'><strong>α</strong></span> <span class='ocrx_word' id='word_1_469' title='bbox 2515 4253 2886 4322; x_wconf 71' lang='lat' dir='ltr'><strong>Quaecumque</strong></span> 
     </span>
     <span class='ocr_line' id='line_1_45' title="bbox 378 4340 2886 4411; baseline -0.002 -15"><span class='ocrx_word' id='word_1_470' title='bbox 378 4341 525 4396; x_wconf 89' lang='lat' dir='ltr'><strong>enim</strong></span> <span class='ocrx_word' id='word_1_471' title='bbox 553 4343 752 4411; x_wconf 85' lang='lat' dir='ltr'><strong>scripta</strong></span> <span class='ocrx_word' id='word_1_472' title='bbox 780 4349 925 4410; x_wconf 87' lang='lat' dir='ltr'><strong>sunt,</strong></span> <span class='ocrx_word' id='word_1_473' title='bbox 952 4341 1023 4396; x_wconf 87' lang='lat' dir='ltr'><strong>ad</strong></span> <span class='ocrx_word' id='word_1_474' title='bbox 1048 4352 1297 4398; x_wconf 88' lang='lat' dir='ltr'><strong>nostram</strong></span> <span class='ocrx_word' id='word_1_475' title='bbox 1326 4340 1637 4398; x_wconf 88' lang='lat' dir='ltr'><strong>doctrinam</strong></span> <span class='ocrx_word' id='word_1_476' title='bbox 1667 4342 1868 4411; x_wconf 87' lang='lat' dir='ltr'><strong>scripta</strong></span> <span class='ocrx_word' id='word_1_477' title='bbox 1897 4349 2046 4408; x_wconf 89' lang='lat' dir='ltr'><strong>sunt,</strong></span> <span class='ocrx_word' id='word_1_478' title='bbox 2073 4348 2137 4396; x_wconf 90' lang='lat' dir='ltr'><strong>ut</strong></span> <span class='ocrx_word' id='word_1_479' title='bbox 2163 4355 2265 4410; x_wconf 89' lang='lat' dir='ltr'><strong>per</strong></span> <span class='ocrx_word' id='word_1_480' title='bbox 2291 4340 2614 4410; x_wconf 85' lang='lat' dir='ltr'><strong>patientiam</strong></span> <span class='ocrx_word' id='word_1_481' title='bbox 2639 4348 2695 4396; x_wconf 89' lang='lat' dir='ltr'><strong>et</strong></span> <span class='ocrx_word' id='word_1_482' title='bbox 2717 4351 2886 4395; x_wconf 87' lang='lat' dir='ltr'><strong>conso·</strong></span> 
     </span>
     <span class='ocr_line' id='line_1_46' title="bbox 379 4424 2884 4500; baseline -0.001 -18"><span class='ocrx_word' id='word_1_483' title='bbox 379 4427 643 4482; x_wconf 87' lang='lat' dir='ltr'><strong>lationem</strong></span> <span class='ocrx_word' id='word_1_484' title='bbox 682 4428 1086 4499; x_wconf 81' lang='lat' dir='ltr'><strong>scripturarum</strong></span> <span class='ocrx_word' id='word_1_485' title='bbox 1116 4445 1269 4500; x_wconf 90' lang='lat' dir='ltr'><strong>spem</strong></span> <span class='ocrx_word' id='word_1_486' title='bbox 1308 4429 1612 4486; x_wconf 88' lang='lat' dir='ltr'><strong>habeamus</strong></span> <span class='ocrx_word' id='word_1_487' title='bbox 1649 4449 1699 4484; x_wconf 70' lang='grc' dir='ltr'><strong>ι.</strong></span> <span class='ocrx_word' id='word_1_488' title='bbox 1731 4433 1910 4494; x_wconf 80' lang='lat' dir='ltr'><strong>(Rom.</strong></span> <span class='ocrx_word' id='word_1_489' title='bbox 1943 4433 2108 4496; x_wconf 76' lang='lat'><strong>15,4).</strong></span> <span class='ocrx_word' id='word_1_490' title='bbox 2139 4429 2398 4484; x_wconf 87' lang='lat' dir='ltr'><strong>Ceterum</strong></span> <span class='ocrx_word' id='word_1_491' title='bbox 2430 4427 2477 4483; x_wconf 86' lang='lat' dir='ltr'><strong>si</strong></span> <span class='ocrx_word' id='word_1_492' title='bbox 2501 4442 2628 4484; x_wconf 84' lang='lat' dir='ltr'><strong>eam</strong></span> <span class='ocrx_word' id='word_1_493' title='bbox 2662 4424 2884 4482; x_wconf 83' lang='lat' dir='ltr'><strong>nondum</strong></span> 
     </span>
     <span class='ocr_line' id='line_1_47' title="bbox 379 4513 2882 4588; baseline 0.001 -22"><span class='ocrx_word' id='word_1_494' title='bbox 379 4514 753 4586; x_wconf 79' lang='lat' dir='ltr'><strong>intelligimuS‚</strong></span> <span class='ocrx_word' id='word_1_495' title='bbox 780 4515 852 4570; x_wconf 88' lang='lat' dir='ltr'><strong>ad</strong></span> <span class='ocrx_word' id='word_1_496' title='bbox 879 4515 1247 4572; x_wconf 86' lang='lat' dir='ltr'><strong>humilitatem</strong></span> <span class='ocrx_word' id='word_1_497' title='bbox 1275 4532 1495 4588; x_wconf 87' lang='lat' dir='ltr'><strong>quoque</strong></span> <span class='ocrx_word' id='word_1_498' title='bbox 1524 4517 1645 4572; x_wconf 89' lang='lat' dir='ltr'><strong>eius</strong></span> <span class='ocrx_word' id='word_1_499' title='bbox 1673 4516 1978 4572; x_wconf 88' lang='lat' dir='ltr'><strong>obscuritas</strong></span> <span class='ocrx_word' id='word_1_500' title='bbox 2005 4532 2111 4574; x_wconf 90' lang='lat' dir='ltr'><strong>nos</strong></span> <span class='ocrx_word' id='word_1_501' title='bbox 2135 4516 2412 4584; x_wconf 83' lang='lat' dir='ltr'><strong>hortatur,</strong></span> <span class='ocrx_word' id='word_1_502' title='bbox 2443 4523 2506 4572; x_wconf 89' lang='lat' dir='ltr'><strong>ut</strong></span> <span class='ocrx_word' id='word_1_503' title='bbox 2531 4531 2660 4572; x_wconf 89' lang='lat' dir='ltr'><strong>cum</strong></span> <span class='ocrx_word' id='word_1_504' title='bbox 2677 4515 2733 4570; x_wconf 88' lang='lat' dir='ltr'><strong>S.</strong></span> <span class='ocrx_word' id='word_1_505' title='bbox 2757 4513 2882 4569; x_wconf 84' lang='lat' dir='ltr'><strong>Dio-</strong></span> 
     </span>
     <span class='ocr_line' id='line_1_48' title="bbox 376 4600 2886 4675; baseline 0 -23"><span class='ocrx_word' id='word_1_506' title='bbox 376 4603 547 4668; x_wconf 76' lang='lat' dir='ltr'><strong>nysio</strong></span> <span class='ocrx_word' id='word_1_507' title='bbox 576 4606 652 4656; x_wconf 89' lang='grc' dir='ltr'><strong>Μ.</strong></span> <span class='ocrx_word' id='word_1_508' title='bbox 683 4601 897 4672; x_wconf 78' lang='lat' dir='ltr'><strong>(fragm.</strong></span> <span class='ocrx_word' id='word_1_509' title='bbox 940 4608 1015 4668; x_wconf 81' lang='lat'><strong>3.)</strong></span> <span class='ocrx_word' id='word_1_510' title='bbox 1047 4601 1294 4658; x_wconf 89' lang='lat' dir='ltr'><strong>dicamus</strong></span> <span class='ocrx_word' id='word_1_511' title='bbox 1336 4625 1350 4658; x_wconf 73' lang='grc' dir='ltr'>ε</span> <span class='ocrx_word' id='word_1_512' title='bbox 1398 4623 1419 4653; x_wconf 78' lang='grc' dir='ltr'>ι</span> <span class='ocrx_word' id='word_1_513' title='bbox 1464 4605 1794 4660; x_wconf 88' lang='lat' dir='ltr'><strong>Huiusmodi</strong></span> <span class='ocrx_word' id='word_1_514' title='bbox 1830 4602 1900 4660; x_wconf 87' lang='lat' dir='ltr'><strong>de</strong></span> <span class='ocrx_word' id='word_1_515' title='bbox 1935 4605 2034 4661; x_wconf 90' lang='lat' dir='ltr'><strong>illo</strong></span> <span class='ocrx_word' id='word_1_516' title='bbox 2072 4604 2213 4660; x_wconf 91' lang='lat' dir='ltr'><strong>libro</strong></span> <span class='ocrx_word' id='word_1_517' title='bbox 2251 4605 2566 4675; x_wconf 88' lang='lat' dir='ltr'><strong>opinionem</strong></span> <span class='ocrx_word' id='word_1_518' title='bbox 2599 4600 2886 4672; x_wconf 77' lang='lat' dir='ltr'><strong>concipiens</strong></span> 
     </span>
    </p>
   </div>
   <div class='ocr_carea' id='block_1_5' title="bbox 3034 2841 3036 3393">
    <p class='ocr_par' dir='ltr' id='par_1_7' title="bbox 3034 2841 3036 3393">
     <span class='ocr_line' id='line_1_49' title="bbox 3034 2841 3036 3393; baseline 0 0"><span class='ocrx_word' id='word_1_519' title='bbox 3034 2841 3036 3393; x_wconf 95' lang='lat' dir='ltr'><strong> </strong></span> 
     </span>
    </p>
   </div>
   <div class='ocr_carea' id='block_1_6' title="bbox 3033 3743 3037 5163">
    <p class='ocr_par' dir='ltr' id='par_1_8' title="bbox 3033 3743 3037 5163">
     <span class='ocr_line' id='line_1_50' title="bbox 3033 3743 3037 5163; baseline 0 0"><span class='ocrx_word' id='word_1_520' title='bbox 3033 3743 3037 5163; x_wconf 95' lang='lat' dir='ltr'><strong> </strong></span> 
     </span>
    </p>
   </div>
  </div>
 </body>
</html>
