3050 5184
405 310 522 367 262
603 324 679 367 nn
722 324 858 365 var.
905 322 1160 365 rasum.
1209 308 1781 363 mams‘msromcis.
1829 336 1910 345 -—
1952 320 2079 365 mr.
2126 322 2207 365 vr.
2258 322 2333 366 nn
2368 322 2455 365 n..
2490 310 2625 367 1.2.
2671 320 2923 365 ramur.

486 457 543 514 2.
579 490 657 499 —
685 454 995 515 Fontibus
1020 456 1232 513 autem
1264 451 1394 512 suis
1422 454 1745 511 auctorem
1775 450 2304 531 Paralipomenon
2330 455 2520 515 etiam
2552 471 2775 533 magna
2800 470 2925 511 cum
3021 450 3022 453 ’

409 550 737 629 diligentia
765 554 828 611 et
856 548 1158 609 fidelitate
1189 564 1374 607 usum
1405 562 1543 606 esse
1562 592 1576 617 ,
1610 547 1835 624 plenus
1867 548 2003 608 eius
2043 566 2386 610 consensus
2422 568 2572 611 cum
2602 551 2740 609 aliis
2767 548 2928 607 libris
3021 616 3022 641 ᾖ

410 648 598 707 sacris
635 646 868 707 invicte
914 646 1322 705 demonstrat.
1359 644 1580 719 Magno
1620 642 1878 719 quidem
1920 661 2062 704 cum
2108 646 2331 707 ardore
2372 647 2612 707 ultimis
2640 646 2739 705 his
2768 645 2929 704 annis
3021 674 3022 721 3

407 743 834 803 rationalistae
865 741 1180 818 integrum
1219 756 1378 817 opus
1422 740 1798 816 perscrutati
1840 746 2015 811 sunt,
2050 745 2120 801 ut
2156 742 2433 819 aliquem
2462 759 2744 803 errorem
2770 742 2931 801 dete-
3021 746 3022 825 ᾖ

408 843 658 917 gerent3
684 843 749 898 at
771 837 1018 897 nullum
1047 836 1314 895 inveniri
1337 834 1516 895 fateri
1550 833 1811 907 debent,
1845 838 2227 915 quicumque
2252 839 2331 899 ad
2361 840 2550 899 finem
2581 838 2855 898 auctoris
2880 842 2933 895 et
3021 828 3022 865 ³

408 934 487 993 ad
514 934 806 995 hodierni
828 936 1036 994 textus
1067 935 1300 992 statum
1331 932 1481 991 satis
1507 935 1875 1009 corruptum
1898 931 2187 993 attendit.

477 1047 755 1116 Quoniam
779 1046 1196 1115 Paralipomena
1212 1088 1226 1113 ‚
1254 1043 1301 1099 si
1328 1043 1500 1099 fidem
1529 1053 1834 1112 merentur,
1864 1060 2057 1101 omnes
2080 1045 2380 1102 modernas
2406 1046 2657 1103 fictiones
2675 1046 2747 1102 de
2766 1063 2937 1101 recen·

411 1133 552 1188 tiore
578 1133 937 1189 Pentateuchi
967 1131 1176 1205 origine
1207 1128 1452 1187 funditus
1479 1139 1738 1187 evertunt
1764 1132 2279 1204 legislationemque
2314 1134 2617 1189 mosaicam
2648 1136 2937 1205 primorum

411 1236 606 1293 regum
631 1227 884 1291 tempore
906 1220 1182 1286 integram
1208 1218 1492 1291 cognitam
1521 1216 1687 1274 fuisse
1710 1220 1901 1275 multis
1930 1220 2257 1276 testimoniis
2286 1220 2644 1288 confirmant,
2676 1222 2939 1276 ardentis-
3021 1256 3022 1289 ᾗ

412 1308 614 1363 simum
635 1316 830 1363 contra
857 1323 1052 1363 eorum
1075 1306 1462 1361 auctoritatem
1491 1305 1697 1361 exarsit
1720 1306 1952 1362 bellum.
1980 1309 2201 1363 Morosa
2231 1323 2358 1363 cum
2388 1307 2761 1364 sollicitudine
2794 1330 2817 1358 ι
2844 1309 2939 1361 eri-

412 1394 504 1451 tici
537 1416 560 1447 »
587 1395 842 1450 moderni
865 1395 1159 1464 parallelos
1185 1402 1370 1449 textus
1389 1408 1585 1449 omnes
1606 1393 1665 1447 ll.
1695 1394 1866 1461 Sam.‚
1894 1396 2060 1467 Reg..
2091 1395 2275 1451 Paral.
2297 1394 2441 1451 inter
2460 1411 2519 1451 se
2538 1407 2935 1467 compararunt.

411 1482 714 1538 levissimas
756 1498 1000 1553 quasque
1042 1480 1439 1553 discrepantias
1475 1495 1579 1551 pro
1619 1480 1957 1551 gravissimis
1998 1482 2526 1537 contradictionibus
2566 1481 2937 1538 venditarunt.

413 1571 596 1625 omnia
619 1569 742 1639 illa,
769 1584 912 1640 quae
938 1569 996 1625 in
1023 1570 1202 1625 Paral.
1237 1568 1624 1639 praetermissa
1654 1576 1801 1635 sunt,
1836 1568 1907 1623 ob
1929 1568 2139 1624 malam
2164 1568 2335 1625 fidem
2358 1585 2478 1625 esse
2502 1570 2704 1625 omissa
2722 1610 2741 1635 ,
2770 1571 2939 1625 omnia

412 1656 529 1725 illa,
563 1674 705 1729 quae
730 1655 918 1712 addita
946 1664 1104 1723 sunt,
1137 1655 1424 1711 arbitrarie
1447 1654 1687 1711 conficta
1717 1656 1993 1711 dixerunt.
2036 1656 2231 1712 Irritos
2270 1666 2457 1713 autem
2496 1670 2688 1713 eorum
2725 1668 2942 1713 conatus
3021 1684 3022 1733 }

412 1744 582 1799 fuisse
607 1751 853 1815 apparet,
882 1742 1186 1798 dummodo
1210 1742 1280 1798 ad
1307 1741 1637 1798 hodiernum
1660 1751 1845 1799 textus
1868 1751 2071 1799 statum
2098 1751 2153 1798 et
2176 1743 2417 1799 auctoris
2439 1744 2607 1799 finem
2626 1744 2937 1801 attenditur.
3021 1740 3022 1817 f

413 1834 474 1893 S.
500 1834 658 1887 Hier.
691 1829 893 1897 (Praei.
923 1836 974 1885 2.
1005 1832 1062 1885 in
1083 1830 1290 1897 Paral.)
1319 1830 1430 1885 iam
1452 1829 1523 1886 de
1546 1837 1809 1900 corrupto
1834 1846 2027 1887 eorum
2049 1839 2207 1887 textu
2230 1831 2613 1904 conqueritur,
2638 1840 2809 1904 atque
2836 1832 2941 1886 iure
3021 1848 3022 1871 ³

414 1920 610 1973 merito
640 1918 894 1989 querelas
911 1918 1028 1972 eius
1051 1916 1217 1972 hodie
1244 1924 1498 1987 repetere
1517 1918 1667 1985 licet,
1694 1932 1867 1989 quum
1891 1918 2076 1973 nullus
2104 1919 2174 1972 sit
2190 1919 2407 1973 Veteris
2429 1920 2579 1974 Test.
2608 1918 2777 1985 liber,
2802 1920 2941 1975 cilius
3021 1982 3022 1991 ἵ

411 2014 598 2060 textus
622 2006 806 2059 minus
833 2004 902 2059 sit
928 2018 1154 2060 securus
1175 2005 1236 2059 in
1261 2004 1578 2060 nominibus
1595 2046 1609 2072 ,
1640 2005 1699 2059 in
1715 2006 1989 2071 numeris,
2018 2014 2182 2077 atque
2204 2006 2264 2059 in
2284 2006 2415 2075 ipsis
2441 2020 2663 2076 quoque
2683 2005 2941 2061 narratio·
3021 1994 3022 2005 ἶ

413 2091 576 2147 nibus
610 2091 910 2147 nonnullis.
955 2092 1073 2147 Iam
1109 2106 1243 2147 vero
1281 2100 1510 2163 propter
1547 2090 1903 2147 librariorum
1938 2092 2209 2147 incuriam
2244 2091 2571 2148 fidelitatem
2612 2094 2860 2148 auctoris
2892 2094 2941 2147 in
3021 2144 3022 2171 ἶ

415 2178 643 2235 dubium
672 2194 874 2234 vocare
900 2194 1015 2234 non
1043 2178 1187 2234 licet.
1219 2210 1289 2219 —
1317 2181 1492 2234 Porro
1521 2178 1824 2233 adversarii
1852 2179 2021 2234 etiam
2048 2178 2119 2234 ad
2146 2180 2392 2236 auctoris
2428 2179 2598 2235 finem
2626 2180 2685 2235 in
2718 2181 2833 2236 suis
2859 2195 2941 2235 ae-

415 2265 788 2322 cusationibus
803 2282 919 2320 non
941 2264 1260 2333 attendunt;
1290 2280 1484 2322 eorum
1499 2266 1648 2321 enim
1664 2272 1852 2335 πρῶτον
1870 2267 2041 2337 ψεῦδος
2056 2274 2159 2335 est,
2182 2266 2331 2337 quod
2350 2275 2636 2323 auctorem
2652 2270 2937 2340 inceqram

416 2354 704 2409 historiam
726 2368 920 2425 regum
941 2352 1078 2409 Iuda
1099 2368 1328 2409 narrare
1349 2352 1583 2408 voluisse
1607 2361 1817 2408 temere
1841 2363 2177 2424 supponunt,
2205 2370 2387 2426 neque
2410 2353 2619 2421 vident,
2650 2371 2781 2411 eum
2808 2364 2940 2410 certa

415 2440 704 2495 dumtaxat
731 2438 874 2495 sacta
905 2439 1167 2513 elegisse,
1199 2440 1399 2511 quibus
1425 2440 1685 2495 intimum
1710 2455 1913 2495 nexum
1942 2440 2088 2496 inter
2114 2440 2423 2513 legitimum
2450 2442 2659 2497 cultum
2682 2443 2943 2516 Legisque

416 2526 821 2583 observantiam
846 2528 1103 2598 interque
1136 2528 1290 2599 regni
1327 2526 1649 2583 felicitatem
1686 2526 2105 2583 demonstraret.
2152 2528 2410 2583 Profecto
2438 2529 2484 2583 si
2510 2536 2691 2584 totam
2730 2530 2945 2585 Davidis

415 2614 586 2671 vitam
609 2630 835 2671 narrare
863 2615 1152 2681 voluisset,
1184 2630 1287 2669 nec
1331 2613 1565 2670 saulieas
1602 2614 2041 2684 persecutioneS‚
2084 2632 2188 2671 nec
2226 2626 2459 2687 regnum
2486 2616 2603 2671 eius
2630 2616 2687 2671 in
2732 2618 2941 2674 Hebron

414 2718 518 2758 nec
539 2702 871 2757 adulterium
897 2702 1219 2774 peccatique
1245 2703 1527 2773 sequelaS‚
1558 2701 1872 2757 Absalomis
1899 2702 2259 2759 rebellionem
2282 2711 2387 2759 etc.
2416 2703 2675 2758 omittere
2705 2705 2758 2760 ei
2780 2704 2943 2759 licuis-

415 2798 524 2857 set;
563 2799 805 2845 attamen
837 2789 911 2844 ad
937 2806 1142 2845 nexum
1179 2788 1368 2857 illum,
1401 2804 1569 2861 quem
1606 2786 1873 2857 diximuS‚
1906 2788 2399 2845 demonstrandum
2432 2790 2617 2845 omnia
2656 2792 2763 2847 ista
2802 2802 2943 2846 erant
3021 2792 3022 2833 ἶ

414 2876 617 2947 superss
625 2893 711 2932 ua.
734 2878 1010 2946 Quoniam
1031 2876 1456 2932 ecclesiasticam
1475 2877 1633 2949 regni
1652 2876 1791 2931 Iuda
1817 2876 2101 2931 historiam
2125 2876 2459 2948 adumbrare
2472 2878 2667 2945 voluit,
2686 2879 2941 2949 privatam
3021 2916 3022 2927 .

413 2980 609 3036 regum
637 2966 808 3019 vitam
844 2964 1201 3039 politicasque
1228 2965 1387 3035 regni
1413 2963 1659 3019 rationes
1686 2964 1943 3018 omittere
1972 2965 2149 3033 potuit
2176 2980 2240 3019 ac
2268 2963 2475 3020 debuit.
2506 2965 2681 3021 Plane
2720 2964 2942 3021 absurde
3021 3012 3022 3015 ,

413 3060 734 3122 supponunt
775 3072 800 3101 a
829 3053 1002 3109 critici
1028 3073 1079 3119 n,
1113 3050 1514 3121 praetermissis
1552 3050 1779 3106 Davidis
1812 3052 2232 3122 Salomonisque
2268 3053 2506 3123 peccatis
2544 3060 2830 3108 auctorem
2866 3052 2941 3107 hi-

415 3140 640 3193 storiam
660 3138 972 3195 adulterare
991 3138 1230 3193 voluisse
1245 3163 1258 3206 ς
1283 3138 1379 3193 illo
1394 3138 1543 3193 enim
1560 3148 1832 3209 tempore,
1862 3154 1972 3210 quo
1990 3139 2407 3209 paralipomena
2425 3149 2555 3195 suut
2572 3141 2777 3212 scripta
2794 3184 2808 3207 ,
2832 3140 2943 3195 libri
3021 3168 3022 3193 ;

415 3227 564 3281 Sam.
593 3238 648 3280 et
674 3229 814 3298 Reg.
839 3270 852 3294 ‚
883 3228 938 3281 in
970 3226 1169 3296 quibus
1196 3224 1422 3281 Davidis
1449 3234 1505 3280 et
1534 3226 1842 3281 Salomonis
1870 3236 2092 3296 peccata
2125 3226 2242 3281 fuse
2270 3236 2587 3295 narrantur,
2618 3228 2679 3282 in
2707 3228 2939 3283 omnium
3021 3216 3022 3285 ξ

417 3310 640 3367 suerunt
657 3313 938 3379 manibus;
961 3313 1147 3384 itaque
1171 3329 1284 3368 non
1300 3322 1523 3368 tantum
1550 3328 1823 3368 summam
1846 3314 2139 3381 malitiam,
2162 3312 2259 3369 sed
2282 3316 2443 3369 etiam
2468 3329 2748 3371 summam
2770 3315 2939 3369 sutlti·
3021 3348 3022 3363 2

416 3399 550 3454 tiam
581 3420 605 3451 α
626 3400 802 3455 critici
831 3421 852 3451 »
887 3401 1098 3456 auctori
1127 3412 1318 3455 nostro
1348 3400 1615 3473 affingere
1644 3400 1867 3471 debent,
1895 3402 2098 3475 quippe
2127 3401 2219 3471 qui
2254 3417 2325 3456 ne
2353 3402 2582 3456 minimo
2610 3402 2829 3473 quidem
2864 3410 2939 3455 te-

417 3496 681 3558 gumento
711 3486 959 3543 fraudem
987 3503 1146 3545 suam
1173 3489 1451 3543 occultare
1480 3487 1770 3543 studuerit.

495 3656 554 3713 3.
588 3689 668 3697 -
694 3656 1022 3716 Innumera
1053 3657 1183 3715 fere
1219 3660 1392 3727 sunt,
1424 3655 1651 3732 quibus
1688 3656 2211 3734 Paralipomenon
2242 3656 2581 3716 auctoritas
2608 3657 2795 3717 hodie
2826 3658 2937 3714 im·
3021 3636 3022 3673 ³

416 3754 749 3829 pugnatur,
783 3756 850 3812 ut
879 3768 1003 3811 non
1031 3752 1152 3811 nisi
1187 3752 1433 3829 integro
1467 3751 1593 3811 fere
1635 3768 1851 3811 eorum
1897 3753 2349 3812 commentario
2386 3768 2607 3813 omnes
2646 3753 2937 3813 obiectio·

415 3866 526 3909 nes
565 3848 822 3908 refutari
856 3849 1132 3925 possint;
1167 3847 1277 3908 sed
1315 3864 1388 3906 ex
1415 3848 1767 3925 praecipuis
1794 3865 2025 3925 paucas
2056 3848 2339 3908 hocloco
2369 3846 2654 3909 attulisse
2698 3848 2937 3909 sufficit.
3021 3854 3022 3907 i

416 3962 575 4021 quae
601 3944 755 4021 quid
788 3947 1032 4004 ceterae
1057 3945 1306 4004 valeant
1333 3948 1396 4003 et
1425 3961 1547 4021 qua
1570 3944 1811 4004 ratione
1843 3944 1969 4004 sint
1998 3944 2358 4015 solvendae,
2388 3943 2787 4007 ostendunt¹.

495 4040 576 4119 a.)
615 4042 683 4099 In
722 4041 1002 4101 fontibus
1042 4041 1171 4100 suis
1210 4040 1703 4100 transcribendis
1742 4041 2098 4117 ignorantia
2125 4040 2226 4100 vel
2264 4040 2651 4117 negligentia
2688 4058 2793 4101 sua
2824 4040 2940 4117 pri-

413 4137 709 4197 mitivum
737 4154 956 4197 eorum
981 4154 1234 4197 sensum
1260 4136 1642 4196 adulterasse
1665 4136 1915 4209 dicitur3
1942 4137 2051 4197 sed
2075 4136 2355 4197 erroneis
2374 4140 2625 4197 tantum
2654 4138 2939 4213 inter-pre·
3021 4162 3022 4173 κ

415 4234 754 4292 tationibus
780 4250 979 4310 pauca
1008 4232 1296 4311 exempla
1327 4232 1657 4302 debentur,
1694 4232 1925 4309 quibus
1956 4232 2109 4293 haec
2134 4232 2447 4292 accusatio
2473 4233 2751 4295 fulcitur.

483 4352 743 4408 Libenter
769 4352 1152 4421 concedimuS‚
1185 4362 1470 4408 auctorem
1500 4352 1683 4407 sontes
1711 4369 1841 4409 suos
1870 4352 1941 4408 ad
1978 4352 2435 4427 orthographiam
2456 4396 2471 4420 ‚
2504 4355 2935 4426 grammaticam.
3021 4338 3022 4345 ἵ

475 4532 542 4595 (1)
569 4534 814 4597 Eligimus
845 4549 954 4594 eas,
980 4548 1114 4599 quac
1144 4536 1199 4585 in
1235 4536 1593 4585 recentissimis
1618 4536 2089 4586 Introductionibus
2120 4550 2151 4586 a
2174 4540 2253 4587 De
2292 4539 2461 4587 Wette
2488 4536 2763 4588 Schrader
2788 4538 2933 4599 (1868.

414 4624 462 4675 p.
496 4616 586 4661 268
609 4612 762 4677 sqq.)‚
789 4613 950 4664 Bleelc
989 4612 1327 4664 Wcllhausen
1355 4614 1517 4675 (1878.
1542 4628 1591 4677 p.
1626 4620 1716 4663 290
1741 4616 1896 4679 sqq),
1934 4615 2097 4665 Vatiae
2124 4616 2282 4677 (1886.
2308 4628 2359 4679 p.
2386 4616 2495 4677 47⁴)
2520 4615 2817 4667 afferuntur.
