3050 5184
640 352 927 398 msronm
970 352 1201 396 ‘rex‘rus
1242 349 1540 394 minoium
1583 348 1728 394 novi
1771 348 2172 395 ‘resultas-171.
2606 336 2680 395 75

224 488 281 543 3.
318 518 395 527 -
422 486 555 545 Non
600 486 889 545 obstante
928 488 1141 544 tamen
1185 498 1411 559 magno
1460 480 1808 543 lectionum
1848 498 2114 543 numero
2153 483 2304 545 inde
2343 500 2380 543 a
2429 499 2596 543 saec.
2620 484 2678 541 4.

158 581 440 641 stabilitas
476 580 791 658 quaedam
822 584 1031 639 textus
1070 578 1325 638 videtur
1363 592 1499 637 esse
1542 582 1775 637 exorta.
1809 578 2060 639 Etenim
2099 580 2150 639 si
2187 578 2436 641 codioae
2467 594 2684 656 super·

160 677 317 737 stites
344 678 661 755 simulque
691 676 982 755 antiquae
999 675 1327 735 versiones
1346 675 1731 752 Patrumque
1759 674 2024 753 allegata
2049 676 2488 746 conferuntur,
2507 676 2684 734 tant-a

157 774 303 833 inter
326 774 555 835 multos
582 774 865 835 cernitur
892 770 1245 833 similitudo
1267 774 1333 831 et
1360 769 1662 846 affinitaS,
1686 774 1758 832 ut
1779 770 1857 831 ad
1889 776 2088 832 certas
2119 774 2351 832 classes
2380 773 2479 831 vel
2504 770 2683 831 fami·

158 870 256 929 lias
281 868 731 950 (recensiones)
761 869 1037 930 revocari
1066 867 1341 947 possint3
1371 866 1558 945 longe
1587 866 1791 927 maior
1813 870 2025 928 autem
2054 870 2482 929 recentiorum
2513 867 2682 927 codi-

156 982 279 1024 cum
305 983 604 1027 numerus
636 983 774 1026 eam
806 965 1133 1025 constituit
1161 963 1495 1037 familiam,
1526 980 1686 1041 quae
1717 981 1754 1024 a
1780 965 2102 1026 nonnullis
2133 966 2376 1045 syriaca
2402 964 2682 1043 appella-

156 1065 257 1131 tur,
276 1063 421 1139 quia
448 1062 819 1123 Antiochiae
852 1064 1065 1122 exorta
1093 1059 1395 1132 creditur,
1419 1076 1456 1119 a
1483 1059 1807 1138 plerisque
1839 1062 2202 1139 byzantina,
2227 1061 2378 1139 quia
2407 1062 2473 1119 in
2501 1060 2678 1138 regni

154 1156 443 1231 byzantini
478 1159 767 1220 ecclesiis
804 1158 953 1219 inde
990 1175 1029 1217 a
1066 1174 1229 1217 saec.
1262 1160 1323 1217 4.
1357 1156 1632 1217 maxime
1667 1161 1801 1217 erat
1837 1162 2196 1237 propagata.
2237 1158 2401 1229 Quot
2432 1161 2685 1235 praeter

154 1271 271 1313 eam
308 1254 801 1333 distinguendae
836 1255 965 1315 sint
999 1253 1315 1327 familiae,
1342 1252 1413 1313 in
1452 1253 1880 1314 controversia
1916 1259 2042 1327 est;
2071 1256 2138 1314 in
2184 1271 2258 1315 eo
2295 1259 2508 1314 tamen
2549 1253 2680 1313 sere

155 1352 507 1411 conveniunt
546 1351 667 1411 viri
709 1352 945 1422 critici,
974 1350 1257 1428 syriacae
1302 1349 1403 1411 vel
1456 1350 1831 1429 byzantinae
1877 1350 2152 1411 familiae
2195 1350 2576 1427 antiquitate
2619 1353 2682 1409 et

156 1447 403 1521 puritate
434 1452 754 1526 praestare
783 1447 971 1519 alias,
1004 1464 1161 1525 quas
1186 1446 1658 1507 alexandrinam
1694 1446 1794 1506 vel
1831 1447 2267 1525 aegyptiacam
2302 1450 2366 1507 et
2398 1446 2680 1506 occiden-

158 1542 325 1602 talem
350 1545 455 1603 vel
481 1544 744 1607 latinam
768 1544 1107 1623 appellant.

206 1658 281 1710 Ne
306 1656 609 1712 lectionum
638 1655 992 1713 multitudine
1007 1656 1265 1713 *incertus
1292 1652 1553 1711 evaderet
1569 1662 1754 1711 textus
1780 1668 1954 1724 sacer,
1973 1656 2084 1711 iam
2104 1654 2297 1727 primis
2321 1653 2555 1711 saeculis
2577 1654 2678 1708 viri

154 1742 331 1798 eruditi
358 1744 761 1809 recensionem,
794 1753 855 1800 ut
883 1742 1048 1800 hodie
1072 1743 1284 1811 dicunt,
1318 1740 1618 1814 quamdam
1648 1740 1922 1799 adornare
1951 1743 2136 1799 conati
2157 1750 2305 1811 sunt,
2331 1743 2373 1798 i.
2405 1758 2454 1797 e.
2481 1740 2677 1817 melio-

154 1830 305 1895 ribus,
333 1847 475 1903 quos
513 1830 811 1899 habebant,
837 1830 1117 1886 codicibus
1142 1829 1287 1885 inter
1322 1844 1382 1885 se
1414 1830 1752 1900 comparatis
1787 1830 2245 1903 lectionibusque,
2274 1845 2413 1901 quas
2439 1829 2680 1899 optimas

154 1918 466 1987 iudicabant,
498 1919 716 1975 selectis
744 1918 1043 1973 editionem
1074 1925 1493 1988 praepararunt,
1526 1916 1598 1971 ad
1628 1932 1797 1989 quam
1824 1916 2036 1989 reliqua
2064 1917 2398 1988 exemplaria
2429 1916 2674 1983 corrige-

152 2015 341 2061 rentur.
376 2007 521 2061 Num
562 2006 831 2079 Origenes
875 2004 1143 2061 eiusmodi
1190 2004 1569 2059 recensionem
1606 2006 2025 2075 comparaverit,
2059 2020 2175 2061 non
2217 2005 2423 2076 liquet3
2465 2012 2678 2059 certum

150 2102 315 2147 antem
348 2102 448 2158 est,
484 2101 721 2149 exeunte
747 2106 891 2148 saec.
925 2098 977 2149 3.
1004 2092 1382 2161 Hesychium,
1419 2091 1742 2162 episcopum
1777 2092 2016 2163 aliquem
2056 2091 2458 2165 aegyptiacum,
2491 2100 2547 2146 et
2569 2094 2676 2147 Lu-

150 2180 386 2247 cianum,
411 2180 792 2251 presbyterum
816 2178 1233 2245 antiochenum,
1262 2179 1359 2250 qui
1385 2177 1552 2235 ambo
1579 2178 1636 2233 in
1655 2178 1984 2234 Diocletiani
2015 2178 2393 2250 persecutione
2411 2178 2678 2249 martyrio

148 2267 377 2321 coronati
404 2275 553 2334 sunt,
588 2268 934 2323 recensiones
962 2266 1284 2331 adornasse,
1330 2280 1468 2337 quae
1507 2274 1698 2322 tamen
1739 2266 2020 2322 catholicis
2059 2280 2258 2337 parum
2295 2265 2677 2338 probabantur

157 2354 237 2407 'cfr
260 2353 317 2408 S.
344 2356 509 2409 Hier.
536 2353 605 2409 ad
636 2356 799 2411 Dam.
823 2353 1007 2410 Praei.
1028 2354 1089 2409 in
1106 2356 1345 2426 Evang.;
1376 2353 1607 2409 Gelasii
1635 2354 1796 2409 Decr.
1823 2352 1894 2409 de
1915 2356 2083 2426 recip.
2114 2364 2170 2409 et
2190 2370 2304 2410 non
2325 2355 2490 2425 recip.
2521 2354 2672 2417 libi-s>

146 2440 363 2511 ideoque
391 2440 463 2496 ad
492 2440 942 2497 constituendum
962 2448 1179 2497 textum
1207 2439 1359 2495 haud
1386 2441 1626 2496 multum
1659 2441 1915 2497 videntur
1949 2442 2266 2497 contulisse.
2306 2440 2542 2512 Quando
2572 2456 2674 2496 au-

145 2538 243 2581 tem
271 2542 372 2598 pax
404 2529 682 2584 Ecclesiae
710 2544 809 2599 per
836 2529 1253 2584 Constantinum
1278 2530 1355 2583 M.
1387 2537 1471 2584 est
1494 2528 1770 2596 restituta,
1803 2529 2043 2600 episcopi
2071 2529 2389 2601 diligentius
2415 2528 2680 2601 invigila-

144 2624 279 2681 rnnt,
306 2632 378 2671 ne
404 2616 462 2671 in
484 2615 916 2672 transcribendis
944 2623 1000 2671 et
1022 2614 1383 2671 emendandis
1412 2615 1521 2687 (vel
1551 2614 1732 2686 potius
1759 2615 2060 2683 mutandis)
2087 2616 2240 2672 libris
2267 2617 2439 2672 sacris
2467 2616 2672 2671 librarii

141 2710 189 2756 et
213 2703 596 2759 emendatores
623 2704 843 2776 ingenio
862 2719 963 2759 suo
990 2702 1364 2770 indulgerent,
1386 2710 1443 2758 et
1468 2703 1730 2774 quoniam
1754 2703 1812 2758 in
1833 2703 2060 2775 singulis
2088 2704 2333 2759 ecclesiis
2360 2703 2528 2759 iidem
2557 2703 2672 2758 fere

140 2789 344 2845 codices
388 2790 625 2845 librariis
664 2806 882 2862 semper
917 2792 1301 2859 inservierunt,
1332 2790 1509 2847 maior
1551 2799 1736 2847 textus
1781 2790 2048 2847 stabilitas
2093 2790 2294 2847 exoriri
2340 2789 2554 2846 debuit.
2599 2794 2674 2845 At

139 2878 538 2946 Constantinus,
563 2888 627 2933 ut
650 2879 807 2934 novis
834 2879 1079 2935 ecclesiis
1102 2894 1135 2933 a
1158 2892 1217 2933 se
1248 2876 1489 2934 fundatis
1518 2877 1859 2949 provideret,
1893 2878 2062 2935 etiam
2089 2878 2245 2934 libris
2273 2879 2443 2933 sacris
2470 2876 2674 2933 descri—

140 2964 321 3021 bendis
346 2965 593 3021 intentus
621 2982 720 3037 per
745 2966 1040 3022 Eusebium
1069 2966 1226 3022 CaeS.
1258 2966 1659 3039 quinquaginta
1687 2965 2027 3038 integrarum
2069 2967 2479 3037 Scripturarum
2512 2964 2667 3021 codi-

137 3068 221 3107 (πω
246 3054 570 3126 magnificos
590 3053 1040 3109 transcribendos
1065 3062 1380 3122 curaverat,
1410 3069 1550 3125 quos
1585 3054 1828 3109 ecclesiis
1855 3052 1962 3109 illis
1988 3053 2137 3109 dono
2174 3053 2334 3110 daret
2359 3056 2512 3121 (Eus.
2540 3052 2665 3108 Vita

137 3140 412 3197 Constant.
437 3142 537 3197 IV.
560 3144 626 3196 34
648 3145 817 3213 sqq.).
844 3142 1023 3197 Facile
1048 3148 1233 3197 autem
1263 3140 1611 3212 intelligitur,
1639 3141 1792 3210 illos,
1823 3156 1996 3212 quum
2022 3141 2221 3197 eodem
2243 3149 2495 3212 tempore
2524 3140 2669 3196 eius·

134 3226 363 3299 demque
388 3228 493 3283 viri
520 3243 652 3283 cura
681 3228 933 3284 adornati
975 3229 1113 3297 sint,
1144 3236 1360 3284 textum
1402 3227 1642 3283 eundem
1679 3229 1762 3284 vel
1807 3228 2004 3283 saltem
2045 3230 2284 3285 similem
2317 3228 2662 3296 exhibuisse3

136 3314 274 3371 uude
298 3330 413 3371 non
434 3315 801 3386 improbabile
823 3324 924 3385 est,
952 3315 1081 3371 hinc
1108 3315 1549 3372 uniformitatem
1574 3314 1725 3370 illam
1769 3332 1888 3371 esse
1915 3324 2161 3371 exortam
2177 3359 2191 3385 ‚
2221 3332 2364 3389 quae
2394 3316 2452 3371 in
2483 3316 2670 3372 admo-

135 3402 263 3459 dum
289 3419 491 3476 magno
515 3418 751 3459 numero
777 3404 1029 3459 codicum
1060 3403 1337 3459 iuniorum
1361 3403 1518 3475 regni
1546 3403 1828 3475 byzantini
1849 3411 2005 3460 tanta
2033 3403 2219 3471 adest,
2248 3412 2312 3459 ut
2339 3419 2532 3459 omnes
2565 3404 2669 3459 viri

136 3492 297 3546 critici
322 3491 719 3563 byzantinam
746 3488 1014 3547 familiam
1042 3500 1364 3563 agnoscant.
1389 3491 1541 3560 Quot
1566 3506 1697 3547 vero
1725 3500 1944 3563 praeter
1971 3491 2125 3547 illam
2154 3490 2529 3547 admittendae
2559 3492 2667 3547 sint

138 3576 385 3645 familiae,
416 3577 647 3633 difficile
674 3587 757 3633 est
779 3578 950 3634 dictu.
982 3578 1224 3642 Primus,
1256 3578 1353 3651 qui
1380 3576 1453 3634 ad
1484 3576 1741 3633 codicum
1771 3576 2095 3634 affinitatem
2133 3578 2380 3635 animum
2409 3578 2662 3644 attendit,

140 3670 176 3719 1.
205 3670 280 3719 A.
302 3666 517 3737 Benqel
548 3668 611 3735 (†
642 3670 821 3733 1752.)
851 3665 991 3721 duas
1017 3674 1235 3721 tantum
1262 3667 1466 3721 classes
1496 3664 1628 3720 fecit
1654 3685 1667 3720 z
1700 3666 2010 3733 asiaticam,
2043 3682 2154 3737 quo
2180 3667 2404 3723 nomine
2421 3667 2671 3739 byzanti·

137 3768 257 3807 nam
283 3753 610 3825 designavit,
643 3762 699 3809 et
724 3752 1045 3819 africanam,
1082 3754 1171 3809 eui
1196 3754 1467 3808 maiorem
1499 3751 1751 3807 attribuit
1787 3753 2196 3810 auctoritatem.
2230 3755 2408 3823 Quem
2447 3762 2668 3810 secutus

138 3842 177 3896 1.
202 3840 261 3897 S.
290 3840 515 3896 semler
539 3842 599 3909 (†
628 3845 809 3908 1791.)
838 3849 950 3897 tres
971 3841 1161 3897 statuit
1187 3842 1411 3907 classeS,
1441 3840 1875 3910 alexandrinam,
1898 3841 2221 3897 orientalem
2241 3842 2664 3913 (byzantinam),

139 3927 553 3997 occidentalem3
587 3928 753 3983 simili
780 3928 897 3984 fere
919 3927 1089 3984 modo
1120 3928 1236 3983 eius
1258 3926 1563 3999 discipulus
1585 3930 1634 3983 I.
1673 3930 1722 3983 I.
1765 3928 2094 3985 Griesbach
2126 3932 2183 3998 (†
2213 3935 2394 3997 1812.)
2437 3931 2665 3985 alexan-

138 4014 340 4071 <trinam
361 4024 418 4071 et
456 4015 877 4085 occidentalem,
906 4031 1050 4087 quae
1078 4014 1273 4071 ambae
1299 4014 1411 4071 iam
1438 4014 1626 4071 medio
1655 4020 1708 4073 2.
1741 4029 1886 4071 saec.
1919 4016 2028 4071 sint
2057 4026 2237 4085 ortae,
2271 4025 2326 4072 et
2358 4018 2663 4073 constanti-

140 4103 504 4174 nopolitanam
534 4118 680 4159 saec.
704 4109 759 4159 4.
796 4113 1045 4159 exortam
1074 4103 1349 4171 distinxit3
1386 4118 1511 4157 cum
1544 4119 1609 4157 eo
1640 4101 1754 4157 sere
1795 4104 2072 4160 consentit
2107 4103 2412 4159 catholicus
2441 4104 2664 4161 criticus

142 4194 194 4244 L.
241 4196 370 4262 Huy
411 4192 477 4261 (†
516 4195 720 4260 1846.)‚
759 4190 883 4247 licet
923 4191 1043 4247 aliis
1080 4191 1397 4246 nominibus
1438 4190 1644 4245 classes
1685 4188 1952 4263 designet,
1993 4191 2128 4247 dum
2169 4193 2310 4247 alter
2338 4191 2662 4261 catholicuS,

142 4282 178 4331 l.
200 4280 274 4335 Μ.
292 4284 367 4335 A.
393 4278 607 4335 Scltolz
634 4280 697 4350 Η-
724 4280 925 4351 1852.),
954 4278 1023 4334 ad
1055 4278 1193 4335 duas
1218 4278 1437 4347 classeS,
1465 4276 1878 4333 alexandrinam
1895 4288 1948 4335 et
1971 4278 2327 4351 byzantinam
2347 4278 2662 4347 revertitur,

142 4365 185 4419 in
216 4383 277 4422 eo
302 4376 495 4423 tamen
524 4366 595 4422 ab
631 4366 888 4423 omnibus
916 4366 1140 4423 omnino
1170 4364 1453 4433 dissentit,
1483 4366 1634 4436 quod
1663 4364 2020 4437 byzantinam
2059 4366 2215 4438 quasi
2241 4365 2562 4422 immediate
2597 4368 2666 4422 ab

144 4454 515 4523 Apostolorum
546 4455 907 4527 autographis
933 4454 1143 4511 derivet
1182 4454 1419 4525 ideoque
1443 4452 1695 4509 absolute
1727 4451 2020 4524 praeferat.
2051 4453 2159 4522 Qui
2195 4454 2366 4509 secuti
2401 4462 2528 4509 sunt
2559 4456 2661 4510 viri

142 4541 311 4610 critici,
344 4544 407 4599 C.
444 4540 839 4616 Tiscltendorf
856 4544 917 4614 (†
944 4547 1153 4611 1874.),
1186 4546 1232 4599 I.
1266 4542 1327 4599 S.
1372 4540 1661 4613 Treqelles
1689 4540 1753 4611 (†
1784 4544 1986 4609 1875.),
2017 4542 2087 4598 F.
2123 4546 2198 4597 A.
2228 4545 2305 4597 H.
2334 4542 2657 4608 Scrivener,

144 4624 317 4685 iterum
341 4639 457 4687 tres
482 4630 723 4685 familias
742 4636 1020 4697 statuunt,
1054 4628 1383 4702 byzantinae
1409 4628 1705 4684 recentiori
1734 4626 1872 4684 duas
1900 4628 2034 4684 alias
2063 4638 2425 4701 opponenteS,
2448 4631 2669 4686 alexan·

145 4712 332 4773 drinam
358 4727 415 4774 et
442 4716 874 4784 occidentalem;
902 4717 1261 4773 recentissimi
1292 4726 1501 4784 tamen,
1538 4719 1828 4771 Westcott
1866 4722 1921 4771 et
1943 4719 2117 4781 Hort,
2151 4718 2467 4790 byzantino,
2504 4731 2666 4787 quem
