3050 5184
23 3272 28 3297 --
24 3172 28 3257 *q
23 3038 31 3145 ---—

507 335 586 395 20
611 352 887 397 HISTORIA
917 352 1168 397 CANONIS
1195 354 1529 405 U'rmusouss
1559 355 1958 398 TESTAMENTI.
1989 373 2065 383 —
2088 356 2220 400 GAP.
2256 356 2321 399 11.
2354 354 2487 399 CAN.
2516 354 2759 398 VETEms
2782 354 2960 399 TEST.

507 482 723 538 circiter
765 484 980 539 Veteris
1023 486 1167 540 Test.
1213 494 1396 541 textus
1441 486 1502 541 in
1547 487 1703 542 Novo
1749 488 1957 542 relatos
2012 487 2095 541 vel
2150 484 2426 541 adhibitos
2472 486 2595 558 plus
2636 486 2873 541 trecenti
2920 500 3029 541 eum

507 569 858 635 alexandrina
888 573 1136 629 versione
1162 573 1239 629 ita
1267 582 1602 638 consonant,
1631 572 1792 656 ut'ad
1820 574 1973 629 illam
2000 589 2186 630 sacros
2212 576 2506 645 scriptores
2535 574 2839 645 respexisse
2870 588 3029 645 appa-¹

507 666 655 723 reat,
681 659 774 715 SS.
804 662 1019 730 Petrus,
1051 660 1310 731 IacobuS,
1342 664 1581 731 Marcus,
1613 663 1825 730 LucaS,
1852 662 2086 733 scriptor
2111 678 2198 734 ep.
2229 658 2499 718 ad’Hebr.
2528 677 2767 733 semper,
2804 661 2863 717 S.
2896 662 3029 716 Pan«

505 745 592 800 lus
625 746 752 817 fere
783 764 1028 819 semper,
1070 749 1162 805 SS.
1205 751 1440 805 Ioannes
1478 759 1534 805 et
1570 749 1881 805 Matthaeus
1914 749 2257 823 plerumque
2290 750 2581 805 lectionem
2620 763 2883 821 graecam
2910 748 3029 803 reti«

505 840 655 888 nent.
689 834 853 890 Unde
881 836 1077 891 merito
1107 836 1415 910 colligimus
1439 853 1536 893 eos
1560 836 1830 910 integram
1859 836 2009 893 illam
2039 838 2347 894 versionem
2372 836 2735 909 approbasse,
2760 836 2973 892 etenim
2996 832 3029 889 si

504 918 573 975 de
605 921 898 990 scripturis
923 924 981 979 in
1009 940 1210 996 genere
1237 925 1543 997 loquuntur
1568 935 1624 981 et
1652 924 1723 981 ad
1758 940 1852 981 eas
1878 926 1935 980 in
1964 940 2165 997 genere
2202 934 2531 997 provocant,
2563 924 2631 981 de
2661 923 2765 981 illis
2800 924 2959 996 loqui
2988 932 3029 979 el

503 1005 574 1063 ad
597 1008 720 1065 illas
752 1025 1046 1081 provocare
1073 1012 1475 1085 intelliguntur,
1508 1028 1647 1086 quas
1674 1029 1805 1084 prae
1832 1013 2087 1069 manibus
2115 1028 2210 1069 eos
2248 1012 2503 1069 habuisse
2530 1011 2697 1069 verba
2726 1010 2797 1068 ab
2839 1012 2920 1068 eis
2952 1026 3029 1065 re-

503 1096 611 1150 lata
638 1095 1038 1156 demonstrant.
1075 1130 1140 1141 —
1171 1100 1248 1167 b.)
1278 1104 1451 1157 Porro
1479 1102 1732 1172 Apostoli
1762 1102 1967 1172 optime
1994 1101 2271 1171 sciebant,
2298 1101 2605 1173 neophytos
2639 1102 2940 1172 plerosque
2968 1100 3029 1153 oh

501 1183 722 1254 linguae
760 1185 1048 1244 hebraicae
1085 1189 1450 1261 ignorantiam
1488 1190 1607 1244 sola
1644 1188 1883 1245 editione
1920 1188 2279 1245 alexandrina
2322 1190 2404 1244 uti
2441 1204 2599 1260 posse
2637 1198 2809 1261 atque
2848 1182 3029 1243 revera

504 1271 610 1339 uti;
631 1271 818 1344 itaque
849 1274 894 1329 si
921 1276 1138 1347 aliquos
1163 1276 1320 1332 istius
1349 1276 1603 1332 editionis
1630 1275 1799 1333 libros
1828 1277 1913 1332 vel
1942 1276 2209 1333 librorum
2236 1278 2474 1333 maiores
2503 1285 2684 1347 partes
2714 1279 2789 1343 (v.
2810 1292 2865 1349 g.
2888 1274 3029 1345 frag-

499 1368 685 1416 menta
731 1360 1223 1420 deuterocanoniea
1272 1364 1488 1433 Esther,
1540 1364 1754 1434 Daniel)
1804 1380 1903 1435 pro
1952 1381 2065 1420 non
2111 1364 2388 1435 inspiratis
2444 1363 2792 1433 habuissent,
2846 1361 3029 1419 fideles

500 1461 724 1504 monere
753 1448 1093 1520 debuissent,
1127 1468 1196 1507 ne
1227 1452 1293 1507 iis
1330 1451 1592 1522 eandem,
1626 1468 1792 1524 quam
1830 1452 1951 1508 aliis
1982 1450 2262 1522 inspiratis
2294 1451 2474 1523 libris,
2506 1450 2669 1507 fidem
2700 1450 3028 1507 tribuerent.

497 1535 666 1606 Atqui
689 1536 958 1593 eiusmodi
986 1540 1178 1595 moniti
1207 1555 1276 1595 ne
1303 1539 1640 1597 levissimum
1667 1539 1889 1611 quidem
1914 1540 2189 1595 invenitur
2214 1538 2531 1611 vestigium3
2563 1538 2694 1611 quin
2728 1540 2905 1594 etiam
2932 1554 3028 1592 an·

496 1624 775 1694 tiquarum
813 1627 1058 1682 omnium
1098 1627 1454 1683 ecclesiarum
1489 1644 1647 1697 usuS,
1684 1627 1754 1684 de
1793 1643 1901 1699 quo
1940 1628 2128 1684 statim
2165 1626 2439 1698 dicemu8‚
2470 1626 2601 1683 talia
2638 1624 2709 1686 ab
2748 1624 3028 1698 Apostolis}

495 1725 608 1765 non
649 1727 766 1768 esse
809 1713 1045 1783 monita,
1087 1714 1365 1772 evidenter
1401 1714 1765 1777 demonstrat.
1798 1746 1869 1756 —
1910 1719 1984 1784 ο.)
2019 1715 2273 1784 Accedit,
2308 1713 2458 1787 quod
2500 1713 2650 1771 haud
2690 1714 2855 1787 pauci
2893 1711 3028 1769 Novi*

495 1799 644 1854 Test.
674 1808 856 1856 textus
883 1818 1008 1857 cum
1043 1801 1556 1859 deuterocanonicis
1588 1803 1665 1859 ita
1694 1812 2027 1873 consonant,
2060 1812 2123 1858 ut
2150 1801 2394 1859 dubitari
2419 1811 2684 1876 nequeat,
2716 1802 2851 1874 quin
2878 1806 3028 1877 Apo-3

496 1886 619 1941 stoli
645 1886 714 1942 ad
735 1904 830 1943 eos
858 1890 1212 1961 respexerint,
1237 1892 1557 1961 praesertim
1580 1892 1627 1947 si
1651 1891 1819 1948 verba
1848 1906 2041 1963 graeca
2064 1892 2209 1946 inter
2234 1906 2293 1946 se
2322 1889 2679 1947 conferantur
2702 1889 2809 1957 (cir
2831 1905 2919 1945 ex.
2945 1903 3015 1960 gr.

492 1977 615 2029 Iac.
642 1981 767 2043 ma
785 1985 840 2032 et
857 1979 1038 2033 Eccli.
1061 1984 1219 2047 5,13;
1244 1978 1455 2035 Matth.
1481 1986 1608 2049 6,14
1630 1989 1685 2035 et
1707 1979 1886 2035 Eccli.
1910 1984 2069 2050 28:23
2094 1987 2117 2035 1
2143 1983 2297 2034 Petr.
2328 1984 2433 2047 1,6.
2457 1986 2489 2033 7
2518 1986 2573 2035 et
2590 1979 2731 2051 Sap.
2756 1983 2851 2046 3,3
2870 1992 3028 2047 sqq.;¹

493 2066 705 2119 Mami.
737 2070 902 2130 27,39
929 2082 1050 2139 sqq.
1092 2074 1148 2122 et
1173 2066 1317 2139 Sap.
1350 2072 1478 2135 2,st
1506 2083 1661 2140 sqq.;
1694 2068 1871 2123 Hebr.
1908 2073 1994 2135 1‚3
2030 2076 2085 2123 et
2109 2070 2250 2139 Sap.
2287 2072 2443 2134 7,26;
2474 2067 2653 2123 Hebr.
2684 2071 2835 2136 4,12.
2874 2071 2938 2121 13
2970 2070 3028 2117 et

493 2150 634 2221 Sap.
666 2158 794 2221 7,22
827 2170 984 2225 sqq.;
1019 2162 1042 2210 1
1079 2158 1209 2211 Cor.
1240 2161 1370 2224 2,10
1398 2165 1455 2212 et
1484 2154 1687 2213 Iudith
1714 2161 1869 2224 8,143
1903 2155 2081 2211 Hebr.
2121 2160 2281 2224 11,34
2318 2169 2438 2226 sqq.
2484 2163 2538 2211 et
2571 2159 2605 2208 2
2640 2153 2839 2209 ΜαοΙι.
2875 2156 3017 2218 6,18-

492 2243 560 2292 27
588 2248 693 2295 etc.
721 2245 871 2308 etc.).
899 2242 1105 2297 Utrum
1129 2250 1314 2298 textus
1348 2242 1476 2299 illos
1503 2241 2029 2299 deuterocanonicos
2058 2242 2118 2297 in
2144 2241 2549 2313 neophytorum
2577 2242 2905 2296 memoriam
2931 2254 3015 2293 re-

494 2341 690 2382 vocare
723 2328 1026 2398 voluerint,
1066 2345 1138 2385 an
1186 2346 1252 2385 ex
1299 2330 1561 2386 continua
1601 2329 2224 2387 deuterocanonieorum
2259 2329 2496 2386 lectione
2533 2328 2699 2384 verba
2734 2329 2833 2385 illa
2870 2325 3015 2399 quasi

492 2414 754 2471 inconscii
779 2416 1069 2491 elegerint,
1098 2433 1299 2490 parum
1324 2417 1523 2488 resert3
1555 2418 1613 2474 in
1646 2427 1882 2489 utroque
1913 2418 2059 2473 enim
2086 2434 2220 2473 casu
2256 2418 2523 2488 sequitur,
2553 2416 2855 2487 Apostolos
2890 2415 3013 2470 deu-

489 2504 873 2561 terocanonica
896 2506 1212 2579 cognovisse
1236 2512 1290 2562 et'
1313 2522 1416 2561 usu
1439 2522 1540 2562 suo
1564 2505 1915 2577 approbasse.
1947 2508 2099 2562 Neve
2122 2505 2427 2575 obiiciatur,
2452 2505 2751 2575 Apostolos
2775 2504 3012 2561 deutero·

491 2592 750 2647 canonica
787 2590 1072 2665 nunquam
1107 2594 1415 2667 allegasse,
1449 2593 1549 2651 sed
1586 2592 1656 2650 ad
1689 2594 1785 2651 illa
1812 2592 2103 2651 dumtaxat
2134 2592 2438 2661 allusisse5
2470 2592 2575 2649 hac
2610 2594 2759 2649 enim
2792 2592 3011 2648 distinc-

489 2678 639 2735 tione
683 2680 824 2737 nibil
863 2680 1126 2751 efficitur3
1156 2682 1301 2738 inter
1340 2682 1799 2754 protoeanonicos
1827 2681 1975 2738 enim
2012 2682 2205 2737 saltem
2246 2690 2455 2751 septem
2493 2688 2623 2737 sunt
2659 2680 2863 2749 (Esth.,
2908 2686 2951 2733 1.
2982 2682 3011 2730 2

489 2766 684 2839 Esdr.,
717 2768 962 2840 Cantie.‚
1000 2770 1203 2837 Eccle.,
1235 2769 1412 2839 Abd.,
1453 2770 1650 2840 Nah.),
1682 2769 1753 2826 ad
1793 2786 1931 2842 quos
1966 2786 2037 2825 ne
2078 2769 2249 2825 semel
2278 2768 2500 2841 quidem
2535 2768 2881 2832 alludatur,
2917 2779 3013 2821 nec

489 2864 674 2911 tamen
699 2856 992 2929 quisquam
1011 2858 1245 2927 dubitat,
1269 2864 1402 2930 quin
1427 2874 1537 2915 una
1565 2874 1691 2914 cum
1718 2858 1942 2929 reliquis
1968 2856 2039 2913 ab
2062 2857 2339 2929 Apostolis
2362 2856 2471 2913 sint
2495 2856 2814 2928 approbati3
2846 2854 3011 2909 multo

490 2944 662 3017 magis
697 2944 864 3017 igitur
889 2946 972 3002 illi
999 2944 1215 3002 dicendi
1242 2955 1372 3001 sunt
1407 2945 1721 3017 approbati,
1753 2961 1890 3017 quos
1918 2946 2195 3017 Apostolis
2228 2944 2476 3017 cognitos
2518 2942 2682 3001 fuisse
2724 2943 3028 3000 allusiones,

490 3041 640 3089 certo
669 3031 1074 3089 demonstrant.

703 3218 970 3275 QuAmno
1003 3221 1046 3266 2.
1078 3244 1140 3254 -—
1167 3218 1334 3265 Canon
1363 3219 1559 3266 Veteris
1590 3218 1895 3265 Testamenti
1916 3218 2075 3265 tribus
2107 3218 2277 3278 primis
2304 3217 2552 3265 Ecclesiae
2582 3218 2805 3264 saeculis.
2852 3248 2857 3253 -

563 3399 622 3456 2.
641 3380 738 3441 ’-
761 3396 956 3465 Quem
984 3412 1283 3456 canonem
1302 3395 1546 3457 Veteris
1572 3395 1741 3455 Test.
1766 3394 2053 3472 Apostoli
2084 3393 2365 3455 ecclesiis
2389 3409 2428 3454 a
2456 3410 2521 3453 se
2550 3393 2827 3453 fundatis
2850 3386 3009 3450 adhi-

486 3492 763 3554 bendum
785 3492 1188 3565 tradiderint,
1219 3492 1628 3569 antiquorum
1657 3492 1912 3552 Petrum
1936 3490 2272 3551 universali
2303 3494 2366 3549 et
2396 3490 2706 3550 constanti
2741 3504 2861 3549 usu
2893 3490 3007 3545 sta-

484 3589 740 3649 biliatur
767 3593 1036 3668 oportet.

553 3713 691 3767 Tam
717 3710 938 3767 evidens
968 3720 1052 3767 est
1082 3711 1188 3767 hoc
1224 3720 1492 3765 assertum
1511 3750 1525 3775 ,
1556 3718 1619 3765 ut
1646 3710 1841 3763 merito
1870 3708 2115 3777 mireriS,
2147 3705 2282 3763 illud
2320 3707 2391 3765 ab
2424 3706 2751 3764 adversariis
2782 3702 3005 3762 addubi-

483 3800 607 3856 tari.
633 3800 887 3855 Patribus
917 3800 1065 3855 enim
1091 3798 1491 3869 antiquioribus
1516 3813 1667 3867 eam,
1702 3811 1845 3868 quae
1872 3795 1941 3851 ad
1966 3795 2191 3851 canonis
2229 3795 2497 3851 ambitum
2529 3794 2903 3851 definiendum
2932 3805 3004 3844 re-

483 3887 753 3961 quiratur,
783 3888 1066 3942 scientiam
1104 3885 1340 3942 defuisse
1376 3892 1655 3952 asserunt,
1686 3885 1933 3957 ignotam
1969 3883 2076 3939 illis
2110 3881 2273 3939 fuisse
2310 3892 2621 3939 accuratam
2660 3897 2847 3939 saeros
2874 3880 3006 3935 inter

483 3985 539 4032 et
562 3975 821 4049 profanos
847 3975 1018 4031 libros
1047 3974 1452 4030 distinctionem
1469 4015 1484 4040 ,
1511 3989 1543 4028 a
1576 3971 1792 4028 ludaeis
1818 3972 1985 4044 igitur
2012 3969 2399 4041 inquirendum
2428 3986 2569 4037 esse,
2597 3984 2877 4043 quaenam
2904 3966 3005 4021 sint

483 4065 753 4137 genuinae
775 4064 1102 4133 scripturae.
1130 4063 1236 4132 Qui
1257 4060 1386 4116 talia
1409 4060 1691 4129 obiiciunt,
1714 4074 1825 4114 non
1852 4058 2313 4127 animadvertunt,
2336 4074 2396 4114 se
2415 4058 2725 4129 primitivae
2738 4052 3005 4114 Ecclesiae

481 4155 647 4209 ctiam
673 4152 1049 4225 cognitionem
1077 4149 1344 4223 genuinae
1374 4147 1723 4203 revelationis
1747 4146 2047 4218 denegarep,
2081 4160 2251 4216 quare
2278 4160 2402 4200 cum
2438 4148 2693 4218 Oriyene
2722 4144 2815 4213 (ad
2841 4140 2999 4198 Afric.

480 4248 541 4309 43
576 4241 659 4296 cfr
683 4240 850 4295 etiam
885 4237 1082 4313 Rufin.
1116 4238 1276 4309 Apol.
1310 4238 1386 4292 11:
1426 4242 1492 4291 33
1519 4238 1668 4307 sqq.)
1709 4250 1805 4290 eos
1832 4234 2237 4305 interrogamus
2268 4254 2281 4287 :
2319 4254 2344 4283 α
2373 4235 2522 4289 Num
2556 4249 2687 4307 ergo
2719 4228 3001 4305 providen-

478 4329 612 4395 tiae,
647 4342 786 4399 quae
812 4328 870 4385 in
895 4329 954 4385 S.
989 4325 1284 4398 scripturis
1312 4323 1464 4382 dedit
1493 4322 1751 4379 omnibus
1788 4322 2030 4377 ecclesiis
2058 4320 2493 4376 aedificationem
2510 4362 2525 4386 ‚
2552 4338 2717 4377 curae
2745 4337 2859 4377 non
2894 4316 3001 4371 fue-

481 4424 610 4470 runt
639 4416 768 4471 emti
805 4415 1006 4487 pretio,
1041 4428 1140 4485 pro
1169 4412 1366 4489 quibus
1397 4419 1650 4467 mortuus
1680 4418 1765 4466 est
1782 4408 2075 4465 Christus?
2105 4429 2129 4460 n
2154 4410 2351 4479 Magna
2374 4406 2624 4477 profecto
2644 4408 2868 4465 scientia
2899 4416 2999 4458 non

480 4502 881 4574 requirebatur,
907 4512 972 4557 ut
995 4504 1202 4559 scirent
1229 4500 1519 4568 ecelesiae,
1549 4512 1820 4570 quosnam
1851 4494 2021 4552 libros
2046 4504 2331 4567 tamquam
2358 4510 2544 4551 sacros
2571 4510 2605 4551 a
2634 4490 3001 4552 fundatoribus

479 4590 590 4645 suis
608 4592 962 4663 accepissent,
983 4606 1088 4646 nec
1106 4605 1350 4661 unquam
1376 4590 1573 4644 Patres
1586 4584 1779 4641 fideles
1809 4582 1881 4639 ad
1909 4582 2143 4640 Iudaeos
2166 4582 2413 4649 mittunt,
2438 4591 2500 4639 ut
2526 4583 2597 4639 ab
2622 4583 2689 4640 iis
2714 4580 2997 4657 genuinum

478 4678 882 4749 scripturarum
909 4694 1180 4737 canonem
1207 4677 1447 4747 discant,
1478 4673 1576 4731 sed
1608 4672 1677 4730 ad
1710 4672 1963 4729 ecclesias
1988 4673 2141 4736 illas,
2173 4686 2313 4743 quae
2342 4670 2411 4727 ab
2440 4672 2722 4729 Apostolis
2748 4666 2999 4729 fundatae
