3050 5184
381 270 498 329 20ss
604 284 680 329 1)ss
722 285 858 329 VET.
907 284 1168 331 TESTAM.
1213 286 1416 331 umus
1454 286 1803 331 msromcls.
1850 303 1929 312 —
1969 285 2099 330 CAP.
2144 285 2187 328 1.
2232 282 2309 327 ΒΕ
2350 282 2805 327 ΡΕΝΤΔΤΕΗΟΗΟ.

383 417 494 493 qui
523 417 688 478 inter
715 418 922 478 Exod.
955 420 1060 489 6,3
1087 418 1146 499 (α
1178 422 1308 497 Ego
1337 437 1478 480 sum
1505 418 1691 481 Jakve
1719 423 1783 480 et
1810 418 2072 496 apparui
2099 416 2377 478 Abrabae
2407 417 2581 477 Isaac
2606 420 2671 475 et
2697 414 2933 475 Iacobo

381 516 701 591 tamquam
731 516 814 574 El
841 514 1147 588 schaddai,
1187 516 1296 576 sed
1328 516 1496 593 quod
1532 515 1611 576 ad
1644 532 1875 579 nomen
1906 530 2121 575 meum
2152 512 2339 573 Iakve
2372 511 2628 585 attinet,
2666 526 2796 571 non
2826 526 2933 568 me

383 610 773 670 manifestavi
794 612 886 671 eis
917 608 973 691 »)
1005 615 1069 671 et
1087 612 1253 671 inter
1275 612 1650 673 continuum
1678 630 1869 675 usum
1893 610 2168 673 nominis
2196 609 2383 671 lahve
2408 609 2476 668 in
2504 608 2752 684 reliquo
2774 608 2937 666 Pen-

382 706 672 767 tateucho
704 707 1144 769 concedendus
1169 713 1295 783 est,
1325 726 1456 769 non
1483 726 1558 769 ex
1584 726 1659 769 eo
1689 712 1900 788 potest
1929 706 2231 781 derivari,
2265 703 2435 785 quod
2469 721 2709 765 nomen
2741 703 2941 763 Iakve

381 806 518 861 tum
545 804 850 881 temporis
879 804 1085 882 prima
1110 804 1247 865 vice
1279 805 1363 864 sit
1389 805 1758 865 revelatum.

452 915 510 971 Si
535 914 864 971 adversariis
891 916 1174 973 nonnullis
1195 917 1500 986 credimus,
1532 918 1770 989 scriptor
1789 916 1902 987 ille,
1934 918 2023 973 cui
2045 918 2233 975 Emod.
2262 922 2354 985 6,3
2378 914 2629 983 debetur,
2660 928 2733 969 eo
2754 928 2941 984 usqne

383 1002 452 1057 ab
481 1018 586 1059 usu
613 1004 853 1059 nominis
881 1004 1057 1060 Iahve
1083 1004 1345 1061 abstinuit
1375 1021 1441 1061 ac
1470 1006 1629 1077 proin
1658 1013 1854 1062 auctor
1882 1003 2303 1063 elohisticarum
2327 1003 2717 1079 pericoparum
2743 1000 2942 1057 Gene-

383 1105 506 1145 seos
544 1099 626 1145 est
669 1090 952 1147 dicendus.
994 1092 1150 1159 Quae
1187 1094 1476 1165 explicatio
1514 1109 1747 1149 erronee
1793 1092 2081 1164 supponit,
2125 1090 2454 1163 patriarchis
2500 1106 2709 1145 nomen
2746 1090 2945 1145 Iakce

383 1174 549 1233 fuisse
577 1176 944 1251 incognitum;
975 1179 1114 1235 iilud
1143 1190 1330 1237 autem
1365 1182 1556 1255 Moyse
1589 1196 1708 1237 esse
1737 1180 1914 1236 multo
1952 1180 2231 1252 antiquius
2261 1186 2319 1235 et
2354 1176 2685 1251 patriarchis
2723 1176 2943 1247 optime

383 1263 551 1320 fuisse
578 1274 771 1321 notum
798 1271 884 1334 a.)
908 1267 1020 1323 iam
1047 1267 1249 1324 docent
1275 1268 1500 1325 nomina
1525 1269 1749 1342 propria
1778 1284 1907 1324 cum
1930 1268 2153 1324 nomine
2178 1266 2349 1322 Iahve
2372 1266 2677 1339 composita
2706 1282 2721 1319 :
2752 1274 2943 1319 mater

379 1354 584 1425 Moysis
611 1353 911 1411 vocabatur
939 1355 1222 1412 Ioeltebed
1258 1355 1450 1424 (Iahve
1477 1364 1563 1413 est
1590 1355 1765 1429 gloria
1802 1357 1939 1411 eiuS.
1974 1354 2172 1411 Exod.
2214 1358 2393 1422 6‚20);
2424 1353 2625 1411 Aonia
2664 1351 2875 1425 (frater
2902 1353 2939 1406 i.

382 1455 430 1495 e.
466 1441 676 1497 amicus
711 1451 792 1498 est
822 1442 1015 1512 Iahve)
1044 1452 1100 1499 et
1134 1445 1438 1500 Ionatlian
1476 1444 1663 1511 (lahve
1696 1452 1780 1499 est
1815 1442 2073 1499 donator.
2114 1449 2138 1498 1
2184 1447 2327 1497 Par.
2360 1447 2508 1509 235.
2540 1445 2631 1509 32)
2660 1454 2943 1513 personae
3029 1516 3030 1521 η

382 1538 510 1584 sunt
537 1531 728 1603 Moyse
755 1531 1126 1602 antiquiores3
1155 1532 1382 1589 Morialt
1413 1532 1569 1600 (visio
1602 1532 1784 1587 lahve.
1819 1532 1959 1589 Gen.
1989 1530 2136 1603 22,2)
2163 1546 2371 1586 nomen
2396 1528 2721 1600 impositum
2747 1536 2843 1583 δι
2872 1528 2945 1583 ab

381 1625 498 1697 ipso
533 1626 840 1683 Abraham.
885 1626 1043 1683 Idem
1081 1628 1156 1699 b.)
1197 1627 1364 1684 docet
1405 1628 1645 1684 nominis
1686 1628 1865 1683 forma
1908 1627 2156 1683 derivata
2184 1643 2217 1683 a
2246 1626 2415 1682 verbo
2454 1630 2590 1691 ΠῚΠ,
2622 1624 2785 1681 citius
2814 1626 2943 1681 loco
3029 1666 3030 1669 η

383 1730 630 1792 tempore
669 1724 914 1779 mosaico
953 1723 1323 1780 adhibebatur
1360 1731 1508 1793 mm
1552 1726 1625 1797 c.)
1660 1725 1811 1781 idem
1854 1740 2075 1797 quoque
2120 1724 2305 1780 elucet
2340 1738 2407 1780 ex
2446 1738 2544 1790 eo,
2580 1718 2737 1793 quod
2776 1722 2943 1779 Deus

380 1805 560 1884 Moysi
606 1809 678 1866 ad
727 1812 995 1883 populum
1036 1811 1186 1867 ituro
1233 1827 1436 1869 nomen
1489 1828 1652 1869 suum
1692 1813 1863 1870 Iahve
1898 1812 2047 1869 velut
2096 1811 2315 1885 signum
2358 1810 2540 1875 dedit,
2587 1825 2699 1881 quo
2744 1808 2939 1865 divina

382 1897 499 1953 eius
533 1899 724 1953 missio
757 1907 1188 1971 cognosceretur
1226 1899 1434 1966 (Ex-od.
1469 1906 1619 1969 3,13.
1662 1904 1777 1970 14);
1814 1915 2017 1957 nomen
2054 1908 2242 1957 autem
2276 1900 2529 1972 ignotum
2558 1906 2616 1953 et
2649 1912 2719 1952 eo
2754 1913 2943 1969 usque
3029 1960 3030 1969 χ

381 1984 690 2041 inauditum
719 2001 832 2041 non
856 1994 976 2041 erat
999 1985 1218 2059 signum
1241 1996 1462 2058 aptum3
1497 1996 1664 2060 atque
1694 1990 1775 2056 d.)
1800 1988 1858 2043 in
1880 1988 2085 2045 Genesi
2109 1985 2456 2059 patriarchae
2481 1987 2665 2041 Deum
2692 1986 2807 2041 hoc
2830 2002 2941 2041 no·-

381 2073 529 2129 mine
559 2073 877 2145 frequenter
906 2074 1203 2145 appellant,
1235 2076 1498 2149 Deusque
1525 2077 1673 2148 ipse,
1702 2076 1799 2133 ubi
1824 2074 2172 2148 patriarchas
2200 2074 2523 2146 alloquitur,
2562 2072 2671 2129 hoc
2704 2073 2940 2129 nomine

381 2174 499 2215 sese
537 2161 818 2232 designat3
857 2161 915 2216 in
951 2162 1242 2233 colloquiis
1275 2163 1334 2218 in
1368 2162 1571 2219 Genesi
1606 2164 1797 2219 relatis
1833 2178 2037 2219 nomen
2074 2161 2245 2217 Iahve
2280 2160 2415 2215 40¹⁰·
2450 2160 2671 2232 legitur.

453 2247 554 2303 Illa
573 2248 742 2321 igitur
762 2248 1023 2321 opinione
1039 2250 1425 2321 praetermissa
1445 2250 1796 2308 attendamus
1820 2244 1893 2306 ad
1910 2248 2279 2306 differentiam
2297 2246 2585 2305 nominum
2608 2248 2690 2303 El
2718 2247 2938 2303 schad-

380 2336 488 2391 dai
539 2344 595 2393 et
630 2337 835 2405 lahue5
873 2338 942 2393 El
979 2336 1278 2393 schaddai
1314 2338 1488 2403 enim,
1530 2337 1682 2410 quod
1721 2353 1927 2394 nomen
1959 2338 2019 2393 in
2054 2338 2173 2393 sola
2207 2334 2411 2393 Genesi
2450 2341 2507 2391 et
2536 2335 2595 2390 in
2630 2334 2767 2390 solis
2810 2337 2937 2407 qui-
3029 2362 3030 2369 κ

381 2422 510 2479 dem
533 2423 990 2494 promissionibus
1021 2424 1320 2482 adhibetur
1341 2426 1393 2496 ⁷,
1430 2426 1708 2499 sig-nificat
1750 2430 1933 2481 Deum
1970 2425 2442 2497 omnipotentem,
2481 2422 2575 2495 qui
2603 2423 2939 2494 promissio·
3029 2420 3030 2473 J

383 2526 482 2567 nes
508 2526 636 2567 suas
665 2513 914 2584 implere
932 2518 1161 2585 potest,
1191 2514 1374 2569 ΙαΙιυε
1405 2522 1595 2570 autem
1619 2513 1875 2586 designat
1899 2516 2083 2569 Deum
2109 2511 2376 2584 fidelem,
2410 2510 2508 2583 qui
2535 2510 2939 2583 promissiones

381 2614 509 2666 suas
561 2616 772 2655 revera
833 2600 1101 2673 implet⁸5
1145 2600 1477 2672 patriarchis
1532 2601 1705 2675 igitur
1756 2600 2152 2674 promissiones
2203 2599 2339 2657 dans
2386 2614 2507 2655 sese
2557 2598 2937 2655 manifestavit

383 2687 463 2742 El
488 2687 820 2759 sekaddaz',
856 2688 1249 2759 promissiones
1277 2698 1466 2745 autem
1503 2689 1678 2746 saetas
1713 2690 1946 2761 implere
1972 2688 2240 2759 incipiens
2280 2702 2399 2745 sese
2423 2687 2691 2743 revelavit
2719 2686 2936 2753 labne,-

382 2784 551 2847 atque
576 2776 654 2832 ita
680 2777 893 2832 clarum
917 2784 1018 2846 est,
1051 2793 1152 2833 cur
1176 2779 1396 2851 Moyses
1421 2776 1551 2834 inde
1580 2777 1649 2833 ab
1677 2777 1877 2833 Eaeod.
1903 2782 1938 2833 6
1965 2778 2025 2831 in
2048 2776 2255 2833 ultimis
2280 2776 2392 2832 suis
2414 2774 2588 2843 libris,
2612 2772 2709 2846 qui
2730 2773 2935 2848 integri

381 2863 440 2918 in
469 2865 725 2935 promissi
755 2864 994 2920 foederis
1015 2863 1343 2921 fundatione
1364 2873 1423 2921 et
1447 2864 1793 2937 legislatione
1820 2872 2131 2934 versantur,
2156 2864 2226 2920 ab
2252 2879 2356 2920 usu
2380 2862 2623 2919 nominis
2641 2862 2715 2919 El
2736 2862 2935 2919 schad-

383 2950 474 3007 dai
501 2960 556 3008 et
583 2951 805 3009 Elohim
835 2952 1013 3025 magis
1038 2952 1369 3009 abstinuerit
1394 2956 1691 3025 Deumque
1721 2952 1903 3025 potius
1929 2951 2139 3017 ΙαΙιυε,
2177 2972 2202 3003 α
2234 2966 2333 3007 ens
2360 2950 2699 3019 absolutum,
2726 2952 2931 3007 immu-

382 3039 580 3108 tabile,
610 3039 998 3096 fidelissimum
1027 3062 1080 3109 n,
1112 3041 1493 3113 appellaverit.
2766 3026 2773 3033 ’

465 3194 522 3249 7.
555 3224 635 3232 ——-
659 3190 732 3249 ΙΙ.
761 3190 923 3250 Solis
949 3192 1309 3252 nominibus
1338 3190 1569 3251 divinis
1595 3192 1801 3251 varios
1826 3190 2165 3268 scriptores
2184 3207 2311 3249 non
2330 3188 2657 3266 distingui,
2688 3194 2929 3249 certum

384 3290 511 3357 est3
547 3285 699 3361 quid
729 3303 877 3347 vero
907 3287 1149 3347 valeant
1179 3288 1571 3348 munimenta
1590 3332 1605 3359 ,
1639 3287 1871 3365 quibus
1901 3286 2108 3347 debile
2134 3285 2255 3346 hoc
2282 3284 2759 3346 fundamentum
2787 3304 2930 3346 con-

387 3381 657 3442 solidare
689 3382 894 3443 conati
933 3390 1078 3444 sunt
1105 3384 1480 3455 adversarii,
1514 3389 1711 3443 restat
1746 3382 2220 3462 inquirendum.
2261 3382 2605 3443 Elohistam
2636 3386 2701 3441 et
2726 3382 2929 3441 Iahvi-

387 3480 544 3537 stam
585 3483 872 3539 asserunt
904 3496 1144 3541 mci-‚um
1183 3496 1416 3541 causus
1453 3498 1580 3540 non
1628 3481 1838 3541 minus
1878 3496 2071 3557 quam
2108 3494 2435 3539 nssumosis
2477 3494 2551 3539 ΕΤ
2594 3494 2931 3539 ms‘romcis

389 3590 762 3636 oriuioumus
787 3576 952 3637 inter
975 3594 1042 3637 se
1069 3576 1322 3637 differre
1350 3576 1621 3654 ideoque
1647 3592 1865 3637 eorum
1894 3576 2220 3654 pericopas
2246 3575 2373 3635 illis
2392 3591 2643 3653 quoque
2666 3575 2930 3635 inlibris

389 3671 668 3749 dignosci
699 3690 907 3751 posse,
941 3674 1006 3733 in
1037 3673 1265 3752 quibus
1284 3673 1545 3734 nomina
1569 3673 1781 3733 divina
1801 3672 2153 3751 promiscue
2176 3671 2610 3733 adhibeantur.
2636 3673 2927 3731 Attamen

391 3772 733 3845 antequam
783 3768 1092 3847 singulae,
1142 3787 1297 3847 quas
1337 3772 1652 3841 statuunt,
1700 3767 2129 3847 distinguendi
2171 3768 2445 3835 rationes
2469 3768 2924 3831 examinentur„

384 3867 749 3942 praeprimis
775 3864 1309 3926 animadvertatur
1335 3868 1618 3943 oportet,
1642 3864 1779 3925 illas
1810 3880 2029 3925 omnes
2057 3865 2347 3942 petitioni
2383 3864 2681 3942 principii
2710 3862 2893 3923 inniti
2910 3910 2924 3925 .

448 4048 514 4111 (7)
548 4050 674 4099 Gen.
709 4052 844 4109 17,1;
881 4053 1019 4109 28‚3;
1051 4053 1218 4109 35,11;
1249 4052 1422 4109 43‚14;
1449 4049 1593 4110 4833
1621 4048 1795 4099 Exod.
1832 4052 1930 4106 6,3.
1960 4074 2024 4083 —
2047 4050 2223 4111 Neque
2250 4048 2303 4097 in
2332 4046 2543 4109 reliquis
2572 4045 2717 4095 libris
2743 4048 2921 4097 Penta—

387 4126 556 4177 teuchi
593 4140 756 4191 neque
781 4140 809 4175 a
837 4126 1123 4176 iunioribus
1151 4126 1483 4190 scriptoribus
1511 4127 1669 4176 sacris
1698 4126 1759 4175 El
1788 4125 2057 4175 schaddai
2085 4138 2301 4189 usquam
2328 4124 2615 4181 adhibetur,
2646 4122 2743 4173 nisi
2768 4122 2917 4175 semel

387 4204 450 4255 ab
479 4206 668 4257 Ezech.
706 4212 830 4265 10,5.
863 4204 1038 4257 Solum
1066 4218 1248 4255 nomen
1282 4204 1565 4255 Schaddai
1601 4204 1680 4255 bis
1716 4206 1767 4254 in
1795 4204 2141 4254 Pentateucho
2174 4202 2345 4267 (Num.
2376 4207 2506 4265 24,4.
2542 4210 2597 4253 16
2625 4216 2657 4251 a
2678 4202 2915 4261 Balaamj2.

389 4284 676 4347 frequenter
703 4285 757 4334 in
787 4285 824 4334 l.
855 4285 965 4345 Iob,
995 4284 1262 4335 dumtaxat
1285 4284 1368 4333 7¹⁶¹
1397 4284 1453 4333 in
1482 4283 1693 4348 reliquis
1722 4282 1867 4333 libris
1894 4287 2187 4347 usurpatur.

451 4362 518 4427 (8)
545 4364 826 4426 Prophetae
851 4365 981 4413 Osee
1006 4366 1057 4413 et
1084 4362 1314 4413 Ezechiel
1341 4376 1575 4427 quoque,
1600 4366 1659 4411 ut
1688 4362 1929 4422 doceant,
1950 4362 2117 4411 Deum
2146 4361 2504 4426 promissiones
2531 4364 2585 4410 et
2608 4360 2781 4411 minas
2808 4372 2920 4409 suas

388 4445 529 4491 certo
564 4442 754 4491 certius
792 4456 902 4491 esse
939 4441 1294 4507 impleturum,
1327 4442 1458 4492 hanc
1485 4442 1708 4491 nominis
1736 4442 1905 4492 Iahve
1942 4440 2359 4505 significationem
2396 4439 2585 4505 populo
2621 4440 2677 4489 in
2704 4442 2917 4490 mentem

391 4526 634 4571 revocant
661 4520 915 4571 vaticiniis
942 4522 1048 4571 suis
1075 4520 1218 4572 velut
1245 4520 1466 4583 sigillum
1495 4520 1742 4571 addentes
1775 4538 1787 4570 :
1822 4541 1847 4565 ιι
1877 4522 1947 4572 Et
1972 4522 2177 4580 scietis,
2208 4522 2341 4585 quia
2368 4534 2463 4583 eqo
2493 4518 2663 4571 [alive
2692 4535 2719 4567 n
2748 4518 2849 4582 (Os.
2870 4522 2915 4565 2.

389 4607 479 4663 223
499 4600 688 4651 Ezech.
716 4605 825 4657 5‚13
855 4603 906 4650 et
929 4600 1030 4649 rere
1059 4599 1211 4664 70¹⁹).
