3050 5184
630 344 708 390 nn
748 345 1078 392 evannum
1119 347 1426 394 secuuntur
1465 347 1845 393 urrunnun
1884 345 2127 392 onnmn.
2530 327 2645 384 465

109 474 362 547 plerique
387 491 516 532 eum
543 492 611 533 ex
639 478 803 534 tertio
843 479 1044 550 potiuS,
1078 495 1320 551 quocum
1346 478 1655 536 secundum
1700 479 1821 536 fere
1860 477 2161 546 consentit,
2195 491 2313 532 esse
2346 473 2646 530 desumen-

105 561 505 630 dum,·rectius
528 574 773 621 censent.
807 567 1022 622 Etenim
1045 565 1297 638 profecto
1325 583 1430 624 nec
1453 568 1639 624 omnia
1678 583 1741 623 ea
1769 567 2035 623 miracula
2052 609 2067 634 ,
2105 579 2245 636 quae
2272 561 2471 618 Matth.
2502 567 2557 616 8.
2593 567 2649 614 ct

107 655 162 702 9.
195 659 511 718 narrantur,
547 650 744 707 iisdem
769 651 960 709 diebus
989 669 1110 709 esse
1139 661 1354 725 patrata
1374 698 1388 724 ,
1423 670 1526 710 nec
1556 670 1749 711 omnes
1789 653 2111 725 parabolas,
2144 667 2283 724 quae
2322 648 2525 705 Matth.
2561 651 2646 714 13,

108 738 544 810 coniunguntur,
575 739 771 795 eodem
797 739 884 796 die
915 755 1032 796 esse
1061 742 1464 812 pronuntiatas,
1489 742 1623 798 satis
1644 743 1877 810 clarum,
1910 742 2125 812 opinor,
2158 747 2259 794 est.
2290 735 2457 793 Haud
2488 750 2650 791 rarae

107 822 337 893 quidem
381 825 439 880 in
484 826 665 897 primo
699 828 999 899 Evangelio
1035 837 1164 883 sunt
1204 828 1508 901 particulae
1540 838 1597 885 et
1634 828 1933 892 formulae,
1971 826 2174 900 quibus
2207 823 2471 896 temporis
2508 822 2648 877 ratio

107 910 409 980 indicatur,
439 921 498 969 at
526 914 822 986 pleraeque
849 931 1020 988 vagae
1039 924 1172 971 sunt
1190 921 1242 982 (α
1262 925 1396 972 tunc
1417 938 1470 985 a,
1501 937 1529 968 α
1554 917 1611 972 in
1638 917 1747 973 illis
1770 914 1967 972 diebus
1990 936 2041 981 ι»,
2068 935 2095 964 α
2119 915 2175 969 in
2202 913 2301 969 illo
2319 911 2411 968 dic
2433 931 2461 962 υ
2497 914 2645 976 etc.),

105 1007 276 1069 atque
299 1015 369 1054 ex
399 999 660 1056 hebraico
690 1001 953 1072 loquendi
978 1002 1147 1059 modo
1177 1005 1360 1073 potius
1387 1003 1456 1060 ab
1484 1019 1598 1060 uno
1627 1012 1953 1075 argumento
1979 1001 2051 1058 ad
2079 1002 2315 1058 alterum
2342 999 2648 1056 orationem

106 1085 428 1151 traducunt,
455 1103 624 1159 quam
649 1097 868 1160 tempus
892 1089 1162 1146 deliniunt
1181 1092 1284 1162 (cfr
1304 1107 1389 1146 ex.
1415 1107 1497 1162 gr.
1527 1098 1614 1160 3,1
1655 1111 1678 1141 α
1704 1093 1762 1146 in
1789 1091 1913 1147 illis
1934 1088 2127 1146 diebus
2146 1089 2297 1144 venit
2320 1087 2558 1142 Ioannes
2583 1086 2645 1138 B.

109 1171 444 1242 praedicans
478 1195 503 1226 n
547 1191 675 1232 cum
712 1177 1036 1233 immediate
1069 1177 1556 1249 praecedentibuS,
1596 1187 1692 1234 aut
1730 1184 1816 1246 11,
1821 1183 1890 1233 25
1934 1197 1959 1227 ει
1995 1177 2053 1231 in
2080 1176 2177 1231 illo
2205 1174 2293 1231 die
2324 1195 2349 1226 n
2384 1181 2491 1229 etc.
2522 1187 2649 1227 cum

107 1247 306 1316 eadem
336 1263 654 1319 narratione
677 1264 824 1336 apud
847 1267 902 1322 S.
933 1267 1067 1322 Luc.
1101 1272 1186 1334 10,
1193 1271 1255 1321 21
1285 1274 1390 1322 etc.
1398 1267 1436 1334 ).
1467 1268 1605 1321 Tam
1626 1281 1823 1337 parum
1844 1267 1901 1321 S.
1934 1263 2253 1320 Matthaeus
2272 1277 2459 1318 rerum
2478 1267 2651 1333 gesta-

107 1363 234 1403 rum
264 1356 521 1421 tempora
553 1350 766 1422 delinit,
807 1360 870 1408 ut
905 1369 970 1408 ex
1010 1353 1128 1409 eius
1161 1354 1280 1409 solo
1309 1353 1607 1426 Evangelio
1644 1368 1757 1408 non
1794 1359 2089 1423 appareat,
2118 1365 2254 1406 num
2288 1348 2511 1421 publica
2542 1347 2651 1402 vita

109 1436 338 1492 Domini
377 1453 491 1493 uno
520 1453 664 1496 anno
691 1440 763 1495 sit
789 1441 1087 1496 terminata
1125 1457 1196 1496 an
1225 1455 1403 1498 secus.
1443 1443 1639 1512 Itaque
1664 1441 1785 1496 iure
1816 1439 2020 1496 merito
2058 1439 2350 1494 statuimus
2376 1451 2505 1492 eum
2524 1443 2651 1490 ante

110 1524 320 1592 omnia,
354 1533 417 1580 ut
447 1527 630 1582 Iesum
665 1527 925 1583 Messiam
959 1543 1078 1583 esse
1112 1527 1536 1596 demonstraret,
1572 1543 1779 1583 novum
1808 1541 2041 1598 regnum
2067 1524 2425 1592 describeret,
2456 1523 2648 1579 Phari-

111 1625 370 1667 saeorum
410 1614 812 1684 oppositionem
838 1615 1166 1686 explicaret,
1199 1631 1266 1671 cx
1295 1623 1412 1672 tota
1449 1617 1559 1672 vita
1590 1614 1805 1686 publica
1834 1622 2161 1685 argumenta
2190 1612 2499 1684 collegisse,
2529 1617 2649 1665 tum

113 1713 242 1754 vero
271 1698 350 1754 ad
373 1699 627 1757 ordinem
649 1701 1107 1770 chronologicum
1130 1704 1208 1758 ita
1225 1703 1536 1769 revertisse,
1558 1711 1621 1758 ut
1642 1703 1700 1759 in
1720 1700 2011 1775 seligendis
2029 1702 2227 1756 saltem
2246 1697 2653 1754 narrationibus

111 1801 332 1857 semper
359 1787 532 1844 linem
559 1803 723 1845 suum
751 1804 886 1861 prae
910 1790 1086 1846 oculis
1109 1799 1343 1846 teneret.

191 1911 292 1970 13.
315 1945 397 1955 —
425 1913 856 1990 Evangelistae
887 1914 1079 1992 igitur
1107 1915 1232 1974 fine
1261 1918 1326 1975 et
1353 1917 1725 1994 argumento
1753 1913 2055 1991 spectatis
2086 1911 2493 1989 Evangelium
2521 1911 2652 1987 pri—

113 2025 289 2066 mum
318 2007 390 2066 in
419 2013 689 2084 quatuor
713 2014 920 2087 partes
945 2015 1089 2088 apte
1119 2011 1539 2072 distribuitur.

179 2113 344 2168 Pnns
373 2127 574 2170 mum
613 2117 908 2182 (1‚1·4,11)
938 2113 1083 2182 illis,
1116 2131 1264 2187 quae
1302 2115 1612 2188 publicam
1638 2115 1877 2170 Domini
1904 2115 2101 2170 citam
2129 2116 2573 2186 praecesserunt
2598 2118 2655 2166 et

113 2207 653 2272 praeparaverunt,
682 2202 958 2258 narratis
977 2203 1212 2258 animos
1235 2203 1510 2276 disponit,
1546 2207 1613 2258 ut
1627 2205 1813 2258 Iesum
1834 2217 1955 2258 esse
1981 2201 2261 2256 Messium
2285 2203 2655 2269 aquescentes

117 2286 452 2344 doctrinam
479 2288 603 2344 eius
627 2289 1087 2360 amplectantur.
1120 2291 1315 2361 Itaque

189 2381 236 2429 1.
271 2374 568 2444 vaticiniis,
598 2390 742 2447 quae
789 2378 992 2446 partim
1018 2375 1188 2433 refert
1215 2377 1415 2449 partim
1458 2377 1722 2448 supponit
1759 2382 1812 2444 (2
1846 2383 1980 2448 Rey.
2011 2382 2140 2444 7,12
2168 2391 2293 2448 sqq.
2332 2385 2474 2443 etc.;
2512 2377 2649 2432 Gen.

369 2467 530 2526 12,13
559 2471 699 2530 etc.;
739 2467 815 2519 Is.
861 2463 1230 2533 ⁷,143Miclt.
1263 2469 1384 2534 5,2;
1411 2468 1583 2521 Num.
1619 2470 1813 2533 2⁴,173
1855 2467 1955 2520 Os.
1995 2471 2147 2532 11,1;
2194 2467 2305 2519 Ier.
2350 2469 2542 2531 31,15;
2573 2465 2650 2517 Is.

370 2555 538 2618 11,1),
570 2550 628 2604 in
657 2566 828 2623 puero
858 2552 986 2606 Iesu
1013 2551 1256 2622 impletis
1279 2567 1408 2607 eum
1437 2552 1697 2608 Messiam
1728 2567 1847 2608 esse
1876 2551 2039 2607 docet
2068 2553 2373 2620 (1,1-2,23),

180 2644 238 2692 2.
267 2645 440 2710 atque
469 2637 881 2708 praedicatione
919 2638 1142 2695 Ioannis
1180 2640 1340 2711 Bapt.
1381 2637 1485 2706 (cfr
1511 2641 1589 2694 Is.
1635 2644 1785 2706 4ο,3)
1826 2647 1881 2695 et
1922 2641 2049 2694 Iesu
2086 2638 2383 2709 baptismo,
2424 2636 2654 2701 ieiuni0,

366 2725 768 2783 tentationibus
795 2726 966 2782 vitam
996 2726 1272 2797 publicam
1300 2735 1684 2798 praeparatam
1710 2741 1829 2783 esse
1858 2725 2102 2782 ostendit
2130 2727 2441 2794 (3,1-4,11).

186 2814 350 2870 ΡΑιιε
386 2828 626 2870 Aul-:u
655 2815 1016 2886 (4,12-14,12)
1046 2831 1120 2870 ex
1161 2817 1290 2870 vica
1325 2812 1575 2886 publica
1610 2817 1741 2870 Iesu
1770 2818 2127 2886 aryumenta
2157 2812 2407 2884 colliqit,
2448 2813 2657 2885 quibus

121 2904 276 2956 Iesus
299 2917 424 2958 esse
451 2903 700 2958 Messias
729 2901 1196 2972 demonstratur,
1231 2900 1699 2956 Pharisaeorum
1718 2901 2010 2974 oppositio
2039 2899 2403 2972 explicatur,
2436 2899 2657 2955 indoles

121 2989 284 3059 requi
307 2990 662 3046 messianici
689 2989 1062 3045 illustratur.

195 3083 242 3130 1.
269 3077 380 3132 Pro
411 3075 572 3133 huius
615 3077 789 3148 partis
813 3076 1226 3133 introductione
1255 3077 1605 3149 Evangelista
1634 3077 1887 3133 vaticinio
1917 3077 2008 3148 (Is.
2052 3081 2165 3144 9,1)
2203 3076 2433 3146 impleto
2466 3075 2655 3131 obiec-

367 3163 598 3232 tionem,
629 3164 886 3220 Messiam
914 3181 982 3220 ex
1008 3164 1256 3220 Galilaea
1285 3180 1398 3221 non
1427 3179 1547 3220 esse
1565 3173 1880 3234 venturum,
1912 3171 2276 3234 praeoccupat
2301 3171 2468 3236 atque
2495 3162 2657 3219 huius

312 3251 542 3324 'partis
570 3251 933 3308 summarium
960 3250 1166 3308 indicat
1194 3255 1265 3318 (4,
1277 3257 1483 3318 12-25).

197 3343 246 3392 2.
281 3338 496 3396 Deinde
525 3355 779 3394 sermone
806 3347 1072 3395 montano
1101 3339 1278 3394 relato
1303 3338 1466 3395 docet
1494 3341 1679 3395 lesum
1706 3338 1872 3395 fuisse
1900 3339 2181 3394 doctorem
2207 3346 2264 3395 et
2285 3305 2657 3411 legislatorem

371 3425 474 3492 (cfr
501 3431 666 3483 Dent.
702 3433 770 3482 18
773 3433 902 3497 15),
936 3426 1032 3498 qui
1060 3425 1133 3482 ad
1156 3425 1444 3499 antiquam
1472 3427 1679 3497 Legem
1706 3425 2095 3497 perficiendam
2124 3424 2429 3496 advenerit,
2456 3426 2555 3482 sed
2580 3428 2655 3483 si-

371 3515 488 3570 mul
517 3514 700 3570 innuit
725 3514 1151 3586 oppositionem,
1173 3529 1314 3586 quac
1341 3514 1488 3570 inter
1507 3515 1634 3568 Iesu
1660 3511 1959 3586 disc1pulos
1982 3521 2037 3569 et
2053 3513 2196 3568 inter
2219 3515 2477 3587 antiquae
2494 3515 2659 3586 Legis

371 3610 729 3672 corruptores
757 3600 944 3657 futura
967 3601 1040 3658 sit
1068 3603 1382 3668 (5,1-7,29).

201 3693 253 3742 3.
285 3691 332 3744 A
357 3687 542 3745 divina
571 3687 822 3746 doctrina
851 3688 923 3744 ad
951 3688 1135 3745 diviua
1162 3689 1278 3745 eius
1306 3702 1473 3759 opera
1501 3688 1777 3744 transiens
1805 3691 1992 3744 Iesum
2020 3689 2259 3746 ostendit
2287 3689 2453 3746 fuisse
2482 3690 2656 3745 mira-

371 3776 626 3832 culorum
655 3785 1010 3847 patratorem.
1039 3775 1326 3832 Miraculis
1353 3783 1541 3831 autem
1578 3773 1766 3832 multis
1802 3777 2049 3834 collectis
2087 3777 2339 3833 vaticinia
2368 3778 2463 3846 (Is.
2509 3779 2654 3846 53,4)

373 3866 428 3919 in
457 3867 582 3920 lesu
607 3864 834 3935 impleta
859 3863 1310 3920 demonstrantur
1340 3867 1592 3932 (8,1-17),
1620 3863 1789 3918 animi
1818 3863 1889 3919 ad
1929 3865 2373 3935 potentissimum
2409 3873 2465 3920 et
2499 3864 2653 3922 beni-

373 3951 698 4025 gnissimum
722 3951 1024 4007 Dominum
1048 3952 1366 4008 alliciuntur
1387 3949 1703 4022 (8,18-9,8),
1726 3950 2149 4008 Pharisaeorum
2176 3953 2503 4022 perversitas
2526 3968 2656 4024 pan-

368 4039 537 4107 ditur,
571 4038 666 4110 qui
692 4053 893 4112 magna
915 4038 1036 4094 eius
1061 4039 1214 4110 signa
1242 4036 1497 4093 daemoni
1521 4037 1835 4094 adscribere
1862 4038 2103 4094 audeant
2128 4043 2373 4108 (9,9-34).

207 4129 259 4179 4.
281 4127 411 4182 Novi
436 4127 596 4200 regni
628 4125 977 4183 fundatorem
1023 4127 1206 4182 lesum
1245 4123 1589 4180 demonstrat
1624 4126 1913 4196 apostolici
1938 4127 2185 4182 muneris
2223 4127 2565 4183 institutione
2604 4136 2658 4182 et

374 4214 797 4286 Apostolorum,
839 4229 980 4286 quos
1022 4215 1176 4269 Iesus
1211 4228 1385 4268 novos
1431 4213 1601 4269 duces
1648 4213 1850 4285 populo
1892 4212 2076 4279 dedit,
2125 4214 2543 4284 praeparatione
2586 4215 2655 4270 ad

377 4304 612 4374 primam
635 4301 956 4358 missionem
983 4299 1224 4357 narratis
1253 4303 1634 4370 (9,35-10,42),
1676 4299 2019 4356 adumbratis
2056 4287 2489 4372 difficultatibus,
2522 4319 2660 4375 quas

374 4407 580 4448 novum
607 4404 842 4463 regnum
871 4404 1044 4461 quum
1067 4389 1126 4443 in
1144 4387 1328 4444 cordis
1357 4386 1556 4443 duritie
1587 4387 1922 4444 ludaeorum
1949 4403 2118 4458 opera
2136 4389 2457 4446 messianica
2486 4391 2556 4448 ab
2582 4392 2655 4446 Is.

377 4485 498 4548 35,5
529 4476 811 4551 praedicta
836 4493 951 4532 non
976 4477 1394 4548 agnoscentium
1421 4484 1542 4531 tum
1569 4475 1627 4530 in
1645 4484 1923 4530 crescente
1950 4476 2395 4548 Pharisaeorum,
2428 4479 2521 4550 qui
2540 4495 2660 4536 sese

377 4566 434 4622 in
461 4574 688 4640 peccato
717 4573 911 4621 contra
933 4563 1196 4635 Spiritum
1224 4565 1280 4619 S.
1305 4563 1637 4618 constitutos
1658 4561 2049 4632 exhibuerunt,
2085 4565 2428 4638 oppositione
2454 4567 2663 4625 invenit

375 4659 764 4725 (11,1-12,50),
788 4652 1062 4723 descripta
1082 4649 1308 4707 demum
1325 4651 1454 4706 novi
1473 4649 1627 4722 regni
1640 4649 1829 4706 indole
1844 4661 2055 4723 septem
2076 4654 2351 4724 parabolis
2364 4659 2657 4727 (13,1-52).

896 4749 1150 4797 connum
1183 4748 1457 4797 conruit».
1483 4747 1713 4798 Ire-raon.
1740 4773 1803 4784 —
1832 4751 1909 4796 80.
