3050 5184
908 321 983 366 nr:
1029 322 1230 366 isnin:
1269 323 1406 366 vrrs
1449 321 1526 364 nr
1570 322 1961 368 rnupomeus,
2586 307 2702 365 375

173 451 460 522 paullatim
505 451 738 510 invaluit
781 469 837 510 et
883 469 1050 526 quam
1106 455 1278 511 Isaias
1333 453 1811 512 vehementissime
1853 455 2198 528 impugnavit
2250 453 2388 521 (huc
2428 454 2703 526 pertinent

172 545 240 596 Is.
277 545 472 607 2.-5.).
501 542 694 613 Neque
731 542 894 615 longe
917 541 1096 600 abfuit
1123 557 1328 614 poena3
1357 557 1490 600 nam
1521 561 1547 595 ‹
1578 543 1635 598 in
1658 541 1854 598 diebus
1882 543 1991 598 illis
2017 543 2199 615 coepit
2225 543 2376 598 Deus
2401 543 2621 598 mittere
2647 541 2703 597 in

171 627 368 686 Iudam
401 629 576 686 Rasin
610 645 798 702 regem
825 630 1017 702 Syriae
1045 639 1102 687 et
1137 630 1352 688 Phacee
1389 630 1567 687 fllium
1593 630 1881 687 Romeliae
1916 651 1942 682 n
1985 630 2039 704 (4
2066 635 2199 704 Req.
2240 629 2451 704 15‚37);
2484 628 2706 685 advenit

169 724 360 772 autem
386 731 562 788 poena
587 725 838 788 tempore
866 717 1074 776 Achaz
1098 723 1242 786 (741.
1257 719 1453 789 -725.).
1486 718 1596 789 Qui
1620 718 1977 790 impiissimus
1998 734 2096 774 rex
2123 719 2305 791 ipsum
2324 719 2537 776 cultum
2556 719 2699 774 Baa-

171 804 262 860 lim
289 819 470 876 regno
499 803 636 860 Iuda
674 805 884 862 invexit
925 808 1187 880 omnique
1227 806 1397 863 modo
1433 805 1803 862 idololatriam
1842 807 2135 878 promovit.
2169 806 2517 878 Quapropter
2551 808 2702 862 Deus

171 908 296 948 eum
323 893 384 948 in
413 908 610 948 manus
638 909 832 966 regum
860 895 1046 967 Syriae
1073 903 1128 950 et
1162 895 1331 950 Israel
1354 881 1614 962 tradidit,
1648 895 1743 966 qui
1770 909 2003 968 regnum
2030 893 2350 950 invadentes
2386 896 2561 966 ipsam
2596 894 2698 948 do-

172 995 322 1036 mum
357 979 669 1037 davidicam
703 980 988 1038 destruere
1021 991 1076 1037 et
1107 1001 1133 1032 cz
1163 981 1342 1039 fllium
1363 982 1569 1038 Tabael
1596 1005 1621 1033 ι)
1654 983 1895 1054 aliquem
1923 983 1982 1038 in
2002 982 2311 1042 ,Ierusalem
2343 997 2529 1050 regem
2565 997 2700 1036 con-

169 1068 394 1125 stituere
423 1069 719 1125 voluerunt
747 1073 842 1138 (Is.
873 1077 907 1126 7
915 1075 1009 1138 ,6).
1035 1071 1262 1126 Frustra
1289 1071 1346 1126 in
1375 1071 1482 1127 hoc
1510 1079 1757 1126 extremo
1782 1071 2027 1142 periculo
2050 1071 2203 1126 Deus
2233 1085 2331 1142 per
2360 1071 2561 1126 Isaiam
2588 1069 2701 1140 regi

170 1157 434 1212 auxilium
480 1173 642 1214 suum
688 1158 916 1228 obtulit3
965 1173 1096 1214 nam
1145 1157 1336 1214 abnuit
1380 1159 1583 1231 impius
1630 1175 1725 1214 rex
1767 1167 1821 1214 et
1868 1159 2224 1230 Assyriorum
2268 1175 2435 1230 quam
2479 1156 2701 1213 Domini

167 1244 437 1302 auxilium
469 1246 768 1317 implorare
803 1244 1016 1304 maluit.
1059 1247 1320 1303 Precibus
1357 1248 1472 1302 eius
1511 1247 1783 1319 acquievit
1818 1246 2169 1318 Assyriorum
2198 1263 2293 1303 rex
2330 1244 2700 1319 Tbeglatpha-

169 1335 332 1400 lasar‚
364 1333 462 1405 qui
487 1334 700 1390 Phacee
724 1333 950 1407 quidem
977 1343 1032 1390 et
1059 1337 1232 1391 Rasin
1258 1335 1484 1404 devicit,
1512 1343 1570 1390 at
1594 1334 1658 1391 iis
1682 1333 1910 1390 devictis
1937 1350 2091 1390 arma
2116 1343 2308 1390 contra
2332 1334 2520 1391 Acbaz
2543 1331 2703 1389 vertit

167 1437 410 1494 eumque
442 1442 470 1473 α
499 1422 696 1479 afflixit
732 1423 996 1495 nulloque
1033 1425 1321 1480 resistente
1350 1423 1580 1482 vastavit
1610 1444 1636 1474 u
1679 1428 1733 1490 (2
1762 1427 1907 1478 Par.
1940 1427 2123 1492 28:20)
2160 1431 2324 1494 atque
2352 1422 2701 1480 tributarium

173 1507 303 1566 fecit
329 1509 465 1576 (huc
483 1511 760 1582 pertinent
775 1513 853 1568 Is.
880 1519 934 1568 7.
951 1511 1122 1584 -12.).

237 1599 464 1654 Interea
503 1598 723 1655 Pbacee
764 1599 1054 1655 interfecto
1102 1600 1362 1656 successit
1403 1599 1631 1656 ultimus
1657 1615 1753 1654 rex
1792 1601 1962 1656 Israel
2002 1603 2171 1668 Osee,
2210 1598 2355 1655 filius
2390 1600 2487 1656 Ela
2518 1599 2692 1667 (728.-
2748 1663 2755 1670 ‚

165 1691 346 1757 7200,
379 1685 502 1758 qui,
532 1687 660 1742 licet
695 1687 1202 1758 praedecessoribus
1240 1688 1352 1743 suis
1395 1688 1576 1743 minus
1604 1688 1783 1744 malus
1807 1696 1979 1757 esset,
2010 1689 2165 1761 regni
2208 1687 2486 1744 interitum
2523 1688 2697 1758 impe-

166 1774 284 1830 dire
319 1789 436 1830 non
471 1774 666 1846 potuit.
704 1774 791 1832 Ab
827 1777 1064 1850 Assyriis
1108 1775 1428 1831 tributarius
1477 1773 1654 1830 sactus
1690 1776 1837 1847 apud
1884 1777 2181 1848 Aegyptios
2226 1776 2491 1831 auxilium
2538 1791 2701 1848 quae-

163 1863 320 1932 sivit3
361 1860 462 1917 sed
500 1876 642 1918 nova
685 1862 1032 1934 expeditione
1063 1861 1425 1928 ,salmanasar
1470 1879 1703 1936 regnum
1745 1863 1917 1919 Israel
1956 1863 2216 1932 vastavit3
2252 1863 2496 1920 Samaria
2541 1871 2697 1934 capta

163 1960 278 2016 est,
303 1951 465 2022 regni
489 1950 704 2007 incolae
721 1951 780 2006 in
807 1951 1084 2024 Assyriam
1111 1961 1238 2008 sunt
1266 1953 1624 2018 transportati
1653 1955 1842 2019 (720.).
1872 1951 2105 2008 Felicior
2125 1950 2231 2006 suit
2250 1951 2408 2024 regni
2426 1950 2561 2007 Iuda
2580 1965 2702 2006 con-

165 2038 331 2104 ditio;
373 2036 566 2095 Achaz
601 2039 748 2095 enim
783 2054 1159 2096 successorem
1199 2039 1392 2096 habuit
1425 2038 1579 2110 pium
1606 2039 1780 2094 filium
1813 2055 1976 2094 suum
2004 2039 2319 2095 Ezechiam
2350 2038 2697 2108 (725.-696.)

167 2128 262 2200 qui
285 2141 476 2182 mores
501 2127 689 2198 populi
724 2125 1028 2184 reformare
1056 2135 1223 2200 atque
1261 2142 1490 2184 excusso
1524 2127 1873 2201 Assyriorum
1912 2129 2040 2200 iugo
2068 2143 2239 2200 regno
2268 2143 2367 2182 suo
2392 2127 2697 2182 libertatem

165 2213 446 2269 vindicare
474 2213 709 2282 studuit,
743 2214 840 2271 sed
867 2231 983 2272 non
1013 2215 1176 2285 pleno
1206 2231 1334 2271 cum
1371 2231 1649 2272 successu.
1680 2216 1968 2288 Templum
2004 2215 2229 2287 quidem
2256 2216 2457 2271 iterum
2492 2214 2703 2286 aperuit

166 2317 482 2374 magnaque
504 2318 630 2358 cum
660 2301 1030 2359 sollemnitate
1065 2301 1206 2359 festa
1245 2303 1500 2375 religiosa
1527 2303 1852 2370 celebravit,
1885 2312 1942 2358 at
1972 2303 2121 2358 haud
2150 2303 2311 2374 pauci
2338 2319 2405 2358 ex
2431 2303 2550 2358 eius
2577 2301 2701 2358 sub-

167 2389 300 2446 ditis
323 2389 478 2446 idola
507 2405 604 2446 sua
633 2399 845 2446 secreto
873 2391 1146 2460 colebant,
1169 2391 1346 2448 multo
1368 2393 1555 2463 plures
1575 2391 1646 2449 ob
1669 2392 1813 2462 regis
1840 2392 2097 2448 timorem
2118 2407 2268 2446 mere
2293 2400 2524 2447 externo
2552 2395 2701 2447 cultu

167 2479 474 2534 Dominum
502 2479 923 2549 venerabantur,
967 2487 1134 2552 atque
1167 2494 1456 2551 magnam,
1491 2479 1813 2551 praesertim
1859 2479 2003 2536 inter
2040 2478 2237 2534 divites
2275 2479 2542 2551 regnique
2578 2494 2700 2534 ma-

167 2575 391 2639 gnates,
423 2568 751 2624 remansisse
790 2583 1018 2623 morum
1063 2568 1476 2640 corruptionem
1519 2568 1669 2622 clare
1698 2567 1900 2623 docent
1937 2567 2113 2623 Isaiae
2148 2567 2541 2639 Michaeaeque
2568 2583 2700 2622 con·

165 2655 356 2712 ciones
391 2655 500 2710 isto
526 2661 778 2724 tempore
805 2654 1029 2712 habitae
1061 2656 1149 2727 (ad
1185 2671 1420 2729 regnum
1461 2655 1731 2712 Ezechiae
1760 2655 2037 2727 pertinent
2073 2657 2149 2711 Is.
2193 2663 2242 2710 1.
2276 2663 2333 2710 et
2369 2654 2483 2722 sere
2519 2656 2699 2710 omnia

167 2743 432 2800 vaticinia
457 2747 694 2809 13.-35.‚
720 2743 803 2800 uti
824 2744 1173 2800 narrationes
1197 2748 1470 2814 36.-39.).
1505 2744 1585 2800 lta
1615 2741 1824 2799 factum
1852 2751 1965 2810 est,
1995 2751 2058 2797 ut
2076 2741 2241 2797 etiam
2270 2743 2539 2798 Ezechiae
2566 2751 2701 2798 tem-

169 2847 308 2904 pore
328 2833 484 2887 Deus
513 2830 584 2887 ab
607 2832 762 2887 omni
781 2831 971 2903 populi
1000 2833 1085 2888 sui
1109 2831 1467 2904 castigatione
1485 2847 1601 2886 non
1619 2830 1942 2887 abstineret.
1971 2831 2163 2901 Neque
2184 2831 2331 2885 enim
2355 2831 2704 2901 Assyriorum

168 2922 366 2994 iugum
399 2919 634 2974 abiicere
667 2935 849 2990 neque
875 2935 1068 2976 eorum
1095 2919 1434 2976 invasionem
1469 2927 1719 2974 avertere
1757 2919 1937 2989 potuit
1972 2918 2257 2974 Ezechias.
2290 2917 2375 2974 Ab
2401 2918 2555 2974 initio
2581 2919 2702 2990 qui-

168 3009 302 3066 dem
333 3007 515 3064 Isaiae
549 3007 770 3063 monitis
813 3011 906 3075 (Is.
967 3015 1052 3064 30.
1103 3013 1216 3074 31.)
1265 3007 1575 3080 obsequens
1616 3006 1821 3063 restitit
1860 3006 2237 3078 magnatibuS‚
2280 3005 2371 3079 qui
2406 3005 2703 3080 Aegyptio-

169 3113 300 3153 rum
337 3095 606 3152 auxilium
632 3105 826 3152 contra
852 3097 1108 3169 Assyrios
1133 3096 1434 3168 implorare
1463 3095 1785 3164 voluerant,
1824 3104 1881 3150 at
1906 3111 1960 3151 a.
1999 3100 2085 3150 14.
2116 3096 2273 3167 regni
2300 3095 2381 3150 sui
2420 3111 2549 3151 cum
2575 3111 2705 3166 rege

171 3184 474 3257 Babylonis
498 3181 802 3240 Merodacb
840 3183 1087 3239 Baladan
1115 3183 1342 3256 aliisque
1381 3182 1577 3240 foedus
1616 3191 1809 3240 contra
1849 3183 2135 3254 Assyrium
2174 3183 2443 3255 pepigisse
2470 3182 2701 3239 videtur.

171 3275 362 3342 Quare
401 3272 614 3344 Assyrii
647 3271 750 3328 sub
799 3272 1060 3344 Sargonis
1099 3271 1215 3328 fllio
1247 3281 1304 3326 et
1345 3285 1661 3328 successore
1698 3269 2072 3328 Sennacherib
2112 3285 2313 3344 magna
2361 3269 2707 3344 expeditione

173 3377 290 3417 non
305 3367 528 3416 tantum
545 3359 788 3432 reliquos
805 3360 1036 3432 populos
1057 3358 1366 3416 foederatos
1385 3359 1754 3424 subiecerunt,
1778 3357 1877 3415 sed
1898 3359 2066 3414 etiam
2090 3375 2180 3414 ma
2188 3372 2351 3430 gnam
2369 3365 2551 3414 terrae
2570 3359 2707 3415 Iuda

175 3458 394 3521 partem
415 3455 859 3520 occupaverunt3
892 3455 1058 3519 atque
1091 3449 1204 3520 ipsa
1239 3448 1372 3503 urbs
1417 3448 1720 3503 Ierusalem
1748 3448 1990 3502 maximo
2018 3447 2265 3518 periculo
2294 3455 2415 3502 erat
2442 3449 2704 3518 exposita,

173 3538 270 3594 sed
304 3540 466 3593 Deus
503 3551 600 3605 per
637 3537 837 3592 Isaiam
873 3535 1139 3592 Ezechiae
1173 3536 1440 3592 auxilium
1477 3549 1641 3590 suum
1677 3535 1927 3606 promisit
1968 3549 2186 3606 unaque
2216 3545 2379 3591 nocte
2406 3535 2711 3591 exercitum

177 3625 530 3701 Assyriorum
573 3623 862 3682 destruxit.
907 3623 1190 3697 Fugitivus
1230 3623 1601 3680 Sennacherib
1647 3638 1900 3679 reversus
1945 3632 2029 3679 est
2062 3624 2119 3679 in
2164 3631 2375 3679 terram
2406 3638 2563 3679 suam
2609 3638 2711 3679 nec

175 3715 418 3787 amplius
452 3727 610 3770 arma
637 3713 799 3768 vertit
827 3719 1020 3768 contra
1048 3711 1371 3778 Ezechiam,
1397 3711 1554 3767 cuius
1576 3711 1757 3767 ultimi
1784 3711 1914 3766 anni
1944 3711 2122 3768 felices
2150 3711 2390 3768 fuerunt.

243 3803 630 3858 Successorem
659 3798 850 3856 habuit
871 3804 1192 3856 Manassen
1214 3799 1580 3869 (696.-o⁴1.),
1615 3800 1707 3871 qui
1729 3799 2101 3855 idololatriam
2126 3815 2159 3854 a
2188 3808 2346 3871 patre
2376 3801 2494 3854 eius
2524 3799 2707 3854 conti-

179 3907 287 3946 nuo
329 3889 716 3960 impugnatam
757 3888 1129 3956 resuscitavit,
1170 3887 1268 3943 sed
1313 3889 1430 3943 eius
1473 3886 1765 3943 historiam
1805 3888 2296 3959 praetermittimus
2338 3887 2597 3960 quoniam
2636 3885 2707 3940 ad

183 3979 356 4034 Isaiae
397 3976 654 4032 vaticinia
702 3975 1059 4048 intelligenda
1102 3975 1306 4032 directe
1343 3991 1458 4031 non
1503 3974 1682 4043 iuvat,
1728 3975 1859 4032 licet
1899 3975 2184 4047 probabile
2230 3977 2328 4043 sit,
2382 3973 2712 4046 prophetam

181 4066 374 4137 primis
399 4063 556 4136 impii
576 4062 723 4120 illius
748 4065 894 4136 regis
921 4063 1078 4119 annis
1108 4063 1248 4120 libro
1271 4079 1372 4119 suo
1397 4063 1654 4119 ultimam
1675 4079 1903 4118 manum
1931 4062 2275 4134 imposuisse.

515 4253 638 4335 §5.
679 4286 770 4300 —
799 4253 896 4316 De
921 4247 1079 4316 libri
1104 4249 1322 4316 Isaiae
1355 4261 1748 4338 arqumento
1766 4300 1781 4330 ,
1818 4247 2078 4328 ordine,
2113 4246 2333 4313 indole

266 4447 320 4504 1.
353 4477 433 4487 —
459 4443 668 4504 Multis
707 4443 1116 4503 concionibus
1163 4445 1228 4502 et
1267 4442 1587 4502 vaticiniis
1630 4441 2083 4518 quinquaginta
2118 4438 2365 4499 circiter
2405 4455 2711 4499 annorum

188 4542 386 4618 spatio
426 4539 684 4619 prolatis
718 4543 827 4600 aut
855 4539 1104 4618 scriptis
1135 4539 1369 4600 librum
1403 4539 1597 4599 Isaiae
1636 4541 1947 4607 constare,
1980 4535 2205 4597 titulus
2252 4536 2494 4613 integro
2538 4537 2713 4613 operi

190 4639 495 4713 praefixus
553 4633 702 4716 (M)
765 4638 828 4698 et
887 4636 1331 4697 nonnullarum
1382 4635 1826 4712 pericoparum
1880 4631 2322 4711 inscriptiones
2370 4631 2529 4710 (213
2575 4635 2708 4705 6‚1;
