3050 5184
667 265 749 312 nn
790 267 943 313 unm
983 269 1207 314 ssi-usn
1248 270 1668 316 Auci-omnm
1709 271 1783 316 nr
1824 268 2099 314 omerus.
2533 254 2647 312 287

137 409 283 452 causa
329 396 773 455 manifestentur.
816 403 991 456 Porro
1037 408 1164 472 1:2‚6
1190 416 1318 458 cum
1358 407 1467 466 3,4.
1497 407 1532 458 5
1557 418 1674 458 non
1719 416 1993 474 pugnare,
2039 399 2509 457 demonstratione
2537 415 2650 454 non

134 481 357 554 indiget3
382 483 529 540 inter
558 491 684 554 13,6
712 495 766 544 et
794 489 937 544 inter
970 494 1097 554 &13
1122 497 1177 544 et
1202 495 1288 558 9,1
1324 488 1636 545 differentia
1664 489 1889 562 quidem
1915 487 2072 544 adest
2099 488 2336 556 numeri,
2361 486 2458 542 sed
2489 486 2650 543 libra-

134 569 215 624 riis
238 569 488 640 debetur,
516 573 612 644 qui
644 575 809 630 etiam
835 575 1059 638 nomina
1086 577 1357 634 nonnulla
1383 577 1606 649 propria
1639 585 2026 648 corruperunt.
2052 607 2124 617 —
2149 577 2260 632 Cur
2295 590 2426 630 vcro
2465 573 2652 631 Iudaei

134 655 395 730 integrum
422 659 625 716 librum
653 677 766 718 non
789 662 1135 734 retinuerint,
1159 664 1343 737 aptior
1362 664 1530 732 ratio,
1556 679 1723 735 quam
1742 663 1872 720 festi
1899 663 2088 720 Purim
2117 661 2473 734 degeneratio
2490 703 2505 730 ,
2531 659 2654 717 dari

132 761 230 800 non
248 743 485 804 videtur.
496 749 776 816 Quamdiu
795 749 944 807 enim
960 749 1099 808 illud
1118 751 1305 807 debito
1320 751 1489 808 modo
1507 750 1880 821 celebrabant,
1903 751 2182 823 integrum
2195 749 2400 806 librum
2419 750 2478 805 in
2497 763 2654 822 syna·

132 833 271 904 gegis
290 836 589 905 quotannis
604 836 711 894 ista
732 835 823 894 die
844 838 1270 912 praelegebant3
1294 854 1466 910 quum
1484 853 1616 896 vero
1644 838 1705 895 in
1722 838 1872 895 diem
1890 835 2145 894 lasciviae
2169 835 2506 910 degenerare
2531 851 2655 892 coe·

133 921 285 988 pisset
303 929 471 994 atque
498 937 621 979 mos
635 925 972 994 invaluisset,
999 934 1062 981 ut
1080 926 1137 982 in
1154 926 1272 998 ipsa
1291 928 1612 999 synagogali
1641 925 1765 982 iibri
1785 925 2026 982 lectione
2049 925 2272 982 nomina
2303 923 2656 980 Mardochaei

132 1015 179 1061 et
194 1009 421 1065 Amanis
438 1011 730 1068 inconditis
746 1011 1145 1070 benedictionis
1172 1022 1272 1069 aut
1288 1013 1694 1071 maledictionis
1716 1013 2052 1070 clamoribus
2078 1013 2471 1078 salutarentur,
2493 1027 2655 1082 syne-

129 1093 299 1152 drium
324 1097 557 1164 timens,
583 1116 655 1155 nc
680 1115 891 1156 nomen
918 1102 1021 1157 Dei
1051 1101 1500 1171 inhonoraretur,
1531 1100 1657 1157 libri
1683 1101 2104 1172 compendium,
2133 1099 2280 1172 quod
2310 1100 2655 1173 praelegere-

131 1191 227 1250 tur,
251 1183 475 1241 videtur
491 1185 817 1259 adornasse,
841 1187 1176 1255 hodiernum
1201 1205 1277 1245 sc.
1306 1197 1520 1246 textum
1546 1189 1890 1256 hebraicum,
1912 1198 2187 1260 expuncto
2209 1189 2432 1244 nomine
2450 1186 2654 1253 divino,

130 1271 309 1326 excisis
345 1273 597 1344 partibus
623 1290 775 1332 mere
810 1276 1081 1350 religiosis
1106 1275 1382 1348 (precibus
1409 1275 1772 1334 mardochaei
1799 1284 1856 1332 et
1881 1277 2145 1346 Estheris)
2171 1275 2389 1348 illisque
2419 1290 2558 1346 quae
2587 1273 2656 1328 ad

132 1357 409 1416 historiam
444 1361 622 1432 ipsam
658 1379 769 1419 non
808 1363 1158 1435 pertinebant
1195 1366 1431 1432 (somnio
1459 1362 1819 1422 Mardochaei
1852 1364 2081 1437 eiusque
2103 1363 2509 1435 explicatione),
2540 1360 2660 1416 aliis

130 1443 343 1504 demum
358 1490 372 1516 ,
406 1463 548 1520 quae
574 1449 828 1517 longiora
858 1450 1188 1508 videbantur
1224 1451 1465 1523 (duobus
1502 1451 1740 1510 decretis
1770 1450 1996 1508 Assueri
2011 1495 2025 1520 ‚
2054 1450 2422 1522 descriptione
2453 1451 2658 1522 ingres-

130 1549 208 1589 sus
236 1535 487 1592 Estheris
514 1535 587 1593 ad
613 1541 821 1612 regem)
848 1539 905 1594 in
938 1540 1217 1611 epitomen
1246 1539 1470 1596 coactis,
1495 1571 1568 1581 -
1601 1541 1746 1596 Hine
1775 1537 1979 1596 iactum
2007 1537 2246 1608 videtur,
2275 1545 2337 1594 ut
2372 1546 2560 1609 postea
2588 1535 2658 1592 de

130 1620 281 1678 buius
322 1623 635 1696 compendii
681 1626 1047 1683 canonicitate
1089 1626 1234 1684 inter
1282 1626 1518 1684 ludaeos
1563 1627 1938 1696 dubitaretur,
1971 1643 2116 1683 saec.
2159 1631 2212 1683 2.
2263 1641 2318 1696 p.
2347 1626 2480 1682 Chr.
2513 1623 2659 1679 enim

130 1709 261 1766 inter
289 1726 387 1768 eos
416 1713 853 1770 controversiam
880 1713 1149 1771 exstitisse
1177 1714 1248 1771 de
1270 1715 1311 1771 l.
1343 1714 1548 1771 Esther
1572 1712 1754 1770 divina
1783 1715 2165 1786 inspiratione,
2191 1714 2382 1769 multis
2416 1713 2658 1768 testimo·

130 1797 223 1852 niis
249 1798 613 1855 thalmudicis
635 1809 881 1870 constat3
914 1810 972 1858 at
996 1801 1095 1858 illa
1138 1803 1392 1875 quaestio
1421 1819 1554 1858 mox
1582 1811 1666 1859 est
1706 1802 1934 1859 delinita
1962 1811 2128 1874 atque
2171 1799 2240 1857 ab
2287 1801 2383 1856 illo
2411 1808 2658 1870 tempore

132 1885 429 1954 primitivus
456 1895 639 1944 textus
668 1890 886 1962 longior
914 1890 1302 1963 negligebatur
1328 1890 1573 1963 solisque
1599 1891 1884 1947 nonnullis
1909 1887 2336 1960 paraphrasibus
2361 1887 2660 1944 chaldaicis

132 1981 306 2040 partes
336 1975 577 2032 omissae
595 1992 627 2032 a
646 1975 867 2033 Iudaeis
893 1977 1385 2036 conservabantur.

196 2127 257 2182 5.
284 2157 365 2168 -—
392 2125 671 2185 Ecclesia
696 2127 1001 2204 primitivi
1032 2127 1177 2187 libri
1210 2128 1437 2206 integri
1466 2127 1822 2188 versionem
1854 2145 2139 2205 graecam
2180 2127 2326 2188 inde
2365 2145 2402 2186 a
2437 2127 2659 2207 primis

132 2219 267 2279 fidei
299 2221 694 2299 temporibus
731 2223 896 2284 inter
924 2241 1134 2284 sacras
1174 2243 1315 2285 suas
1352 2224 1703 2304 Scripturas
1741 2223 1964 2284 habuit
1997 2228 2060 2284 et
2095 2227 2419 2302 tamquam
2457 2223 2660 2284 fidelis

134 2315 395 2396 integrae
421 2319 825 2380 revelationis
862 2325 1079 2381 custos
1112 2317 1428 2400 integrum
1466 2321 1700 2382 librum
1728 2321 1908 2382 velut
1942 2320 2244 2382 divinitus
2282 2321 2662 2400 inspiratum

132 2413 528 2474 conservavit.

194 2526 248 2582 S.
274 2527 539 2584 Clemens
562 2533 725 2585 Rom.
748 2540 985 2587 exeunte
1003 2547 1149 2587 saec.
1182 2537 1228 2587 1.
1258 2531 1383 2587 illas
1404 2531 1537 2588 libri
1557 2540 1741 2602 partes
1755 2574 1769 2601 ,
1793 2548 1936 2604 quae
1957 2532 2132 2588 textui
2153 2529 2413 2587 hebraico
2439 2530 2656 2598 desunt,

134 2613 275 2668 velut
315 2614 533 2672 divinas
578 2617 891 2689 Scripturas
936 2618 1191 2675 adhibuit
1219 2623 1270 2686 (1
1304 2620 1433 2676 Cor.
1466 2623 1588 2687 55);
1615 2627 1854 2675 exeunte
1893 2635 2041 2676 saec.
2085 2625 2143 2676 2.
2171 2617 2398 2674 easdem
2439 2618 2665 2675 adhibet

136 2701 387 2758 Clemens
414 2703 593 2760 Alex.
626 2707 852 2770 (strom.
886 2707 983 2762 IV.
1016 2707 1105 2778 19)
1136 2715 1193 2764 et
1222 2707 1450 2762 ineunte
1476 2721 1624 2763 saec.
1657 2712 1710 2762 3.
1747 2707 2024 2778 Oriqenes
2062 2722 2128 2762 ex
2157 2709 2352 2762 earum
2377 2705 2661 2761 canonici-

136 2796 267 2858 tate,
292 2791 443 2847 velut
464 2807 497 2846 e
516 2807 579 2848 re
604 2791 675 2848 ab
702 2793 962 2850 omnibus
990 2809 1271 2862 concessa,
1294 2802 1491 2850 contra
1519 2795 1723 2851 Iulium
1752 2794 1926 2850 Afric.
1959 2791 2384 2862 demonstravit,
2411 2808 2443 2848 a
2465 2807 2662 2848 recen-

136 2875 327 2933 tiorum
360 2877 701 2936 ludaeorum
738 2896 951 2937 canone
988 2880 1062 2936 ad
1094 2896 1363 2938 canonem
1401 2881 1850 2938 Christianorum
1885 2897 2000 2937 non
2028 2880 2212 2936 valere
2237 2880 2542 2936 illationem
2571 2878 2664 2946 (ad

138 2963 233 3020 lul.
262 2964 432 3022 Afric.
461 2971 536 3033 3).
572 2968 781 3023 Verum
808 2968 1037 3040 quidem
1064 2978 1179 3038 ost,
1202 2972 1261 3025 S.
1296 2971 1648 3041 Greqorium
1675 2971 1818 3024 Naz.
1850 2968 2059 3024 librum
2083 2975 2338 3024 nostrum
2359 2969 2416 3023 iu
2443 2983 2545 3023 suo
2575 2983 2662 3024 ca·

138 3066 271 3107 none
296 3055 755 3124 praetermittere,
783 3056 840 3112 S.
875 3056 1361 3127 Amphilochium
1392 3072 1519 3112 eum
1559 3071 1674 3112 non
1711 3056 1781 3112 ab
1817 3055 2076 3113 omnibus
2103 3055 2408 3112 admissum
2444 3054 2630 3112 dicere
2645 3095 2661 3124 ,

135 3140 186 3193 S.
208 3142 635 3212 Hieronymum
656 3141 1035 3200 additamenta
1057 3144 1205 3200 velut
1223 3145 1407 3216 spuria
1427 3144 1685 3213 reficere,
1712 3153 1772 3200 at
1793 3143 1965 3199 trium
1985 3144 2185 3199 horum
2203 3143 2450 3208 testium,
2473 3159 2663 3214 quam-

140 3225 209 3280 vis
246 3242 441 3302 magna
485 3239 762 3286 statuatur
800 3247 996 3287 eorum
1040 3231 1371 3302 auctoritas,
1407 3231 1690 3287 dissensus
1725 3231 1883 3288 nulla
1913 3232 2128 3288 ratione
2164 3231 2404 3286 aliorum
2439 3233 2664 3288 Patrum

140 3315 505 3372 testimonium
537 3317 807 3388 infirmat,
836 3319 933 3390 qui
965 3319 1215 3375 unanimi
1252 3335 1524 3376 consensu
1561 3320 1838 3391 integrum
1871 3333 2010 3391 opus
2038 3321 2189 3375 velut
2227 3317 2474 3374 divinum
2504 3319 2664 3377 adhi-

138 3399 381 3459 buerunt.
412 3405 599 3473 Quare
646 3405 813 3462 etiam
857 3404 1040 3462 medio
1068 3422 1205 3462 aevo
1252 3423 1445 3462 omnes
1490 3407 1848 3480 interpretes,
1898 3407 2242 3477 paucissimis
2287 3408 2530 3480 exceptis
2572 3409 2663 3480 qni

140 3489 191 3542 S.
215 3491 611 3564 Hieronymum
650 3495 808 3565 sequi
846 3494 1194 3564 maluerunt,
1221 3493 1293 3550 de
1331 3494 1700 3551 canonicitate
1737 3496 1855 3551 eius
1891 3511 2006 3551 non
2041 3495 2462 3564 dubitaverunt,
2499 3513 2666 3568 quam

140 3576 301 3633 Cone.
324 3580 571 3636 Florent.
602 3589 660 3637 et
680 3580 931 3638 Trideut.
962 3579 1359 3638 definiverunt.
1384 3582 1696 3638 Lutherum
1723 3591 1911 3640 autem
1935 3583 2106 3639 secuti
2135 3581 2390 3640 moderni
2419 3586 2665 3641 rationa-

146 3661 289 3722 {istae
314 3665 447 3724 illud
485 3669 651 3740 plane
680 3669 963 3737 reiiciunt,
990 3671 1253 3742 quoniam
1285 3687 1309 3722 «t
1342 3669 1574 3726 caedem
1597 3661 1769 3742 spiret
1796 3679 1854 3726 ct
1879 3671 2206 3743 sanguinem
2223 3713 2238 3740 ,
2268 3671 2585 3742 superbiam
2613 3682 2667 3727 et

146 3749 349 3822 odium,
384 3755 527 3812 nihil
568 3755 746 3812 divini
789 3757 1102 3826 contineat,
1134 3773 1307 3830 quum
1350 3773 1425 3814 ne
1463 3756 1639 3814 semel
1679 3757 1904 3830 quidem
1941 3761 2122 3815 Deum
2161 3759 2410 3820 nominet
2433 3780 2480 3814 n.
2511 3762 2666 3830 Quae

148 3839 403 3898 immerito
426 3852 482 3900 et
508 3843 863 3902 iniustissime
884 3845 1071 3916 obiici,
1099 3845 1425 3918 praesertim
1448 3847 1495 3902 si
1522 3845 1662 3902 liber
1683 3861 1812 3902 cum
1839 3843 2238 3904 additamentis
2265 3847 2662 3915 consideretur,

146 3939 301 3998 supra
326 3929 431 3988 iam
455 3931 717 3989 diximus.
