3050 5184
544 307 616 350 ηε
658 305 981 350 sris-roms
1024 305 1102 350 An
1145 305 1445 350 nsnnfflos
1488 305 1692 348 rmms
1731 303 2088 349 Lacromacs
2131 306 2264 350 mc.
2555 288 2672 346 573

150 442 341 502 noster,
384 436 632 492 coetibus
674 439 845 494 saeris
886 436 1221 494 Iudaeorum
1264 437 1321 493 in
1358 437 1567 507 templo
1605 451 1823 507 semper
1859 435 2234 492 interfuerunt
2276 439 2424 506 (Act.
2462 440 2666 502 21‚20).

210 523 605 580 modernorum
637 525 1003 594 interpretum
1036 525 1563 594 protestanticorum
1586 534 1643 579 et
1671 543 1694 576 ε
1723 524 2040 580 criticorum
2068 545 2118 593 υ,
2147 525 2242 595 qui
2271 532 2370 580 aut
2399 523 2670 588 romanis,

149 620 235 665 aut
250 611 644 680 alexandriniS‚
666 620 763 668 aut
788 612 1095 678 corinthiiS‚
1122 621 1219 668 aut
1238 613 1495 684 ephesiis,
1520 621 1620 668 aut
1645 611 1966 682 hispanicis,
1990 621 2086 666 aut
2109 612 2354 683 galaticis
2382 619 2488 666 etc.
2511 610 2672 666 Chri-

148 699 327 752 stianis
363 699 617 757 libellum
661 699 1000 756 destinatum
1027 699 1246 768 dicunt,
1280 699 1616 756 refutatione
1653 716 1766 754 non
1807 698 2086 771 indigent,
2122 716 2296 771 quum
2318 715 2432 754 non
2453 707 2671 755 tantum

148 787 285 841 omni
313 785 677 844 fundamento
702 788 964 844 historico
992 796 1235 856 careant,
1268 787 1364 842 sed
1391 789 1559 842 etiam
1587 786 1704 858 ipso
1729 786 1920 843 libello
1947 787 2351 844 contradicant.

216 937 272 994 6.
301 969 382 980 —-
406 937 518 998 111.
548 937 675 1007 Quo
706 954 979 999 'taurona
1002 955 1079 998 m·
1107 953 1250 1000 Loco
1296 937 1566 1014 epistola
1611 937 1694 997 sit
1729 937 1992 1015 scripta,
2026 937 2163 1016 ipsa
2199 937 2365 998 haud
2407 937 2672 996 obscure

148 1032 377 1104 innuit;
414 1037 678 1094 exeunte
709 1035 879 1094 enim
909 1052 965 1095 a.
998 1036 1097 1094 63.
1124 1035 1221 1095 vel
1252 1035 1514 1094 ineunte
1539 1050 1596 1092 a.
1627 1036 1726 1093 64.
1759 1051 1796 1092 a
1822 1033 2015 1094 Paulo
2040 1036 2274 1094 Romae
2306 1034 2372 1092 in
2403 1032 2672 1092 vinculis

148 1126 437 1204 degente,
472 1129 584 1189 sed
610 1131 959 1208 proximam
988 1131 1433 1190 liberationem
1466 1133 1760 1206 sperante
1791 1130 2022 1207 scripta
2049 1129 2503 1191 rectedicitur.

208 1235 269 1286 ln
316 1237 573 1306 tempore
615 1232 927 1289 definiendo
974 1249 1165 1289 omnes
1216 1232 1329 1288 sere
1382 1232 1636 1289 moderni
1681 1233 2007 1303 interpretes
2057 1233 2426 1288 consentiunt.
2476 1233 2674 1289 Omnia

149 1320 311 1388 enim,
345 1336 493 1392 quae
523 1319 591 1377 de
632 1320 786 1376 cultu
828 1319 1047 1376 iudaico
1085 1321 1365 1387 dicuntur,
1404 1319 1676 1391 templum
1719 1319 1972 1376 nondum
2009 1335 2128 1376 esse
2157 1318 2502 1376 destructum
2541 1335 2672 1390 sup-

150 1415 379 1475 ponunt;
412 1406 544 1464 belli
566 1416 754 1464 autem
781 1408 982 1464 iudaici
1001 1454 1014 1478 ‚
1048 1407 1197 1480 quod
1225 1424 1276 1464 a.
1304 1415 1393 1463 67.
1423 1407 1786 1464 exardescens
1812 1407 1968 1464 urbis
1999 1415 2056 1463 et
2079 1407 2275 1478 templi
2301 1407 2674 1463 destructione

150 1494 501 1551 terminatum
521 1503 635 1562 est,
656 1495 809 1552 nulla
830 1497 893 1551 iit
914 1498 1150 1562 mentio;
1176 1505 1303 1552 ante
1332 1511 1380 1551 a.
1410 1495 1674 1568 67.igitur
1689 1495 1981 1567 epistolam
2003 1495 2266 1568 scriptam
2293 1511 2411 1552 esse
2433 1503 2670 1556 constat.

208 1584 403 1653 Neque
445 1583 631 1638 minus
667 1591 881 1640 certum
925 1592 1039 1652 est,
1085 1598 1207 1638 eam
1237 1588 1456 1640 Romae
1484 1597 1604 1640 esse
1641 1591 1952 1651 exaratam3
1995 1583 2053 1640 id
2092 1584 2242 1640 enim
2279 1582 2482 1639 docent
2507 1582 2672 1638 verba

152 1689 173 1717 ε
201 1671 444 1726 salutant
483 1686 581 1726 vos
618 1669 689 1726 de
730 1671 887 1728 ltalia
928 1671 1131 1728 fratres
1160 1691 1187 1722 a>
1221 1675 1457 1740 (1334),
1498 1671 2034 1743 quibus-Apostolus
2066 1691 2092 1722 ιι
2129 1671 2472 1742 apertissime
2517 1669 2677 1726 nobis

150 1757 345 1824 innuit,
374 1757 529 1830 quod
558 1761 771 1814 Romae
800 1759 945 1814 hanc
986 1759 1279 1830 epistolam
1306 1760 1612 1830 scripserit,
1645 1774 1787 1830 quae
1814 1760 1870 1814 in
1899 1758 2126 1830 regione
2164 1759 2360 1814 ltaliae
2385 1758 2490 1814 sita
2531 1766 2617 1813 est
2647 1777 2671 1810 »ι

152 1845 415 1900 :Pr-imas.
448 1845 508 1900 in
536 1845 709 1902 Hebr.
746 1853 933 1914 13‚24;
959 1847 1041 1902 cfr
1074 1846 1417 1902 Theodorec.
1457 1847 1497 1901 i.
1529 1863 1582 1902 e.
1610 1847 1676 1915 l.‚
1705 1847 1764 1900 S.
1801 1845 2004 1916 Chrys.
2038 1845 2110 1902 ad
2134 1848 2302 1902 Rom.
2343 1849 2534 1917 Arg.);
2565 1845 2670 1900 sci-

152 1930 267 1987 licet
290 1932 497 1988 eodem
524 1933 724 2005 modo,
750 1950 861 2006 quo
888 1934 1093 2006 Ephesi
1130 1933 1431 1990 Corinthiis
1454 1933 1703 1990 scribens
1739 1934 2100 1989 salutationes
2128 1933 2486 1990 ecclesiarum
2513 1933 2676 1988 Asiae

152 2021 440 2076 transmisit
482 2023 528 2089 (1
568 2024 701 2078 Cor.
752 2026 961 2090 16,19)‚
989 2023 1067 2077 ita
1104 2024 1319 2078 Romae
1347 2021 1826 2094 lerosolymitanis
1865 2020 2111 2076 scribens
2137 2023 2398 2080 omnium
2441 2020 2676 2075 fratriun

156 2108 327 2163 ltaliae
354 2109 718 2166 salutationes
741 2107 975 2165 addidit.
1002 2111 1245 2165 Demum
1274 2125 1397 2166 eam
1424 2125 1455 2164 a
1483 2108 1656 2164 Paulo
1686 2109 1904 2179 captivo
1929 2123 2049 2163 esse
2073 2108 2356 2180 scriptam,
2383 2108 2534 2163 velut
2561 2122 2676 2163 cer-

154 2203 255 2248 tum
281 2195 529 2252 traditur
550 2213 581 2251 a
604 2198 663 2251 S.
701 2196 1112 2267 Cltrysostomo
1140 2199 1201 2265 (l.
1232 2197 1303 2268 c.)
1336 2205 1391 2252 et
1424 2196 1776 2253 Theodoreto
1809 2197 1884 2267 (in
1914 2213 2040 2268 epp.
2079 2197 2235 2252 Paul.
2277 2195 2512 2266 Praei.);
2545 2197 2674 2249 Pri—

154 2285 355 2338 masius
382 2293 575 2339 autem
602 2283 750 2340 idem
775 2300 808 2340 a
836 2283 1155 2340 doctoribus
1185 2285 1335 2340 velut
1362 2283 1646 2354 probabile
1671 2282 1821 2340 tradi
1841 2281 2032 2339 refert.
2055 2286 2271 2338 Revera
2290 2282 2352 2339 id
2374 2283 2524 2338 velut
2551 2299 2673 2338 cer—

156 2379 256 2424 tum
282 2371 691 2427 admittendum
722 2381 829 2441 est,
868 2372 915 2426 si
944 2373 1333 2443 plerorumque
1360 2371 1618 2428 codicum
1657 2381 1716 2428 et
1740 2374 1968 2427 Patrum
2009 2371 2170 2427 lectio
2205 2391 2230 2421 α
2265 2369 2496 2426 vinculis
2537 2370 2674 2425 meis

153 2461 407 2528 compassi
440 2461 569 2515 estis
598 2479 621 2511 »
656 2463 859 2529 (10‚34)
890 2469 975 2515 est
1004 2460 1259 2531 genuina.
1292 2461 1616 2515 Consentire
1647 2469 1832 2515 autem
1859 2458 2078 2515 videtur
2104 2457 2246 2515 alter
2275 2461 2445 2527 locus,
2478 2457 2536 2513 in
2565 2473 2674 2529 quo

157 2548 441 2613 Apostolus
462 2547 653 2603 fideles
691 2547 993 2603 ferventius
1020 2563 1120 2618 pro
1147 2563 1206 2603 se
1232 2549 1446 2617 precari
1471 2547 1653 2615 iubet,
1681 2563 1790 2618 quo
1825 2567 1852 2598 «ι
1891 2546 2126 2602 celerius
2154 2546 2261 2602 illis
2289 2547 2613 2602 restituatur
2645 2565 2668 2595 n

158 2635 365 2700 ζ13,19);
398 2649 546 2706 quae
574 2635 739 2690 verba
766 2635 1029 2704 innuunt,
1062 2651 1193 2690 eum
1221 2634 1493 2692 violenter
1518 2644 1576 2692 et
1603 2633 1786 2690 subito
1815 2649 1882 2690 ex
1907 2634 2134 2690 illorum
2157 2634 2340 2689 medio
2365 2649 2484 2689 esse
2511 2633 2673 2690 abre-

155 2727 289 2786 ptum
312 2719 637 2793 nequedum
664 2737 903 2778 cessasse
930 2723 1087 2778 illam
1112 2721 1453 2790 violentiam,
1483 2738 1593 2794 qua
1621 2722 1690 2779 ab
1719 2722 1828 2778 illis
1852 2722 2141 2778 retinetur.
2173 2720 2335 2791 Quod
2361 2731 2548 2776 autem
2572 2720 2673 2774 im-

156 2807 372 2865 mediate
401 2818 591 2880 postea
621 2825 679 2866 se
696 2826 823 2866 cum
847 2809 1139 2865 Timotheo
1168 2809 1240 2866 ad
1266 2823 1361 2866 eos
1384 2818 1684 2866 venturum
1711 2809 2007 2882 promittit,
2034 2807 2092 2864 id
2113 2808 2372 2864 instantis
2393 2808 2502 2864 iam
2533 2807 2671 2863 libe-

154 2896 361 2953 rationis
390 2896 657 2953 fiduciam
684 2899 961 2968 exprimit.

220 3049 271 3102 Ἰ.
302 3079 385 3090 —-
416 3046 514 3106 lv.
542 3049 632 3106 De
674 3063 817 3106 rins
860 3063 936 3106 nr
973 3061 1291 3108 occasions
1334 3062 1563 3108 meatu
1608 3048 1822 3108 Patres
1857 3047 2018 3106 nihil
2053 3047 2206 3108 certi
2249 3045 2667 3106 tradiderunt.

154 3141 353 3202 Finem
404 3147 619 3202 autem
658 3159 839 3203 suum
872 3143 1077 3203 innuit
1119 3144 1460 3220 Apostolus
1500 3144 1873 3221 scripturam
1911 3143 2072 3204 hanc
2120 3160 2350 3204 vocans
2387 3141 2540 3219 λόγον
2579 3147 2672 3214 τῆς

154 3238 519 3312 παρακλήσεως
564 3237 852 3317 (13,22);·
877 3257 1001 3316 qua
1040 3240 1467 3301 consolatione
1511 3244 1575 3300 et
1615 3240 2044 3301 exhortatione
2093 3239 2459 3318 indigebant
2505 3238 2676 3299 Chri-

154 3334 347 3407 stiani,
384 3351 581 3412 quum
611 3336 782 3395 brevi
806 3339 953 3413 post
978 3337 1347 3413 martyrium
1376 3335 1437 3397 S.
1472 3336 1679 3397 Iacobi
1711 3337 1883 3408 Min„
1918 3337 2027 3414 qui
2054 3353 2311 3423 magna,
2349 3352 2475 3412 qua
2510 3336 2676 3396 inter

154 3428 523 3492 Christianos
562 3436 625 3492 et
666 3432 925 3493 Iudaeos
957 3431 1263 3510 pollebat,
1296 3433 1664 3494 auctoritate
1704 3434 1945 3511 priores
1986 3433 2260 3494 retinere
2306 3433 2463 3492 alios
2507 3450 2674 3492 com-

154 3541 397 3600 pescere
425 3532 741 3605 potuerat,
770 3528 835 3588 in
866 3527 1144 3606 periculo
1172 3534 1590 3603 versarentur,
1613 3547 1692 3589 ne
1717 3547 1755 3590 a
1783 3529 2027 3590 Christo
2050 3529 2410 3591 deficientes
2437 3529 2514 3589 ad
2541 3529 2669 3607 pri-

156 3622 373 3686 stinum
414 3641 601 3684 suum
649 3625 887 3685 cultum
923 3630 1393 3686 reverterentur
1433 3626 2070 3703 tribulationibusque
2108 3626 2395 3705 oppressi
2428 3625 2672 3686 animos

158 3715 625 3796 desponderent.

212 3823 373 3879 Haud
418 3823 518 3880 diu
566 3831 860 3896 postquam
906 3827 963 3882 S.
1008 3825 1212 3881 Paulus
1252 3827 1505 3898 captivus
1545 3830 1784 3882 Romam
1831 3825 2082 3896 advenit,
2122 3829 2179 3884 S.
2231 3826 2464 3884 lacobus
2509 3827 2668 3894 Min„

144 3909 353 3976 'primus
394 3911 875 3984 ierosolymitanae
915 3913 1177 3968 ecclesiae
1222 3914 1542 3985 episcopm,
1588 3913 1715 3970 odio
1764 3914 2098 3971 Iudaeorum
2127 3916 2457 3986 martyrium
2481 3929 2674 3986 passus

155 4005 227 4050 est
267 4014 397 4054 cum
440 3999 565 4054 aliis
610 4000 945 4071 primoribus
988 3999 1313 4057 Christianis
1368 4001 1477 4068 (Fl.
1524 4005 1638 4057 Ios.
1691 4003 1920 4074 Antiqu.
1990 4016 2098 4059 xx.
2143 4008 2228 4070 9);
2275 4002 2427 4059 brevi
2487 4009 2670 4058 autem

160 4093 267 4149 post
292 4085 411 4141 eius
432 4094 672 4142 mortem
696 4087 756 4143 in
783 4103 986 4160 magno
1016 4088 1259 4158 periculo
1284 4088 1648 4148 versabantur
1675 4089 1977 4146 Christiani
2003 4089 2448 4162 palaestinenses.
2479 4092 2673 4161 Neque

158 4171 289 4228 enim
330 4174 609 4230 continuis
648 4173 954 4231 infidelium
978 4183 1196 4231 tantum
1231 4174 1570 4232 ludaeorum
1597 4178 2072 4247 persecutionibus
2101 4187 2262 4234 erant
2285 4178 2550 4246 expositi,
2578 4179 2674 4234 sed

160 4259 309 4318 etiam
327 4277 395 4316 ex
416 4277 609 4317 eorum
629 4261 815 4318 medio
833 4271 1022 4318 exorta
1043 4271 1164 4318 erat
1186 4271 1355 4332 secta,
1379 4279 1521 4334 quae
1547 4263 1672 4319 licet
1696 4267 1880 4320 losum
1899 4280 2018 4321 esse
2035 4266 2294 4322 Messiam
2321 4265 2670 4334 concederet,

166 4345 267 4402 eius
295 4357 486 4405 tamen
520 4347 863 4406 divinitatem
904 4349 1143 4423 negabat
1184 4350 1427 4424 legisque
1455 4351 1730 4408 mosaicae
1775 4353 2162 4408 necessitatem
2208 4354 2459 4426 urgebat.
2511 4353 2671 4424 Quod

166 4431 414 4493 eiusmodi
441 4453 657 4493 errores
678 4437 824 4494 inter
848 4437 1387 4495 Iudaeochristianos
1415 4439 1871 4510 palaestinenseS,
1899 4439 1996 4512 qui
2027 4460 2052 4490 ιι
2079 4455 2272 4496 omnes
2310 4441 2674 4496 aemulatores

168 4517 285 4590 legis
322 4531 480 4580 erant
513 4543 541 4576 a»
567 4528 714 4592 (Act.
748 4531 931 4594 21,20)
965 4525 1201 4583 fertilem
1243 4542 1439 4598 agrum
1467 4525 1808 4596 invenerint,
1839 4543 1956 4582 non
1995 4529 2170 4599 magis
2211 4537 2296 4584 est
2333 4527 2670 4592 mirandum.

166 4621 316 4676 quam
339 4611 489 4684 quod
514 4612 611 4669 alii
630 4612 921 4684 splendido
943 4615 1135 4684 templi
1163 4615 1346 4682 cultu,
1380 4613 1472 4685 qui
1501 4613 1866 4684 perdurabat,
1893 4614 2078 4672 allecti
2107 4624 2162 4672 et
2188 4615 2439 4672 fascinati
2463 4632 2673 4688 paupe-
