3050 5184
870 293 947 338 nn
988 294 1145 338 Anus
1182 293 1431 339 (inaneis
1470 295 1875 341 verisimilius·
2569 278 2648 337 85

140 424 180 477 in
210 425 296 479 Or.
332 430 461 492 3,17
502 428 635 493 etc.)
668 433 724 481 et
767 445 795 477 α
820 426 1063 482 maxime
1103 426 1323 498 proprie
1358 428 1546 483 omnia
1582 426 1936 499 interpretari
1975 426 2250 483 studuerit
2288 426 2336 493 (ὁ
2371 426 2646 497 κυριώτατα

136 509 380 580 {Quasnam
426 511 845 583 φιλοτιμούμενος
884 514 1113 577 Ἀκύλας.
1160 515 1329 587 Oriq.
1372 516 1441 571 In
1485 515 1626 573 Gen.
1677 516 1783 571 111.
1841 520 1892 582 1)
1941 530 2068 571 eum
2115 514 2425 587 appellant3
2476 520 2643 583 atque

134 599 175 652 S.
194 600 578 671 Hieronymus,
600 601 731 656 licet
748 617 877 657 eum
900 603 1072 658 semel
1091 602 1178 658 vel
1200 602 1283 659 bis
1306 612 1515 673 carpat,
1548 602 1700 675 quod
1718 601 1937 659 iudaice
1957 601 2149 674 spiritu
2170 602 2436 657 nonnulla
2461 609 2644 656 trans-

134 686 309 752 tulerit,
340 686 792 759 frequentissime
820 705 948 745 eum
976 693 1033 745 et
1076 690 1129 745 in
1157 690 1572 747 commentariis
1599 691 1712 745 suis
1750 699 1806 746 et
1836 690 1896 746 in
1923 688 2245 746 adornanda
2281 690 2520 759 Vulgata
2555 702 2645 743 se-

134 782 262 831 cutus
292 784 393 831 est.
438 778 665 833 Revera
690 777 1017 848 praecipuae
1054 778 1283 833 Patrum
1312 778 1742 849 vituperationes
1775 786 1998 835 exortae
2039 786 2168 833 suut
2202 793 2269 833 ex
2306 776 2492 833 servili
2529 791 2646 831 ver-

132 858 253 914 tendi
275 877 501 933 genere,
532 862 683 935 quod
712 864 941 938 Aquilas
962 866 1156 935 tenuit,
1190 864 1287 938 qui
1319 886 1343 918 ι
1373 866 1664 932 κακοζήλως
1693 873 1747 921 et
1785 865 2024 939 syllabas
2048 866 2444 937 interpretatus
2481 871 2563 919 est
2591 871 2648 919 et

132 945 286 1003 literas
307 958 363 1004 et
390 950 547 1022 ipsas
571 953 935 1025 etymologias
959 953 1277 1017 verborum,
1308 969 1409 1025 pro
1440 953 1717 1010 frumento
1747 962 1804 1009 et
1830 952 1959 1009 vino
1983 962 2040 1009 et
2067 954 2190 1009 oleo
2219 968 2431 1025 ponens
2457 956 2642 1023 χεῦμα,

128 1032 399 1107 ἀεωρισμόν,
438 1039 801 1107 στιλπνότητι,
832 1056 897 1096 ac
920 1040 965 1096 si
1006 1040 1173 1097 latine
1216 1041 1492 1099 diceretur
1533 1040 1712 1113 fusi0,
1743 1041 2030 1113 pomatio,
2064 1041 2442 1115 splendentia
2473 1062 2498 1093 n
2543 1037 2646 1107 (cfr

134 1122 177 1177 S.
202 1127 345 1181 Hier.
376 1125 453 1183 ad
480 1129 701 1183 Pamm.
724 1144 813 1200 ep.
847 1134 1047 1197 57,11>.
1081 1129 1225 1185 Hinc
1256 1145 1356 1199 pro
1383 1130 1583 1200 χριστός
1611 1128 1868 1185 adhibuit
1893 1126 2190 1201 ἠλειμμένος
2218 1132 2325 1197 (Ps.
2366 1134 2502 1198 2,2),
2543 1142 2644 1200 pro

133 1219 213 1281 Θεὸς
232 1222 449 1291 δυνατός,
478 1224 612 1295 quia
637 1205 720 1281 ΒΝ
752 1240 969 1297 semper
996 1226 1359 1298 etymologice
1390 1225 1587 1297 ἰσχυρός
1611 1226 1792 1295 vertit,
1820 1224 2019 1297 ἰσχυρὸς
2050 1227 2254 1289 δυνατός
2291 1230 2385 1294 (Is,
2423 1230 2558 1294 9,6),
2591 1233 2646 1280 et

130 1306 323 1377 similia,
358 1327 511 1383 quae
540 1315 735 1369 Patres
765 1322 1001 1385 carpunt
1038 1313 1155 1381 (sed
1188 1314 1354 1370 etiam
1384 1316 1462 1369 Is.
1499 1320 1627 1383 7,14
1664 1314 1848 1386 posuit
1880 1312 1913 1379 ἡ
1951 1317 2109 1379 νεᾶνις
2149 1331 2249 1388 pro
2285 1314 2318 1383 ἡ
2367 1315 2640 1385 παρθένος).

132 1396 351 1453 Ceterum
377 1400 661 1457 servilitas
688 1402 821 1468 ista,
850 1417 959 1473 qua
986 1402 1282 1473 particulas
1310 1401 1596 1459 hebraicas
1624 1401 1748 1469 (σὺν
1769 1400 1854 1454 τὸν
1874 1400 2081 1473 οὖρανόν
2108 1406 2250 1460 Gen.
2277 1410 2329 1473 1,
2359 1407 2431 1473 1),
2454 1417 2644 1459 nume·

134 1498 225 1538 rum
249 1486 723 1545 substantivorum
761 1487 1043 1559 (ἐννακόσια
1074 1488 1210 1552 ἔτος
1246 1490 1329 1543 καὶ
1362 1490 1625 1561 τριάκοντα
1663 1488 1797 1552 ἔτος
1827 1492 1968 1546 Gen.
2008 1496 2122 1561 5‚5)
2151 1492 2380 1549 retinuit
2413 1498 2510 1545 aut
2549 1489 2643 1546 he·

137 1577 281 1637 braina
310 1584 587 1641 vocabula
608 1586 820 1658 graecis
848 1585 1023 1642 literis
1050 1595 1269 1643 tantum
1295 1587 1643 1658 transcripsit
1671 1566 1858 1671 (1553,
1886 1596 2149 1652 quercus,
2172 1578 2335 1632 αὐλών
2359 1582 2524 1633 Dent.
2553 1584 2638 1646 11,

135 1688 205 1751 ³⁰3
224 1686 364 1751 uin,
390 1695 591 1761 μῶμος,
615 1690 891 1769 maevia,-
915 1696 1139 1783 &mg-¹),
1166 1694 1395 1763 θεραπεία
1416 1696 1568 1760 etc.),
1591 1691 1814 1764 egregio
1834 1689 2154 1747 adiumento
2175 1694 2278 1755 est,
2301 1693 2365 1740 ut
2384 1684 2508 1757 quis
2525 1683 2640 1739 fue-

136 1788 189 1843 rit
206 1792 311 1848 eius
336 1803 527 1851 textus
571 1794 860 1853 hebraicus
891 1806 1276 1869 cognoscatur.
1306 1797 1469 1865 EiuS,
1495 1796 1579 1853 uti
1609 1796 1848 1852 aliorum
1883 1795 2250 1865 interpretum
2280 1804 2604 1864 graecorum
2622 1831 2636 1856 ,

135 1874 400 1951 fragmenta
445 1884 799 1955 collegerunt
830 1883 1215 1956 Montfaucon
1252 1884 1531 1957 (Origenis
1573 1884 1984 1955 Hexaplorum,
2025 1894 2168 1953 quae
2203 1886 2499 1950 supersunt
2531 1886 2638 1933 etc.

136 1965 269 2023 Paris.
300 1977 491 2039 1713.;
520 1972 727 2029 iterum
752 1971 899 2027 edita
919 1972 977 2028 in
1006 1972 1194 2045 Migne
1222 1973 1505 2045 Patrolog.
1535 1988 1619 2043 gr.
1645 1980 1783 2027 tom.
1818 1976 1904 2028 15.
1939 1973 2047 2037 16.)
2073 1976 2129 2024 et
2147 1966 2344 2023 melius
2371 1968 2436 2022 F.
2467 1964 2642 2022 Field

139 2053 371 2126 (origenis
396 2060 676 2130 Hexapla.
716 2060 919 2115 Oxonii
956 2064 1158 2127 1875.).

194 2224 243 2280 3·
268 2258 344 2270 —
370 2229 555 2288 Alter
581 2244 839 2306 graecus
870 2230 1180 2307 interpres
1211 2233 1308 2289 est
1337 2231 1717 2303 Tnsonorm,
1751 2228 1857 2305 qui
1887 2243 2109 2287 versus
2149 2224 2342 2285 finem
2383 2224 2542 2283 saec.
2575 2225 2636 2282 2.

139 2321 445 2384 versionem
476 2342 663 2386 suam
693 2324 1049 2397 adornavit,
1085 2327 1150 2385 in
1183 2342 1307 2403 qua
1334 2325 1803 2386 alexandrinam
1833 2325 1921 2385 ita
1950 2326 2202 2384 secutus
2233 2325 2358 2393 est,
2382 2324 2450 2380 ut
2478 2336 2638 2397 quae

140 2410 187 2471 in
215 2416 305 2477 illa
342 2426 450 2481 aut
492 2421 711 2481 minus
748 2425 916 2482 recte
956 2439 1250 2500 expressa
1288 2426 1399 2483 aut
1436 2422 1670 2482 omissa
1704 2421 2100 2493 videbantur,
2148 2435 2226 2479 ex
2260 2416 2640 2495 primigenio

140 2512 273 2573 textu
316 2518 663 2595 corrigeret
702 2519 804 2578 vel
849 2519 1190 2597 suppleret.
1236 2518 1409 2579 Libri
1448 2518 1727 2578 Danielis
1764 2518 2005 2589 versic,
2048 2533 2172 2593 qua
2206 2514 2397 2575 hodie
2441 2512 2639 2574 utitur

139 2609 357 2671 ecclesia
382 2631 639 2691 graeca,
675 2614 733 2674 ei
764 2614 1047 2675 debetur.

192 2730 259 2783 De
277 2733 675 2791 Theodotionis
704 2734 816 2791 vita
842 2735 982 2791 nihil
1010 2736 1149 2791 certi
1176 2731 1259 2791 est
1286 2736 1583 2803 traditum;
1618 2736 1766 2791 inter
1803 2737 1998 2791 Patres
2035 2732 2132 2789 alii
2169 2747 2299 2788 eum
2338 2730 2635 2797 Iudaeum,

142 2812 213 2869 alii
232 2818 537 2877 Ebionitam
573 2821 742 2878 fuisse
766 2822 974 2878 dicunt.
1007 2827 1151 2879 Ante
1178 2826 1233 2879 S.
1266 2824 1479 2879 irenaei
1506 2832 1746 2879 aetatem
1777 2822 1880 2889 (cfr
1906 2837 1956 2877 c.
1988 2820 2144 2877 haer.
2183 2822 2288 2875 111.
2321 2824 2408 2886 21)
2435 2818 2637 2889 proba-

144 2896 288 2960 biliter
310 2907 603 2966 Commodi
632 2913 959 2977 (180.-193,)
986 2919 1239 2981 tempore
1276 2913 1353 2977 (S.
1390 2911 1604 2983 Epiph.
1653 2909 1722 2966 de
1769 2908 1938 2982 pond.
1982 2912 2088 2975 17.)
2125 2908 2432 2963 versionem
2480 2922 2634 2962 suam

144 2986 294 3048 edidit.
320 2997 493 3065 Quem
524 2998 587 3053 in
607 2997 704 3053 illa
731 3006 1053 3068 prosecutus
1082 2998 1154 3052 sit
1178 2998 1369 3064 finem,
1390 3000 1583 3054 Patres
1599 3014 1716 3053 non
1735 2997 2032 3063 definiunt3
2056 2994 2186 3067 quia
2215 3003 2402 3049 autem
2420 2994 2636 3050 alexan-

146 3073 317 3136 drinam
345 3086 657 3141 versionem
684 3087 932 3157 proxime
960 3086 1228 3157 sequitur,
1262 3085 1441 3141 rarius
1472 3101 1602 3141 eum
1631 3093 1864 3155 carpunt
1892 3088 2142 3154 (excepto
2169 3085 2248 3137 Is.
2281 3088 2336 3152 7,
2367 3087 2483 3149 14),
2514 3082 2634 3138 Ori-

146 3176 273 3231 genes
297 3177 499 3229 textum
532 3172 957 3229 alexandrinum
982 3189 1050 3228 ex
1092 3173 1209 3228 eius
1236 3172 1600 3228 translatione
1629 3172 1901 3243 supplevit
1929 3179 1986 3227 et
2013 3169 2256 3225 Ecclesia
2285 3170 2403 3226 eius
2430 3169 2635 3226 librum

149 3250 347 3312 Danielis
365 3260 667 3332 adoptavit.
700 3261 1085 3333 Frequentius,
1119 3276 1285 3332 quam
1318 3260 1551 3332 reliqui,
1587 3259 1856 3316 vocabula
1883 3257 2143 3315 hebraica
2169 3257 2339 3314 etiam
2366 3273 2459 3328 ea,
2491 3273 2634 3329 quo-

148 3350 243 3394 rum
263 3346 539 3405 translatio
578 3346 753 3404 facilis
782 3358 885 3417 est,
918 3348 1129 3421 graecis
1148 3356 1367 3404 tantum
1393 3347 1572 3404 literis
1597 3346 1972 3417 transcripsit;
2005 3360 2176 3419 quare
2204 3344 2436 3402 indocti
2459 3346 2632 3403 inter-

148 3429 279 3491 metis
298 3447 493 3492 nomen
522 3436 575 3491 ei
601 3436 775 3491 inurit
799 3435 1158 3492 Montfaucon
1189 3436 1465 3505 (Praelim.
1500 3433 1574 3491 ad
1603 3434 1838 3507 Hexapl.
1865 3440 1920 3503 7,
1953 3438 2026 3507 3).

206 3590 253 3645 4-
278 3622 349 3634 —
376 3593 803 3655 Theodotione
833 3595 1044 3673 paullo
1069 3596 1379 3655 recentior
1410 3599 1507 3655 est
1534 3594 1924 3669 SYMMACHUS,
1959 3594 2139 3655 cuius
2166 3595 2404 3665 versi0,
2438 3611 2632 3672 quum

154 3694 247 3740 non
272 3707 299 3739 κ
323 3691 656 3751 verborum
684 3690 1003 3762 κακοζηλίαν
1030 3737 1045 3764 ,
1080 3693 1191 3751 sed
1223 3692 1674 3769 intelligentiae
1720 3690 2007 3751 ordinem
2050 3690 2228 3768 sequi
2273 3691 2469 3751 soleat
2501 3714 2530 3745 »
2552 3736 2566 3761 ‚
2598 3709 2635 3750 a

155 3772 199 3835 S.
216 3778 561 3863 Hieronymo
588 3791 650 3847 et
677 3787 949 3848 Eusebio
978 3788 1338 3866 frequenter
1355 3788 1675 3861 laudatum
1699 3790 1764 3848 at
1800 3786 2237 3865 perspicuitati
2279 3787 2471 3846 nimis
2509 3792 2632 3847 stu-

158 3868 271 3933 dens
295 3880 545 3943 nimiam
574 3883 697 3943 sibi
726 3884 1082 3945 libertatem
1108 3884 1359 3945 videtur
1389 3885 1712 3945 sumsisse.

206 3994 558 4065 Symmachum
604 4020 637 4061 a
670 4006 1033 4060 Samaritanis
1079 4004 1151 4061 ad
1191 4006 1426 4061 Iudaeos
1470 4005 1755 4061 transiisse
1791 4004 1985 4061 scribit
2029 4005 2089 4062 S.
2135 4004 2498 4078 Epiphanius
2543 4004 2632 4069 (de

162 4077 293 4139 Pond.
322 4094 419 4159 16),
444 4090 539 4148 sed
566 4106 697 4147 eum
722 4092 1037 4148 Ebionitam
1065 4092 1255 4158 fuisse,
1278 4101 1531 4149 asserunt
1555 4092 1840 4151 Eusebius
1869 4094 1960 4164 (H.
1985 4096 2051 4149 E.
2079 4094 2174 4150 VI.
2212 4098 2296 4161 17)
2323 4101 2380 4149 et
2407 4093 2464 4148 S.
2497 4092 2630 4146 Hie-

162 4178 381 4237 mittimus
404 4178 491 4245 (de
520 4182 637 4235 Vir.
668 4178 751 4235 ill.
784 4184 893 4248 5⁴).
926 4180 1115 4236 Severi
1151 4184 1481 4247 (193.-211.)
1518 4188 1703 4236 aetate
1736 4196 1866 4237 eum
1888 4180 2172 4252 scripsisse
2193 4179 2298 4248 (cfr
2325 4182 2383 4237 S.
2414 4180 2627 4251 Epipla.

165 4247 192 4303 ¹·
212 4256 266 4323 c·)
291 4262 551 4329 probabile
580 4275 684 4335 est,
718 4267 845 4339 quia
874 4268 928 4323 S.
959 4270 1219 4323 Ii'enaeus
1237 4268 1356 4323 eius
1380 4268 1694 4323 versionem
1720 4267 1970 4324 nondum
1995 4266 2272 4335 adhibuit,
2292 4283 2414 4323 eam
2444 4275 2628 4323 autem

165 4338 496 4435 &hibunt-unt,
525 4355 622 4426 qui
662 4354 913 4427 proxime
948 4355 1123 4411 secuti
1148 4363 1303 4423 sunt,
1332 4358 1547 4411 PatreS.
1581 4357 1690 4411 Sua
1717 4356 2076 4411 translatione
2113 4376 2137 4405 α
2167 4356 2367 4411 ceteris
2395 4352 2628 4410 manife-

168 4432 269 4522 snus
294 4454 315 4485 1·
340 4438 409 4503 (S.
438 4445 601 4499 Hier.
632 4443 693 4498 in
718 4442 865 4501 Hah.
906 4448 961 4512 2,
996 4448 1091 4512 113
1131 4443 1189 4497 in
1221 4446 1293 4499 Is.
1337 4450 1389 4511 1,
1426 4448 1495 4511 1),
1535 4464 1560 4495 α
1589 4443 1794 4499 clarius
1822 4463 1876 4511 a,
1911 4463 1935 4495 ι
1971 4442 2300 4499 mirabiliter
2327 4464 2378 4511 ν,
2415 4464 2442 4493 α
2471 4442 2630 4499 valde

168 4517 427 4604 ¹¹J¹¹⁸³bfflier
444 4550 469 4580 ι
498 4530 726 4599 (Euseb.
755 4531 823 4586 In
853 4530 1059 4587 Psalm.
1094 4528 1317 4602 passim)
1346 4546 1570 4586 sensum
1599 4530 1930 4600 expressisse
1959 4528 2176 4598 dicitur,
2207 4540 2267 4587 at
2303 4531 2476 4587 nimia
2500 4546 2626 4585 eum

172 4594 361 4667 ilbertue
384 4630 533 4674 usum
558 4632 703 4682 esse,
742 4617 1047 4691 fragmenta
1076 4618 1373 4689 superstita
1400 4617 1620 4687 docent,
1653 4632 1826 4689 quum
1851 4634 1966 4673 non
1993 4627 2212 4674 tantum
2241 4620 2466 4676 nomina
2497 4634 2624 4689 pro·
