3050 5184
459 294 574 353 134
655 308 730 351 DE
756 308 1322 354 INTERPRETATIONE
1351 309 1398 350 S.
1435 308 1824 352 SCRIPTURAE.
1866 326 1937 337 —
1960 310 2092 355 cAP.
2128 312 2172 355 1.
2202 312 2276 356 ΒΕ
2302 312 2665 357 SCRIPTURAE
2694 314 3031 360 SENSIBUS.

459 441 514 499 ei
547 445 641 501 est
659 490 673 513 ,
697 459 778 501 ne
807 442 1170 501 arbitrarias
1193 440 1526 517 allegorias
1558 456 1673 517 pro
1705 442 1917 518 typico
1944 443 2294 521 Scripturae
2320 462 2509 506 sensu
2538 446 2859 519 venditet;
2888 448 3037 507 nul-

459 537 592 597 lum
624 538 819 615 igitur
854 537 1174 616 admittat,
1211 538 1317 614 qui
1357 553 1480 597 non
1521 537 1955 614 probabilibus
1988 540 2209 599 saltem
2242 543 2627 618 argumentis
2654 544 3033 603 muniatur.

527 662 868 731 Argumenta
899 666 1086 714 autem
1115 657 1252 712 haec
1281 656 1574 727 interpreti
1606 657 1949 727 praebebunt
1986 664 2071 725 a.)
2100 660 2202 731 ipsi
2232 660 2357 716 libri
2386 661 2558 726 sacri,
2591 678 2765 733 quum
2796 672 2914 718 aut
2954 664 3015 717 di

455 745 613 800 sertis
637 745 819 801 verbis
845 746 1090 819 aliquam
1116 759 1414 817 personam
1439 744 1523 800 vel
1550 760 1672 799 rem
1700 753 1890 817 typum
1930 761 2049 801 esse
2086 758 2336 803 asserant
2364 752 2548 815 (Rom.
2583 754 2713 816 5,14
2746 755 2903 817 etc.)
2938 759 3037 805 aut

456 833 511 887 id
541 834 689 889 clare
717 843 1030 904 supponant
1068 834 1268 900 (Hebr.
1314 838 1402 898 1,5
1437 836 1600 901 etc.),
1640 831 1718 901 b.)
1753 835 1941 888 Patres
1970 836 2252 891 unanimi
2280 852 2559 891 consensu
2588 836 2803 907 aliquid
2838 839 3037 909 typice

453 921 899 992 interpretantes.
931 920 1116 977 Minus
1146 929 1295 977 certa
1342 928 1672 993 argumenta
1706 920 1758 976 ei
1784 920 2138 993 suppeditant
2164 927 2250 990 α.)
2279 924 2565 997 liturgicus
2594 940 2724 979 usus
2751 933 3037 991 textuum

454 1008 796 1080 aliquorum,
835 1024 966 1063 nam
1005 1008 1248 1064 Ecclesia
1273 1010 1332 1063 in
1368 1006 1590 1080 liturgia
1628 996 2432 1067 etiam'accommodationibus
2470 1012 2664 1078 utitur,
2701 1010 2783 1082 b.)
2830 1013 3037 1067 analo-

457 1097 542 1165 gia
584 1094 904 1165 manifesta,
953 1096 1000 1151 si
1047 1112 1190 1168 quae
1234 1096 1380 1152 inter
1429 1096 1647 1150 Veteris
1690 1103 1746 1150 et
1792 1096 1933 1151 Novi
1972 1098 2121 1153 Test.
2164 1114 2427 1168 personas
2470 1108 2526 1153 et
2566 1114 2655 1153 res
2693 1100 3033 1162 invenitur;

455 1199 566 1254 quo
595 1182 651 1238 in
680 1191 1136 1255 argumentorum
1169 1182 1320 1239 fonte
1349 1182 1726 1239 exhauriendo
1764 1192 1925 1239 caute
1962 1194 2043 1240 est
2082 1185 2521 1256 procedendum;
2562 1196 2838 1242 monente
2876 1190 3035 1243 enim

454 1274 512 1325 S.
555 1274 890 1343 Anqustino
925 1275 1144 1337 (Doctr.
1183 1272 1374 1327 christ.
1419 1272 1500 1327 111
1509 1312 1522 1326 .
1564 1276 1619 1337 9)
1658 1290 1681 1321 c
1724 1270 1925 1328 melius
1962 1280 2046 1328 est
2083 1272 2257 1343 premi
2300 1274 2595 1346 incognitis
2635 1271 2732 1329 sed
2782 1276 3037 1331 utilibus

457 1359 662 1431 signis,
693 1375 860 1432 quam
879 1358 1154 1415 inutiliter
1177 1374 1240 1416 ea
1267 1356 1681 1430 interpretando
1706 1374 1737 1413 a
1760 1358 1889 1431 iugo
1913 1360 2192 1417 servitutis
2214 1360 2471 1417 eductam
2496 1362 2771 1417 cervicem
2804 1363 3037 1435 laqueis

455 1462 662 1502 erroris
685 1463 930 1502 inserere
955 1468 980 1497 n
994 1488 1010 1502 .

927 1652 962 1733 ἓ
1002 1654 1066 1716 l».
1107 1688 1195 1698 —
1224 1652 1320 1715 De
1349 1650 1423 1716 S.
1457 1648 1849 1737 Scripturae
1886 1648 2529 1718 accommodatione.

540 1874 594 1929 1.
623 1904 700 1912 —
725 1870 897 1929 Duae
929 1874 1074 1930 sunt
1105 1870 1346 1948 species
1384 1868 2016 1941 accommodationiS,
2046 1888 2169 1947 qua
2198 1870 2552 1948 Scripturae
2584 1871 2784 1930 verba
2822 1868 3022 1930 alicui

459 1983 763 2042 personae
807 1966 908 2025 vel
956 1964 1082 2037 rei,
1120 1982 1310 2042 quam
1359 1982 1538 2025 sacer
1584 1970 1800 2026 auctor
1842 1982 1989 2043 prae
2037 1965 2235 2025 oculis
2286 1986 2413 2026 non
2460 1966 2705 2039 habuit,
2749 1972 3027 2045 propter

459 2064 697 2122 certam
754 2061 1245 2121 similitudinem
1288 2061 1680 2138 adaptantur.
1728 2062 1895 2133 Quae
1941 2056 2290 2124 similitudo
2332 2068 2440 2122 aut
2483 2063 2646 2123 inter
2690 2079 2797 2123 res
2846 2064 3023 2140 ipsas

459 2158 744 2230 habetur,
775 2158 864 2217 ita
891 2162 961 2218 ut
989 2157 1124 2227 illa,
1161 2174 1320 2233 quae
1350 2156 1428 2216 de
1454 2174 1579 2217 una
1611 2157 1921 2228 dicuntur,
1956 2175 2213 2234 quoquo
2248 2157 2438 2218 modo
2462 2159 2529 2217 in
2556 2159 2825 2219 alteram
2870 2176 3023 2236 qua-

469 2254 684 2329 drent,
713 2257 825 2315 aut
864 2254 930 2313 in
967 2254 1118 2313 solis
1157 2253 1395 2325 verbiS,
1429 2253 1518 2312 ita
1560 2257 1629 2313 ut
1666 2254 2119 2331 scripturistica
2155 2255 2345 2315 verba
2376 2255 2632 2332 proprio
2671 2271 2789 2315 suo
2822 2273 3015 2315 sensu

467 2352 724 2427 privata
748 2350 826 2410 ad
853 2367 988 2409 rem
1019 2350 1282 2409 omnino
1307 2348 1621 2409 diversam
1648 2350 2129 2427 significandam
2162 2350 2673 2428 detorqueantur.
2700 2350 2899 2411 Prior
2922 2368 3017 2409 vo-

429 2452 643 2507 ·catur
669 2445 1170 2507 accommodatio
1197 2463 1310 2525 per
1337 2444 1761 2517 extensionem,
1790 2445 1987 2505 altera
2006 2462 2120 2523 per
2148 2447 2524 2506 allusionem.

539 2568 818 2640 Exemplis
846 2566 1196 2623 definitiones
1224 2566 1594 2623 illustrantur.
1626 2568 1781 2637 Quae
1811 2565 1881 2622 de
1908 2568 2026 2623 Noe
2062 2565 2321 2623 dicuntur
2356 2588 2381 2617 c<
2410 2570 2673 2625 Inventus
2696 2576 2785 2623 est
2808 2569 3015 2634 iustuS,

465 2666 522 2712 et
548 2656 608 2711 in
633 2664 886 2726 tempore
924 2654 1244 2711 iracundiae
1281 2654 1458 2711 sactus
1490 2664 1574 2710 est
1607 2654 1981 2710 reconciliatio
2015 2675 2061 2721 ι,
2096 2664 2192 2710 aut
2221 2656 2289 2711 de
2318 2657 2473 2712 Isaac
2500 2676 2523 2706 «
2556 2654 3017 2711 Benedictionem

462 2744 714 2799 omnium
752 2743 1006 2816 gentium
1045 2741 1202 2798 dedit
1233 2742 1317 2798 illi
1342 2742 1619 2798 Dominus
1652 2762 1674 2794 ι
1709 2750 1837 2805 etc..
1874 2751 1971 2797 aut
2006 2740 2076 2798 de
2116 2744 2307 2814 Moyse
2340 2764 2365 2793 α
2399 2743 2647 2798 Similem
2680 2743 2847 2798 illum
2885 2743 3015 2799 fecit

457 2831 714 2905 ingloria
756 2839 1126 2886 sanctorum»
1162 2838 1268 2885 etc.
1303 2829 1506 2899 (Eceli.
1556 2834 1741 2897 44,17.
1792 2836 1891 2897 25ς
1940 2836 2064 2895 45,1
2117 2836 2267 2898 etc.)‚
2321 2829 2416 2885 illa
2462 2831 2649 2886 omnia
2690 2846 2793 2887 suo
2842 2830 3015 2887 modo

458 2920 624 2975 etiam
652 2927 801 2974 recte
837 2918 949 2974 dici
987 2925 1219 2990 possunt
1263 2916 1333 2972 de
1377 2917 1499 2973 aliis
1554 2918 1786 2985 sanctis,
1814 2915 2053 2988 ideoque
2092 2918 2333 2973 Ecclesia
2365 2933 2589 2974 sensum
2626 2916 2859 2974 illorum
2888 2934 3017 2973 ver-

457 3006 658 3063 borum
682 3005 1002 3062 extendens
1043 3005 1166 3061 istis
1209 3003 1467 3061 laudibus
1512 3014 1731 3060 sanctos
1774 3004 2119 3062 consessores
2166 3004 2427 3071 celebrat,
2470 3004 2724 3076 quamvis
2772 3006 3018 3077 scriptor

461 3110 618 3150 sacer
646 3092 838 3149 laudes
867 3096 1100 3149 Patrum
1129 3092 1418 3147 celebrans
1445 3092 1586 3147 alios
1616 3101 1837 3149 sanctos
1863 3092 1923 3147 in
1948 3102 2137 3149 mente
2161 3108 2277 3148 non
2314 3092 2588 3149 habuerit.
2622 3096 2863 3149 Prorsus
2904 3094 3015 3149 dit-

465 3182 574 3237 sert
602 3181 776 3236 altera
807 3179 1342 3237 accommodationis
1375 3180 1611 3251 specieS,
1640 3196 1783 3251 quae
1824 3180 1913 3235 vix
1942 3179 2096 3236 aliud
2124 3189 2234 3250 est,
2275 3196 2442 3251 quam
2472 3180 2639 3237 lusus
2678 3180 3013 3237 verborum.

459 3275 509 3325 A
533 3269 826 3325 Psalmista
851 3290 877 3319 α
906 3270 1060 3325 Deus
1083 3266 1358 3323 mirabilis
1377 3270 1444 3323 in
1465 3270 1693 3323 sanctis
1710 3270 1840 3323 suis
1868 3288 1891 3321 ι
1924 3272 2041 3334 (Ps.
2072 3272 2258 3336 67,36)
2281 3268 2321 3323 i.
2350 3284 2401 3323 e.
2429 3269 2494 3322 in
2517 3269 2879 3323 sanctuario
2909 3284 3017 3323 suo

457 3357 689 3427 dieitur3
720 3372 819 3427 per
849 3356 1178 3412 allusionem
1209 3354 1374 3411 verba
1415 3354 1553 3411 haec
1592 3370 1755 3425 saepe
1778 3355 1855 3410 ita
1892 3354 2246 3423 adhibentur,
2278 3372 2343 3411 ac
2380 3356 2429 3410 si
2466 3356 2617 3411 Deus
2652 3354 2796 3411 miro
2842 3356 3015 3411 modo

457 3460 576 3501 sese
611 3446 674 3499 in
707 3446 935 3499 sanetis
972 3442 1316 3499 hominibus
1355 3442 1743 3499 manifestasse
1782 3440 1963 3499 dictus
2002 3451 2167 3498 esset.
2200 3444 2282 3499 Ut
2318 3443 2623 3515 exprimat,
2658 3445 2847 3499 Deum
2886 3460 3015 3515 erga

459 3532 712 3587 homines
760 3548 861 3603 pro
899 3546 1094 3589 eorum
1140 3531 1354 3588 meritis
1399 3538 1455 3587 et
1495 3530 1745 3587 moribus
1786 3545 1979 3603 agere,
2024 3530 2317 3587 Psalmista
2364 3531 2538 3585 utitur
2568 3529 2753 3586 verbis
2796 3551 2825 3579 a
2874 3534 3013 3587 Cum

457 3628 646 3679 sancto
670 3628 894 3675 sanetus
921 3620 1060 3689 eriS,
1085 3627 1143 3675 et
1172 3636 1304 3675 eum
1315 3634 1600 3692 perverso
1612 3606 1984 3691 ‘perverteris
2010 3638 2035 3669 n
2064 3632 2143 3673 sc.
2177 3639 2202 3669 α
2235 3627 2317 3686 tu,
2340 3635 2374 3674 o
2403 3619 2557 3674 Deus
2577 3638 2602 3667 n
2635 3622 2751 3685 (Ps.
2785 3625 2853 3674 17
2861 3625 3003 3689 ,27ζς

457 3722 599 3779 quae
627 3707 793 3764 verba
829 3722 862 3763 a
904 3724 1034 3764 vero
1073 3722 1174 3763 suo
1211 3722 1378 3763 sensu
1419 3705 1745 3777 detorques,
1782 3706 1830 3761 si
1872 3704 2155 3761 hominem
2192 3705 2436 3777 aliquem
2467 3705 2581 3761 illis
2612 3704 2913 3775 admones,
2950 3715 3004 3759 ut

459 3811 842 3867 perversorum
871 3796 1193 3851 societatem
1219 3794 1423 3865 fugiat,
1455 3811 1525 3849 ne
1552 3802 1917 3865 pervertatur.

537 3966 596 4023 2.
629 3996 708 4009 -
735 3964 917 4023 Prior
956 3963 1204 4041 species
1249 3962 1852 4022 accommodationis
1894 3961 1971 4021 ab
2010 3960 2167 4039 ipsis
2200 3962 2395 4021 sacris
2428 3959 2841 4039 scriptoribus
2880 3961 3003 4020 iam

457 4060 742 4121 adhibita
769 4064 898 4128 est,
937 4076 1065 4119 non
1095 4058 1354 4135 quidem
1395 4059 1460 4117 in
1499 4074 1718 4118 eorum
1756 4057 2179 4136 argumentiS‚
2220 4056 2331 4117 sed
2370 4057 2437 4117 in
2464 4056 3005 4117 exhortationibus

459 4160 568 4218 aut
593 4155 1148 4235 descriptionibus.

526 4278 1022 4335 Rationalistarum
1049 4276 1322 4332 sententia
1337 4318 1352 4344 ,
1377 4274 1474 4348 qui
1502 4274 1760 4331 vaticinia
1787 4276 2004 4330 Veteris
2029 4278 2177 4331 Test.
2208 4273 2401 4329 dicunt
2428 4273 2500 4329 ab
2522 4274 2808 4346 Apostolis
2844 4274 3001 4330 Chri-

457 4375 544 4423 sto
586 4381 707 4423 esse
751 4362 1200 4433 accommodata,
1241 4380 1308 4419 ex
1351 4362 1692 4435 praeiudicio
1738 4361 2202 4433 impossibilitatis
2243 4361 2635 4417 vaticiniorum
2680 4360 2911 4432 profluit
2953 4370 3000 4415 et

463 4454 606 4509 Novi
645 4456 797 4509 Test.
845 4451 1264 4523 inspirationem
1311 4459 1504 4522 negat3
1539 4448 1744 4505 etenim
1786 4450 2085 4520 scriptores
2128 4450 2301 4517 sacri,
2346 4449 2395 4503 si
2436 4457 2722 4519 asserunt,
2774 4449 2881 4504 hoc
2924 4448 2999 4503 vel

461 4538 600 4595 illud
623 4539 832 4595 factum
856 4554 976 4595 esse
1009 4558 1036 4590 «
1063 4543 1134 4593 ut
1167 4537 1567 4608 adimpleretur
1594 4556 1623 4588 υ
1652 4536 1777 4603 (ἵνα
1798 4535 2057 4607 πληρωθῇ)
2090 4534 2415 4591 vaticinium
2437 4534 2691 4607 aliquod,
2732 4552 2849 4591 non
2884 4544 2999 4591 tan·

461 4634 582 4679 tum
609 4624 1038 4682 similitudinem
1075 4625 1220 4680 inter
1261 4624 1476 4679 Veteris
1503 4626 1652 4679 Test.
1694 4622 1861 4679 verba
1902 4632 1959 4679 et
1997 4640 2115 4679 rem
2146 4624 2203 4678 in
2242 4624 2397 4679 Novo
2438 4632 2725 4680 narratam
2764 4622 2999 4679 indicare
