3050 5184
301 330 375 374 mi:
415 329 736 376 EVANGELu
773 329 1090 376 SECUNDUM.
1124 328 1316 374 Lucam
1353 327 1753 373 INTEGRITATE
1793 330 1869 374 ΕΤ
1912 329 2363 375 DESTINATIONE.
2485 314 2596 373 481

538 578 808 636 Ουᾼιετῐο
836 576 939 627 111.
972 603 1036 614 —
1061 577 1136 625 De
1157 577 1486 624 destinatione
1509 580 1563 624 et
1578 575 1676 624 fine
1704 575 1839 624 tertii
1858 575 2127 637 Evangelii.

147 753 208 810 6.
239 787 319 796 —-
344 753 627 815 Tertium
655 755 1062 832 Evangelium
1092 753 1318 815 eodem
1338 752 1561 823 modu,
1588 770 1712 832 quo
1734 755 1918 814 Actus
1934 799 1949 825 ,
1974 751 2323 830 Theophilo
2342 751 2601 828 inscrip-

77 851 208 907 tum
237 849 516 910 ecclesiis
555 869 592 910 a
628 849 691 911 S.
733 851 922 912 Paulo
962 850 1266 919 fundatiS,
1303 866 1465 927 quae
1497 866 1573 909 ex
1609 849 1849 940 Iudaeis
1889 852 1953 909 et
1990 849 2255 910 ethnicis
2285 847 2599 910 conversis

75 945 152 1003 ita
182 943 565 1028 coaluerant,
598 951 670 1007 ut
697 945 1272 1008 ethnicochristiani
1302 946 1368 1005 in
1396 946 1476 1006 iis
1506 946 1971 1024 praevalerent,
2013 945 2297 1025 proxime
2328 943 2599 1004 destina-

75 1045 206 1099 tum
231 1045 351 1102 est..

136 1153 404 1221 Quisnam
439 1156 794 1229 Theophilus
820 1158 914 1214 ille
943 1156 1108 1213 suerit
1123 1199 1138 1225 ‚
1169 1155 1261 1212 cui
1287 1155 1341 1211 S.
1375 1157 1557 1212 Lucas
1586 1155 1755 1212 libros
1781 1171 1913 1212 suos
1934 1156 2235 1227 inscripsit,
2263 1163 2381 1210 tam
2404 1168 2599 1226 parum

75 1251 412 1312 compertum
453 1253 572 1300 erat
609 1244 890 1312 Patribus,
935 1252 1000 1299 ut
1037 1243 1190 1300 dubii
1232 1243 1556 1313 haererent,
1586 1250 1775 1299 utrum
1812 1251 1965 1300 certa
2000 1243 2185 1315 aliqua
2226 1257 2489 1314 persona,
2528 1255 2600 1296 an

75 1330 250 1398 potius
287 1331 467 1386 omnis
506 1332 672 1388 homo
711 1333 808 1404 qui
845 1348 876 1388 a
915 1333 1035 1388 Deo
1073 1330 1320 1403 diligitur
1363 1332 1546 1404 (Oriq.
1586 1331 1644 1386 in
1679 1332 1817 1387 Luc.
1861 1331 2013 1387 hom.
2060 1333 2134 1400 1.)
2175 1330 2261 1385 vel
2300 1330 2397 1402 qui
2422 1327 2601 1400 diligit

73 1417 246 1472 Deum
271 1421 352 1484 (5.
381 1418 598 1492 Epiph.
631 1420 802 1476 Haer.
830 1423 980 1488 215)
1016 1418 1352 1492 intelligatur
1379 1425 1653 1490 oporteat.
1683 1419 1939 1474 Amicum
1976 1434 2107 1474 vero
2142 1417 2231 1472 vel
2266 1415 2599 1488 discipulum

72 1503 375 1574 designari,
408 1515 556 1562 recte
583 1515 775 1564 tenent
811 1509 1088 1578 plerique,
1124 1507 1386 1578 quoniam
1415 1504 1678 1578 loquendi
1716 1505 1921 1578 figura,
1950 1521 2058 1578 qua
2086 1505 2189 1561 sub
2215 1504 2439 1560 nomine
2465 1503 2595 1560 ficto

73 1593 134 1646 ad
162 1593 434 1665 integram
460 1594 702 1666 aliquam
732 1595 1022 1652 hominum
1052 1595 1286 1650 classem
1315 1609 1500 1650 senno
1527 1594 1803 1667 dirigitur,
1835 1595 2075 1666 antiquis
2098 1608 2210 1648 non
2233 1600 2354 1648 erat
2374 1591 2593 1648 usitata.

71 1681 288 1736 Frustra
317 1690 504 1738 autem
543 1697 609 1738 ex
653 1682 808 1738 libris
849 1684 980 1754 ipsis
1021 1681 1252 1738 definire
1295 1680 1550 1738 moderni
1588 1680 1819 1753 quidam
1858 1682 2189 1752 interpretes
2226 1680 2407 1736 conati
2436 1689 2591 1748 sunt,

71 1768 186 1838 quis
229 1769 420 1837 fuerit;
447 1785 517 1826 ne
551 1771 608 1825 id
653 1769 880 1842 quidem
927 1785 1055 1826 cum
1097 1768 1428 1825 certitudine
1472 1769 1843 1842 cognoscitur,
1887 1768 2197 1825 Iudaeusne
2234 1783 2305 1824 an
2343 1766 2596 1823 ethnicus

69 1871 360 1912 conversus
399 1855 580 1913 suerit.
623 1862 700 1913 At
734 1857 1014 1929 inquisitio
1055 1857 1194 1912 haec
1237 1858 1402 1912 etiam
1442 1858 1725 1927 superflua
1766 1873 1887 1912 esse
1928 1855 2175 1925 videtur3
2212 1854 2409 1912 eodem
2447 1855 2594 1910 enim

69 1944 231 1998 modo
262 1947 320 2000 S.
351 1945 528 2000 Lucas
550 1945 688 2017 egit,
716 1960 828 2016 quo
857 1945 1069 2015 antiqui
1101 1943 1314 2016 profani
1342 1946 1666 2017 scriptores,
1698 1945 1792 2016 qui
1820 1945 1947 2000 illos
1976 1959 2197 2016 quoque
2222 1942 2422 2008 libros,
2455 1958 2594 2014 quos
2625 1954 2633 1962 ·

69 2031 264 2101 publici
293 2032 432 2087 iuris
455 2047 573 2088 esse
601 2032 875 2100 volebant,
901 2032 1082 2088 amico
1105 2030 1326 2087 cuidam
1354 2024 1788 2102 inscripserunt.
1805 2035 1910 2088 Pro
1935 2041 2087 2088 certo
2109 2032 2277 2104 igitur
2302 2031 2468 2086 statui
2490 2047 2592 2102 po-

66 2127 198 2186 test,
231 2135 361 2174 eum
394 2129 586 2191 utpote
618 2121 864 2192 Apostoli
895 2120 1142 2192 gentium
1168 2119 1500 2190 discipulum
1529 2129 1587 2174 et
1612 2121 1824 2176 socium
1856 2120 2027 2176 libros
2064 2135 2194 2174 suos
2222 2119 2468 2190 proxime
2496 2134 2592 2174 ec-

65 2207 242 2262 clesiis
263 2223 294 2261 a
321 2209 584 2280 magistro
609 2223 710 2263 suo
740 2206 980 2264 fundatis
1000 2208 1331 2276 destinasse3
1353 2223 1535 2279 neque
1564 2207 1709 2263 enim
1732 2207 1938 2279 magiS,
1968 2221 2137 2278 quam
2164 2208 2425 2279 magister
2452 2206 2589 2273 eiuS,

69 2315 90 2346 ι
121 2309 290 2365 super
327 2296 572 2350 alienum
601 2293 1025 2351 fundamentum
1057 2314 1080 2347 ι
1119 2294 1410 2351 aedificare
1449 2302 1505 2350 et
1530 2294 1590 2349 in
1618 2295 1855 2350 alienam
1884 2309 2115 2350 messem
2146 2293 2345 2350 falcem
2372 2295 2590 2350 mittere

65 2383 253 2437 voluit.
285 2383 564 2439 Ecclesiae
597 2393 786 2440 autem
814 2399 844 2439 a
871 2383 1044 2439 Paulo
1074 2380 1353 2446 fundatae,
1385 2381 1444 2437 id
1472 2381 1622 2454 quod
1651 2398 1717 2438 ex
1748 2383 1977 2438 Actibus
2004 2390 2060 2437 et
2094 2382 2329 2448 paulinis
2352 2381 2593 2454 epistolis

63 2473 266 2539 elucet,
299 2485 402 2526 nec
437 2471 566 2526 solis
605 2470 824 2528 Iudaeis
861 2487 962 2527 nec
997 2470 1129 2526 solis
1156 2470 1390 2526 ethnicis
1419 2469 1699 2525 conversis
1726 2470 2080 2538 constabant,
2118 2468 2217 2525 sed
2244 2485 2309 2524 ex
2342 2465 2592 2541 utrisque

63 2559 130 2613 ita
157 2559 500 2627 coaluerant,
527 2567 590 2614 ut
627 2558 1120 2615 Iudaeocbristiaui
1149 2559 1422 2613 minorem
1456 2573 1649 2613 earum
1686 2565 1901 2628 partem
1932 2557 2357 2626 constituerent,
2390 2557 2592 2629 ubique

63 2646 202 2700 enim
233 2645 473 2702 Iudaeos
489 2647 784 2719 Evangelio
814 2648 1077 2703 restitisse
1102 2645 1448 2740 Paulumque
1476 2654 1534 2701 et
1561 2644 1677 2701 eius
1698 2645 1876 2701 socios
1902 2652 2224 2716 persecutos
2251 2660 2399 2713 esse,
2424 2643 2589 2701 histo-
2638 2707 2643 2712 ,

63 2733 136 2788 ria
160 2733 428 2789 itinerum
454 2735 884 2804 apostolicorum
913 2733 1092 2791 docet.

131 2888 192 2944 7.
223 2917 302 2927 —-
333 2886 575 2944 Revera
615 2884 672 2944 S.
707 2886 936 2945 Lucam
979 2885 1045 2945 in
1087 2901 1200 2946 suo
1243 2884 1585 2962 Evangelio
1625 2900 1741 2943 nec
1768 2884 1935 2945 solos
1962 2882 2227 2943 Iudaeos
2261 2900 2593 2944 conversos

59 2998 170 3039 nec
199 2981 372 3040 solos
401 2980 1043 3041 Ethnicochristianos
1072 2997 1221 3058 prae
1253 2980 1452 3040 oculis
1480 2979 1803 3052 habuisse,
1838 2980 1947 3040 sed
1980 2981 2261 3056 utrisque
2292 2979 2447 3041 illud
2476 2980 2588 3040 de-

59 3077 354 3150 stinasse,
393 3095 470 3136 ex
515 3077 680 3137 libro
723 3078 864 3156 ipso
913 3077 1134 3138 elucet.
1171 3079 1304 3138 Una
1346 3078 1515 3137 enim
1565 3094 1638 3138 ex
1685 3081 1859 3154 parte
1908 3077 2119 3137 omnia
2164 3077 2385 3148 evitat,
2429 3093 2589 3154 quae

57 3172 340 3234 ethnicos
371 3173 694 3235 offendere
726 3177 1019 3252 possunt,
1052 3190 1248 3251 eaque
1289 3174 1600 3252 congerit,
1635 3191 1795 3252 quae
1835 3173 2101 3233 ethnicis
2139 3190 2395 3251 quoque
2434 3174 2591 3233 salu-

56 3273 182 3328 tem
211 3271 537 3331 aDomino
565 3271 816 3332 allatam
847 3288 984 3330 esse
1014 3270 1384 3340 ostendunt,
1409 3270 1607 3330 altera
1633 3286 1781 3331 vero
1809 3287 1884 3329 ex
1911 3273 2085 3346 parte
2110 3286 2300 3348 quam
2318 3269 2593 3347 plurima

52 3383 308 3443 quoque
357 3368 572 3441 affert,
613 3385 772 3444 quae
814 3367 1188 3428 Iudaeorum
1229 3367 1559 3445 privilegia
1601 3371 1972 3445 agnoscunt,
2010 3365 2392 3442 singularem
2418 3384 2591 3428 amo-

51 3479 208 3534 rem,
231 3481 362 3540 quo
391 3465 698 3524 Dominus
717 3464 1026 3542 populum
1047 3481 1231 3524 suum
1252 3469 1621 3542 prosecutus
1652 3467 1765 3534 est,
1801 3463 2163 3536 ostendunt,
2193 3463 2590 3524 Iudaeochri-

53 3559 405 3620 stianorum
436 3559 629 3638 igitur
655 3560 803 3620 fidei
836 3561 1268 3621 confimandae
1298 3560 1671 3621 inserviunt.

123 3673 178 3726 S.
208 3672 422 3729 Lucam
463 3677 548 3740 a.)
589 3673 824 3728 ethnicis
860 3673 1142 3730 conversis
1173 3688 1336 3729 suum
1373 3672 1579 3728 librum
1613 3672 1946 3742 destinasse,
1984 3681 2099 3728 tam
2133 3672 2347 3729 clarum
2382 3681 2493 3738 est,
2528 3681 2593 3728 ut

56 3773 180 3813 eum
214 3763 472 3830 oriqene
509 3760 588 3828 (in
624 3760 824 3817 Matth.
863 3769 1000 3817 tom.
1037 3762 1106 3830 I.)
1150 3769 1208 3816 et
1240 3764 1299 3817 S.
1339 3762 1701 3831 Hieronymo
1735 3759 1827 3827 (ad
1852 3763 2015 3816 Dam.
2045 3776 2133 3832 ep.
2168 3760 2259 3832 20)
2286 3760 2451 3816 etiam
2474 3776 2591 3815 mo-

63 3843 218 3901 derni
252 3848 428 3920 aliqui
467 3849 792 3920 interpretes
827 3865 959 3905 eum
993 3839 1062 3904 de
1097 3849 1205 3905 illis
1231 3848 1362 3903 solis
1402 3849 1671 3920 cogitasse
1710 3848 2065 3904 arbitrentur.
2111 3847 2364 3904 Profecto
2404 3847 2591 3902 omnia

63 3947 154 3999 εει,
184 3950 327 4007 quae
355 3937 413 3993 S.
445 3937 788 4007 Matthaeus,
821 3937 914 4009 qui
946 3936 1468 3994 Iudaeochristianis
1495 3936 1743 4007 scripsit,
1776 3944 1968 4016 contra
2004 3944 2193 4007 gentes
2229 3935 2317 3990 vel
2349 3935 2419 3991 de
2454 3951 2591 4007 gen-

63 4019 204 4076 tibus
231 4039 265 4079 a
295 4024 536 4080 Domino
566 4024 813 4080 acerbius
843 4024 988 4081 dicta
1017 4033 1234 4092 narrat,
1262 4025 1319 4080 S.
1350 4026 1531 4080 Lucas
1554 4032 1649 4080 aut
1678 4023 1881 4079 omittit
1916 4033 2011 4079 aut
2034 4023 2270 4094 mitigat.
2296 4011 2593 4092 Apostolos

65 4107 120 4161 in
145 4112 322 4180 prima
359 4127 460 4167 sua
493 4111 754 4168 missione
791 4133 818 4164 α
849 4113 908 4168 in
940 4113 1082 4169 viam
1111 4113 1360 4184 gentium
1399 4132 1424 4164 ιι
1461 4111 1617 4167 abire
1652 4123 1766 4166 non
1793 4110 2050 4167 debuisse
2082 4109 2253 4166 refert
2280 4110 2593 4165 Matthaeus

65 4197 248 4267 (¹05),
279 4199 678 4270 praetermittit
703 4201 883 4257 Lucas
916 4201 1078 4273 (9,3);
1114 4199 1400 4256 historiam
1436 4199 1681 4255 mulieris
1712 4198 2065 4254 chananaeae
2103 4197 2373 4270 integram
2401 4205 2593 4253 narrat

65 4282 380 4342 Matthaeus
407 4289 711 4358 (15,21-28)
729 4331 744 4354 ,
774 4288 987 4360 mitigat
1013 4289 1234 4344 Marcus
1264 4293 1514 4356 (7,24-30
1544 4286 1756 4342 omissis
1785 4285 1964 4342 verbis
1995 4305 2021 4336 «
2054 4287 2179 4341 Non
2202 4300 2328 4340 sum
2354 4285 2580 4353 missuS,

63 4369 162 4425 nisi
181 4372 256 4427 ad
286 4391 440 4446 oveS,
471 4390 613 4447 quae
637 4376 910 4446 perierant
935 4375 1135 4431 domus
1163 4377 1334 4432 Israel
1363 4379 1437 4446 ιι),
1469 4390 1695 4448 prorsus
1722 4373 1925 4429 omittit
1953 4374 2159 4440 Lucas3
2191 4372 2287 4428 ubi
2315 4373 2585 4429 Dominus

59 4455 408 4532 interrogat.
441 4482 468 4513 α
499 4477 682 4518 nonne
709 4471 764 4517 et
793 4463 1015 4519 ethnici
1040 4464 1146 4520 hoc
1174 4463 1382 4520 faciunt
1403 4485 1430 4516 ιι
1462 4462 1695 4534 (Matth.
1730 4467 1763 4516 5
1771 4467 1895 4530 ,47),
1929 4463 2108 4516 Lucas
2130 4460 2297 4517 hahet
2330 4481 2355 4513 α
2384 4471 2439 4518 et
2456 4477 2583 4534 pec·

59 4553 285 4607 catores
315 4549 424 4609 hoc
451 4549 660 4607 faciunt
687 4571 712 4601 ιι
749 4553 822 4620 (6,
828 4552 948 4624 33),
982 4568 1081 4624 pro
1114 4551 1291 4608 verbis
1319 4572 1345 4603 α
1377 4551 1514 4608 haec
1544 4550 1728 4608 omnia
1754 4555 1947 4621 qences
1976 4547 2263 4622 inquirunt
2288 4569 2315 4602 ιι
2354 4550 2579 4620 (Matth.

55 4637 109 4686 6
115 4639 198 4704 32)
237 4639 416 4696 Lucas
444 4637 632 4695 scribit
673 4657 698 4692 α
731 4638 868 4696 haec
903 4645 1098 4711 qentes
1126 4641 1337 4696 mundi
1365 4639 1651 4712 inquirunt
1686 4658 1746 4707 ιι,
1782 4655 1880 4710 pro
1917 4659 1940 4692 ι
1980 4637 2129 4696 eritis
2156 4637 2285 4695 odio
2312 4638 2579 4695 omnibus

811 4737 1064 4786 connum
1095 4738 1370 4787 courum).
1401 4738 1625 4786 Iit-raon.
1661 4761 1721 4774 -
1754 4739 1831 4787 31.
