3050 5184
741 342 1008 385 emnem-2
1049 334 1276 389 sacam
1316 342 1666 388 PRAECEPTA
1708 344 1783 387 m·
1828 344 2111 387 SUBSIDIA.
2586 323 2701 383 123

197 471 278 528 sed
309 470 398 529 ilia
423 488 678 545 quoque,
701 489 844 545 quae
880 472 1000 547 fere
1033 475 1290 531 omnium
1315 474 1600 544 codicum,
1632 474 1953 547 praesertim
1990 475 2041 530 si
2076 472 2445 545 antiquissimi
2478 480 2607 527 sunt
2646 477 2703 525 et

197 559 254 614 ad
283 558 520 617 diversas
547 559 782 617 familias
809 561 1114 633 pertinent,
1145 578 1320 634 aeque
1353 578 1420 619 ae
1453 565 1844 635 plerarumque
1880 562 2197 618 versionum
2226 570 2393 633 atque
2428 558 2702 631 antiquio-

195 663 298 703 rum
320 651 544 705 Patrum
581 649 908 706 testimoniis
937 648 1181 719 fulcitur,
1225 666 1324 721 pro
1365 666 1496 707 vera
1531 660 1587 707 et
1618 650 1855 725 genuina
1883 649 2099 707 admitti
2126 658 2307 720 potest
2334 656 2389 704 et
2413 646 2601 703 debet.
2630 674 2700 688 —

197 734 260 801 b.)
283 734 546 792 Hodierni
583 745 766 794 textus
791 736 1034 795 hebraici
1066 738 1258 803 lectio,
1290 738 1394 794 etsi
1435 738 1685 794 omnium
1714 736 2103 795 hebraicorum
2128 734 2447 793 testimonio
2467 735 2697 800 nitatur,

195 821 383 879 videtur
401 824 723 894 reficienda,
757 824 804 881 si
831 834 1024 881 contra
1051 840 1178 883 eam
1214 834 1461 899 pugnant
1483 826 1767 881 unanimia
1790 825 2197 882 Alexandrinae
2214 867 2227 892 ‚
2256 823 2533 897 Syriacae,
2560 820 2701 876 Vul-

193 919 326 981 gatae
367 912 710 980 testimonia,
755 911 926 985 idque
969 913 1210 970 maxime
1247 914 1298 969 si
1338 915 1502 970 etiam
1545 912 1851 970 Chaldaeus
1880 921 1938 969 et
1976 913 2035 969 in
2062 910 2437 970 Pentateucho
2466 906 2701 967 Samari-

193 1010 331 1056 tanus
356 1014 390 1055 a
413 1000 778 1057 Massorethis
811 999 1088 1068 dissentit3
1119 1001 1284 1057 lectio
1311 1012 1529 1069 autem,
1562 1016 1703 1074 quae
1738 1000 1997 1058 omnibus
2025 1001 2085 1055 in
2121 1000 2208 1056 his
2245 996 2585 1055 versionibus
2620 997 2701 1051 in-

196 1087 402 1157 venitur,
431 1096 562 1145 tuto
589 1089 872 1161 recipitur,
903 1089 1035 1147 licet
1063 1088 1442 1146 Manorethae
1478 1088 1823 1145 dissentiant.
1859 1118 1931 1131 -
1958 1092 2031 1155 e.)
2058 1088 2271 1145 Graeca
2308 1101 2531 1159 quoque
2560 1082 2701 1139 Novi

193 1175 314 1230 Test.
339 1176 504 1232 lectio
518 1218 539 1246 ‚.
570 1192 714 1248 quae
735 1176 806 1233 ab
835 1175 1091 1234 omnibus
1111 1177 1352 1250 antiquis
1369 1176 1709 1233 versionibus
1734 1176 1989 1233 dissentit
2009 1185 2065 1233 et
2090 1174 2345 1231 omnibus
2376 1172 2583 1246 graecis
2600 1173 2701 1227 Pa-

194 1262 344 1319 tribus
365 1265 562 1336 ignota
591 1272 738 1333 erat,
763 1264 1004 1337 genuina
1029 1280 1150 1321 esse
1176 1282 1288 1321 non
1308 1274 1516 1337 potest3
1540 1266 1703 1321 lectio
1732 1274 1938 1335 autem,
1960 1280 2105 1337 quae
2127 1263 2377 1319 omnium
2403 1270 2500 1316 aut
2520 1260 2699 1331 plera·

193 1366 398 1423 rumque
431 1352 752 1409 versionum
779 1352 1096 1409 testimonio
1131 1352 1374 1423 fulcitur,
1411 1368 1514 1409 nec
1542 1354 1693 1409 omni
1720 1354 2073 1425 antiquorum
2100 1350 2352 1408 codicum
2378 1360 2702 1422 graecorum

191 1439 493 1497 auctoritate
522 1439 786 1497 destituta
813 1450 898 1497 est
912 1483 925 1509 ,
956 1440 1172 1497 videtur
1198 1456 1318 1497 esse
1346 1440 1677 1513 recipienda,
1706 1442 1944 1497 maxime
1972 1441 2021 1497 si
2048 1437 2319 1495 accedunt
2344 1440 2575 1493 Pati-um
2598 1434 2701 1490 ali-

191 1542 400 1595 quorum
427 1528 752 1599 graviorum
775 1530 1111 1585 testimonia.
1133 1558 1204 1571 --
1226 1528 1314 1597 d.)
1337 1531 1489 1585 Inter
1514 1528 1655 1585 duas
1678 1528 1970 1599 lectiones,
2000 1542 2146 1600 quae
2174 1544 2241 1583 ex
2264 1524 2520 1581 codicum
2548 1522 2705 1579 fami·

193 1613 278 1681 liis,
315 1615 691 1686 versionibus,
734 1616 991 1673 Patribus
1029 1617 1282 1690 aequalia
1321 1616 1436 1673 fere
1459 1616 1669 1673 habent
1708 1615 2053 1683 testimonia,
2098 1616 2193 1671 illa
2234 1615 2515 1681 seligatur,
2560 1624 2702 1681 quae

191 1702 428 1759 orationis
451 1704 742 1761 contextui
767 1706 944 1778 magis
971 1720 1212 1761 consona
1238 1704 1506 1777 aptiorem
1525 1706 1702 1778 gignit
1722 1720 1943 1761 sensum
1958 1744 1972 1773 ,
2004 1712 2101 1760 aut
2126 1702 2173 1759 si
2201 1710 2460 1758 contextu
2485 1696 2701 1755 deliniri

191 1788 310 1845 nihil
329 1800 540 1862 potest,
571 1791 690 1862 illa,
721 1808 864 1864 quae
891 1808 1018 1849 cum
1047 1792 1288 1849 dictione
1305 1793 1591 1865 scriptoris
1610 1794 1829 1866 cognita
1848 1793 2025 1865 magis
2040 1798 2325 1848 consonat.
2347 1820 2419 1831 --
2436 1792 2509 1855 e.)
2538 1783 2701 1857 Quod

191 1876 228 1929 si
243 1894 334 1933 uec
353 1881 604 1937 externis
619 1880 950 1937 testimoniis
967 1896 1070 1937 nec
1088 1888 1350 1938 contextu
1367 1890 1424 1937 et
1441 1879 1683 1938 dictione
1701 1888 1917 1937 certum
1934 1880 2202 1935 iudicium
2221 1877 2493 1944 redditur,
2516 1873 2701 1928 viden·

191 1962 302 2021 dum
319 1976 420 2037 est,
441 1984 512 2023 ex
533 1983 777 2041 quanam
795 1968 1032 2025 lectione
1049 1970 1206 2043 origo
1226 1968 1566 2041 reliquarum
1586 1968 1802 2025 facilius
1821 1967 2143 2040 explicatur,
2169 1980 2346 2039 eaque
2364 1961 2702 2037 probabilior

192 2060 258 2107 est
283 2055 584 2123 censenda,
613 2072 757 2127 quae
797 2072 926 2113 eum
951 2057 1164 2113 maiore
1192 2056 1578 2129 probabilitate
1604 2065 1783 2112 mater
1816 2071 1936 2113 esse
1972 2055 2217 2111 creditur
2243 2054 2602 2125 reliquarum.
2633 2078 2703 2089 --

195 2139 252 2209 f.)
274 2160 294 2193 e
315 2144 510 2199 Omnis
530 2152 723 2200 autem
741 2143 1078 2215 emendatio,
1101 2146 1183 2201 uti
1203 2154 1350 2201 recte
1368 2154 1561 2201 monet
1578 2148 1659 2201 De
1680 2148 1841 2200 Rossi
1860 2144 2165 2215 (Lectiones
2185 2142 2367 2198 variae
2394 2143 2516 2196 Vet.
2548 2140 2697 2193 Test.

197 2230 231 2283 Ι.
255 2246 304 2300 p.
333 2232 498 2301 LVI),
528 2247 599 2288 ex
639 2232 970 2289 auctoritate
996 2234 1378 2290 communium
1412 2248 1603 2289 sacrae
1628 2232 1854 2288 criticae
1882 2230 2117 2287 sontium
2160 2230 2287 2297 fiat,
2316 2246 2433 2285 non
2460 2246 2535 2283 ex
2574 2225 2701 2280 sola

195 2320 514 2389 corneolus-a,
545 2319 660 2375 nisi
680 2328 864 2376 textus
889 2321 966 2377 sit
991 2330 1182 2391 aperte
1209 2321 1437 2377 falsatus
1464 2336 1531 2377 ac
1556 2320 1877 2387 mendosuS,
1910 2320 2129 2391 hocque
2152 2334 2355 2391 urgens
2380 2325 2437 2372 et
2458 2324 2700 2372 extrema

197 2406 464 2462 necessitas
489 2416 660 2481 cogat
697 2428 746 2463 »-
793 2411 974 2465 Immo
1011 2424 1146 2465 vero
1189 2408 1248 2465 in
1285 2408 1559 2465 eiusmodi
1600 2408 1818 2465 casibus
1853 2407 2223 2481 ignorantiam
2255 2415 2504 2462 nostram
2544 2401 2704 2459 fateri

197 2502 405 2558 praestat
438 2504 794 2569 textumque,
831 2504 995 2567 prout
1017 2496 1258 2553 traditus
1290 2506 1400 2565 est,
1433 2498 1772 2571 relinquere,
1808 2495 1985 2552 donec
2023 2495 2164 2552 forte
2201 2494 2322 2550 aliis
2357 2490 2705 2549 documentis

195 2580 406 2653 antiquis
435 2583 675 2641 detectis
718 2598 808 2640 res
844 2584 1065 2641 definiri
1093 2585 1287 2657 possit.
1319 2586 1577 2641 Ceterum
1614 2583 2063 2641 dissentientibus
2118 2582 2263 2638 inter
2290 2598 2349 2638 se
2391 2578 2672 2637 codicibus
2685 2618 2700 2645 ,

197 2667 419 2728 codicum
459 2672 718 2740 familiis,
751 2672 1122 2743 versionibus,
1160 2674 1418 2730 Patribus
1461 2690 1664 2747 magna
1710 2673 1959 2729 exoritur
2000 2686 2230 2728 casuum
2269 2669 2534 2738 varietas,
2566 2680 2706 2739 quos

199 2770 362 2815 omnes
386 2775 720 2816 enumerare
748 2769 804 2817 et
829 2760 1136 2817 diiudicare
1163 2759 1330 2817 huius
1354 2762 1466 2818 loci
1491 2778 1607 2819 non
1633 2769 1735 2818 est.

757 2974 790 3057 ἓ
824 2978 933 3039 22.
965 3010 1055 3023 —
1083 2976 1179 3040 De
1214 2996 1444 3040 sacrae
1491 2972 1760 3041 criticae
1798 2970 2126 3039 subsidiis,

265 3182 348 3243 Ad
383 3202 634 3247 sacram
671 3184 954 3247 criticam
989 3186 1437 3257 exercendam,
1482 3202 1645 3263 quae
1679 3202 1781 3247 res
1820 3190 1918 3245 est
1955 3202 2237 3246 summae
2278 3183 2705 3259 difficultatiS,

203 3281 489 3357 egregium
513 3281 820 3343 auxilium
845 3282 1150 3360 praebent
1171 3300 1362 3360 opera
1387 3283 1495 3342 illa
1512 3328 1529 3357 ,
1557 3283 1620 3341 in
1651 3282 1881 3359 quibus
1904 3282 2113 3341 variae
2144 3281 2447 3343 lectiones
2474 3280 2707 3339 additis

205 3372 486 3451 sontibus,
517 3394 599 3439 ex
636 3378 862 3455 quibus
897 3384 1044 3438 sunt
1079 3378 1361 3450 haustae,
1391 3378 1931 3456 testimoniisque,
1967 3378 2192 3454 quibus
2232 3378 2703 3447 confirmantur,

206 3474 328 3529 sunt
349 3477 683 3553 congestae
709 3473 1062 3555 (apparatus
1083 3476 1300 3555 critici)
1327 3479 1516 3552 atque
1547 3474 1947 3536 collectiones
1972 3477 2263 3534 textuum
2290 3474 2695 3549 antiquorum

209 3564 257 3622 S·
287 3566 634 3649 Scripturae
666 3568 1082 3653 (Polyylotca).

264 3688 360 3757 Qui
383 3707 598 3749 sacram
618 3692 867 3750 criticam
897 3692 1083 3751 debito
1111 3691 1281 3749 modo
1310 3709 1567 3751 exercere
1594 3694 1741 3762 velit,
1770 3694 1961 3750 multis
1985 3693 2261 3764 variisque
2279 3692 2524 3749 scientiis
2548 3707 2708 3749 orna·

213 3780 284 3829 tus
305 3778 368 3833 sit
387 3789 624 3851 oportet.
661 3782 781 3838 Nisi
807 3782 880 3837 sit
914 3782 1094 3839 bonus
1125 3782 1443 3855 theologus,
1477 3781 1772 3839 lectionem
1802 3780 2098 3837 admittere
2129 3780 2288 3837 facile
2326 3789 2525 3852 potest,
2568 3794 2709 3851 quae

213 3874 314 3919 eum
337 3870 570 3925 revelata
597 3867 848 3927 doctrina
876 3870 1062 3941 aliqua
1091 3879 1325 3942 pugnat3
1353 3870 1462 3925 nisi
1489 3869 1741 3926 omnium
1760 3868 2168 3940 Scripturarum
2192 3877 2505 3924 accuratam
2529 3868 2707 3938 possi-

218 3948 320 4007 deat
341 3954 624 4013 scientiam
639 3996 656 4025 ,
681 3958 805 4013 illas
831 3958 1095 4014 lectiones
1117 3973 1232 4013 non
1257 3973 1477 4029 semper
1504 3957 1741 4027 reiiciet,
1777 3974 1919 4030 quae
1944 3956 2189 4013 textibus
2214 3955 2543 4011 indubitatis
2571 3971 2707 4011 con-

219 4036 486 4115 tradicunt;
521 4044 629 4100 nisi
670 4045 982 4119 linguarum
1018 4044 1310 4102 hebraicae
1344 4060 1682 4120 graecaeque
1718 4054 1884 4118 atque
1918 4046 2152 4101 aliarum
2184 4060 2433 4116 quoque,
2473 4058 2706 4114 quarum

223 4128 460 4188 versiones
484 4132 878 4189 examinandae
905 4142 1053 4203 sunt,
1086 4134 1450 4204 peritissimus
1477 4133 1579 4201 sit,
1609 4148 1916 4205 numquam
1942 4132 2013 4189 de
2046 4132 2211 4187 variis
2242 4130 2567 4188 lectionibus
2594 4146 2709 4186 cer-

221 4220 316 4269 tum
333 4216 592 4277 iudicium
629 4220 773 4277 serre
804 4220 1035 4293 poterit3
1070 4221 1378 4277 vastissima
1405 4219 1605 4277 deinde
1630 4230 1685 4277 et
1711 4230 1966 4279 accurata
1995 4220 2048 4277 ei
2076 4219 2384 4275 necessaria
2408 4226 2491 4273 est
2516 4220 2707 4289 cogni-

225 4298 286 4355 tio
313 4306 581 4381 codicum,
619 4307 690 4365 de
733 4324 972 4381 quorum
1006 4310 1335 4366 auctoritate
1369 4308 1512 4365 nihil
1540 4316 1783 4365 statuere
1820 4316 2029 4381 potest,
2070 4308 2178 4363 nisi
2214 4322 2408 4362 eorum
2440 4314 2705 4369 aetatem,

228 4386 484 4467 ⁰viginem,
520 4395 819 4462 familiam,
855 4404 1060 4453 statum
1095 4406 1438 4467 praesentem
1475 4406 1807 4469 cognoscat,
1843 4405 2011 4468 atque
2046 4395 2197 4451 idem
2239 4393 2329 4449 dic
2365 4392 2435 4450 de
2480 4396 2707 4449 Patrum

231 4482 510 4541 auctoritate
541 4494 646 4543 etc.
683 4483 940 4550 Accedit,
973 4482 1126 4556 quod
1156 4486 1263 4540 nisi
1291 4484 1493 4541 subtile
1521 4494 1855 4559 acutumque
1886 4485 1959 4539 sit
1994 4483 2112 4539 eius
2139 4482 2444 4554 ingenium,
2476 4496 2541 4537 ex
2573 4496 2709 4537 con-

231 4568 350 4621 textu
367 4568 620 4629 lectiones
645 4589 760 4629 non
791 4572 994 4645 poterit
1020 4571 1351 4640 diiudicare,
1384 4588 1567 4644 neque
1599 4589 1665 4628 ex
1699 4574 1842 4644 stylo
1872 4570 2251 4642 dictioneque,
2282 4570 2389 4625 nisi
2422 4570 2595 4625 literis
2621 4582 2711 4639 ap·

234 4650 372 4717 prime
401 4658 468 4714 sit
501 4660 766 4717 excultus.
804 4663 1063 4739 Summae
1098 4660 1269 4733 igitur
1293 4660 1486 4733 procul
1522 4658 1691 4716 dubio
1720 4658 2065 4715 difficultatis
2088 4666 2173 4715 est
2197 4672 2288 4713 ars
2315 4658 2505 4714 critica
2520 4697 2535 4722 ‚
2560 4657 2614 4717 ,si
2642 4653 2709 4711 ad
