3050 5184
396 301 511 359 563
544 315 620 358 DE
662 314 805 358 Now
850 317 1015 360 TEST.
1061 317 1245 362 mulus
1286 317 1637 362 mnAcTIcls.
1673 335 1748 346 ··-·
1778 319 1908 362 CAP.
1944 318 2011 361 11.
2059 319 2133 362 D}
2181 319 2366 364 Erlsr.
2415 317 2584 362 PAULI
2625 315 2868 362 strictus.

395 463 497 516 pro
517 461 631 502 uno
658 447 776 501 viro
802 467 853 516 ι,
878 457 946 502 at.
956 447 1127 504 iidem
1150 464 1371 522 quoque
1396 451 1590 505 Patres
1607 449 1728 504 eius
1747 449 2164 520 inspirationem
2195 450 2418 520 optimis
2435 448 2760 521 argumentis
2777 446 2878 500 vin-

395 533 651 590 dicarunt
673 545 963 590 monentes
984 552 1109 592 eam
1136 537 1359 608 plenam
1385 553 1503 592 esse
1521 537 1740 594 utilium
1765 536 2164 594 doctrinarum.
2195 557 2224 589 α
2248 537 2406 608 Mihi,
2427 538 2606 608 inquit
2623 538 2678 593 S.
2711 538 2879 590 Hiero-

394 638 605 690 nymus
636 622 695 688 (l.
727 624 797 692 c.)
815 665 829 690 ,
861 622 1117 679 videntur
1156 624 1216 691 ii,
1257 625 1351 696 qui
1388 624 1681 695 epistolam
1716 624 2080 697 simplicitatis
2107 633 2368 697 arguunt,
2408 639 2562 680 suam
2589 623 2882 695 imperitiam

396 709 629 780 prodere
650 726 767 766 non
792 711 1175 783 intelligentes,
1227 711 1360 783 quid
1399 713 1459 768 in
1498 713 1730 786 singulis
1762 713 2112 769 sermonibus
2147 713 2366 768 virtutis
2414 729 2480 768 ac
2503 711 2786 783 sapientiae
2819 709 2883 764 la-

394 807 523 854 teat.
558 817 583 848 »
611 829 682 838 ——-
710 799 864 854 Inter
884 800 1184 855 modernos
1216 819 1241 850 α
1268 801 1489 857 criticos
1514 821 1542 852 ι)
1573 817 1795 874 quoque
1828 817 1972 858 unus
1999 802 2210 858 alterve
2243 801 2419 857 Panlo
2455 799 2740 873 epistolam
2765 797 2885 853 abin-

394 885 618 951 dicavit,
650 885 748 942 sed
768 887 1031 958 quoniam
1058 898 1383 960 argumenta
1410 906 1523 944 non
1551 889 1755 954 attulit,
1787 905 1916 946 eum
1945 889 2452 960 praetermittimus.

1046 1075 1081 1158 ἓ
1114 1079 1221 1139 13.
1254 1113 1341 1122 -
1368 1077 1463 1139 De
1492 1073 1776 1164 epistola
1800 1073 1896 1140 ad
1921 1075 2274 1142 Hebraeos,

474 1259 532 1315 1.
564 1291 644 1300 -
667 1257 715 1317 Ι.
744 1259 835 1318 Dr:
856 1273 1182 1319 smsromn
1211 1275 1503 1320 Aucrona.
1541 1259 1844 1331 Quoniam
1872 1261 2142 1338 epistola
2175 1260 2255 1320 ad
2285 1261 2475 1322 Hebr.
2517 1257 2888 1336 inscriptione

395 1358 593 1423 caret,
628 1355 793 1431 stylo
826 1371 861 1414 a
885 1355 1177 1432 genuinis
1206 1355 1481 1432 paulinis
1511 1355 1755 1429 differt,
1791 1361 2007 1417 auctor
2036 1375 2104 1418 se
2142 1356 2462 1435 Apostolis
2491 1356 2798 1417 iuniorem
2823 1351 2888 1410 di-

394 1465 533 1509 cere
560 1447 749 1532 (13,7)
781 1454 845 1510 et
874 1468 951 1511 ex
971 1452 1413 1530 Apostolorum
1438 1469 1705 1514 numero
1730 1453 2064 1515 excludere
2095 1451 2246 1534 (23)
2275 1452 2550 1525 videtur,
2581 1450 2890 1526 antiquitus

395 1546 522 1606 iam
554 1547 763 1607 variae
794 1549 1143 1608 sententiae
1176 1548 1252 1608 de
1284 1549 1420 1609 eius
1451 1549 1694 1628 origine
1724 1554 1868 1612 sunt
1902 1555 2170 1610 exortae.

464 1647 774 1714 Antequam
799 1643 855 1698 in
893 1643 1155 1714 epistolae
1184 1643 1349 1700 huius
1375 1645 1741 1706 occasionem,
1775 1645 1962 1715 finem,
1993 1653 2384 1719 argumentum
2409 1645 2780 1716 inquiramus,
2803 1641 2888 1696 sol·

396 1729 605 1785 vendae
629 1738 757 1786 sunt
776 1731 1124 1802 quaestiones
1141 1731 1209 1788 de
1233 1733 1349 1788 eius
1366 1741 1594 1789 auctore
1615 1733 1916 1805 primisque
1936 1733 2253 1802 lectoribuS,
2275 1748 2418 1805 quae
2439 1733 2640 1804 primis
2657 1729 2892 1788 Ecclesiae

394 1817 625 1874 saeculis
650 1818 765 1874 iam
792 1818 1015 1875 fuerunt
1042 1829 1447 1876 controversae.
1478 1823 1742 1889 Quamvis
1770 1822 1918 1877 enim
1953 1821 2162 1878 multae
2199 1821 2462 1878 ecclesiae
2498 1836 2628 1875 eam
2663 1821 2774 1875 sine
2803 1815 2888 1870 ulla

394 1905 759 1978 haesitatione
786 1906 933 1962 inter
961 1907 1213 1978 paulinas
1239 1907 1569 1980 reciperent,
1601 1910 1740 1966 aliae
1766 1917 1956 1966 tamen
1990 1925 2104 1966 non
2139 1909 2245 1964 nisi
2279 1907 2440 1964 tarde
2476 1907 2537 1963 in
2566 1920 2824 1964 canonem
2850 1913 2892 1958 et

392 1991 607 2050 tardius
628 1993 774 2050 inter
802 1995 1037 2067 genuina
1060 1995 1217 2052 Pauli
1245 2012 1414 2068 opera
1437 2011 1564 2054 eam
1591 1996 1951 2054 admiserunt.
1983 1995 2291 2053 Dubitandi
2318 1997 2564 2052 rationes
2591 2011 2754 2066 supra
2775 1991 2889 2048 indi-

392 2089 543 2138 catas
579 2084 772 2139 Patres
811 2082 924 2138 iam
962 2083 1374 2156 perpenderunt
1391 2126 1405 2148 ,
1442 2100 1623 2157 neque
1663 2083 1992 2150 defuerunt,
2033 2085 2130 2158 qui
2157 2084 2268 2140 illis
2312 2083 2550 2157 permoti
2595 2083 2764 2139 Paulo
2795 2095 2892 2135 eam

394 2169 827 2226 abiudicaverint
853 2171 1107 2251 interque
1134 2173 1465 2242 apostolicos
1488 2173 1638 2230 viros
1665 2183 1951 2235 auctorem
1983 2173 2336 2242 (Barnabam,
2365 2172 2713 2228 Clementem
2735 2173 2888 2226 Rom..

394 2259 603 2314 Lucam
644 2262 773 2324 etc.)
810 2259 1173 2330 quaesierint,
1214 2259 1309 2315 alii
1349 2269 1537 2316 autem
1571 2261 1808 2318 Paulum
1844 2275 1968 2317 eam
2006 2259 2265 2318 hebraice
2300 2260 2608 2330 scripsisse,
2649 2273 2810 2314 unum
2843 2269 2892 2309 ex

392 2345 710 2416 apostolicis
744 2345 875 2402 viris
912 2361 1107 2419 graece
1144 2363 1266 2403 eam
1303 2347 1606 2404 reddidisse
1647 2349 1910 2420 suspicati
1945 2357 2106 2418 sunt,
2147 2348 2241 2404 alii
2280 2347 2429 2404 inter
2467 2355 2786 2413 auctorem,
2821 2343 2892 2414 qui

392 2441 801 2505 argumentum,
832 2433 1004 2502 ideas,
1036 2433 1399 2507 idearumque
1422 2451 1631 2491 nexum
1659 2445 1716 2492 et
1742 2436 2162 2507 explicationem
2189 2435 2646 2508 suppeditaverit,
2677 2437 2895 2502 interque

391 2521 737 2592 scriptorem,
759 2523 851 2593 qui
870 2520 1007 2577 ideis
1028 2521 1387 2594 suppeditatis
1408 2531 1692 2580 externam
1719 2525 1954 2580 sormam
1973 2523 2248 2593 tribuerit,
2270 2522 2646 2579 distinxerunt
2661 2520 2892 2578 Paulum-

390 2625 497 2681 que
526 2608 784 2664 dixerunt
810 2617 1133 2677 auctorem,
1166 2627 1339 2666 unum
1368 2626 1435 2665 ex
1458 2611 1776 2682 apostolicis
1803 2611 1933 2667 viris
1961 2615 2326 2684 scriptorem.
2356 2611 2640 2679 Quoniam
2655 2617 2770 2665 tota
2785 2607 2895 2661 baec·

388 2698 637 2770 quaestio
660 2705 745 2753 est
772 2696 1050 2767 historica,
1082 2699 1440 2770 antiquorum
1466 2699 1693 2755 testium
1719 2700 2047 2771 praeprimis
2068 2715 2324 2772 rogemus
2344 2698 2654 2754 sententias
2677 2701 2892 2768 oporte-12

386 2787 603 2842 interna
631 2793 817 2842 autem
846 2795 1172 2859 argumenta
1200 2786 1441 2842 secundo
1468 2788 1527 2842 in
1553 2787 1678 2843 loco
1708 2787 2130 2860 perpendemus,

466 2915 525 2972 2.
573 2945 651 2954 ——-
690 2912 819 2971 Iam
848 2928 1001 2972 vero
1042 2913 1321 2972 ecclesiae
1358 2913 1675 2972 orientales
1712 2929 1932 2973 omnes
1975 2912 2240 2972 Paulum
2282 2910 2590 2988 epistolae
2633 2913 2892 2972 auctorem

388 3025 525 3070 esse
555 3008 838 3068 unanimi
869 3025 1179 3069 consensu
1206 3011 1540 3083 testantur,
1580 3009 1700 3069 etsi
1739 3009 2026 3069 nonnulli
2064 3011 2278 3069 Patres
2317 3007 2750 3073 difficultates,
2779 3004 2890 3082 qui-

388 3108 503 3167 bus
544 3105 804 3183 paulina
846 3106 980 3165 eius
1025 3105 1203 3184 origo
1248 3105 1578 3182 premitur,
1611 3105 1852 3184 optime
1892 3104 2300 3183 cognoverint
2343 3107 2408 3164 et
2445 3102 2888 3182 perpenderint.

386 3201 539 3262 Inde
580 3219 619 3260 a
654 3218 815 3262 saec.
862 3205 921 3260 4.
966 3202 1362 3262 occidentales
1400 3203 1678 3263 eeclesiae
1715 3219 1996 3279 quoque,
2033 3218 2194 3278 quae
2235 3217 2312 3260 eo
2355 3216 2554 3277 usque
2587 3198 2892 3280 epistolam

387 3303 494 3358 aut
520 3298 877 3374 ignorarant
895 3302 1002 3357 aut
1027 3299 1209 3359 alteri
1238 3300 1479 3359 auctori
1508 3298 2004 3375 adscripserant,
2035 3314 2178 3358 cum
2206 3296 2626 3357 orientalibus
2655 3311 2892 3357 consen-

386 3392 507 3454 tire
534 3399 907 3470 coeperunt;
942 3412 977 3454 a
1008 3395 1242 3455 saeculi
1267 3400 1325 3455 4.
1360 3397 1484 3455 fine
1510 3395 1762 3474 paulina
1790 3396 1966 3471 origo
1991 3395 2058 3453 in
2082 3397 2214 3454 tota
2241 3393 2522 3454 Ecclesia
2549 3398 2651 3454 est
2678 3392 2890 3470 agnita.

392 3507 593 3568 usque
620 3489 771 3550 dum
800 3507 965 3550 saec.
1003 3493 1098 3552 16.
1132 3491 1391 3569 antiqua
1416 3492 1840 3552 controversia
1869 3496 1965 3552 est
1991 3491 2379 3550 resuscitata.

456 3591 543 3654 a.)
570 3585 821 3641 Primum
849 3585 1037 3640 locum
1064 3587 1213 3642 inter
1246 3602 1632 3644 cumanus
1661 3601 1991 3644 nccnnslas
2035 3584 2486 3642 alexandrinae
2513 3584 2734 3654 damuS,
2775 3597 2892 3654 quae

385 3674 514 3732 inde
540 3691 571 3730 a
596 3671 779 3728 medio
803 3672 1021 3728 saeculo
1050 3680 1104 3729 2.
1136 3673 1240 3730 sibi
1264 3690 1481 3746 semper
1503 3675 1853 3730 consentiens
1879 3673 2116 3730 Paulum
2143 3673 2407 3744 epistolae
2429 3679 2736 3728 auctorem
2759 3667 2890 3728 dixit.

384 3764 511 3819 licet
540 3760 610 3817 de
638 3761 757 3818 eius
784 3762 1073 3829 scriptore
1099 3761 1398 3818 dubitaret.
1423 3767 1768 3818 Pantaenus
1801 3769 1857 3817 et
1886 3761 2151 3818 Clemens
2179 3760 2353 3815 Alex.
2393 3760 2630 3816 Paulum
2663 3756 2892 3815 hebraice

386 3867 508 3907 eam
536 3849 835 3921 scripsisse,
862 3851 1074 3906 Lucam
1096 3865 1217 3906 eam
1246 3865 1443 3922 graece
1465 3849 1890 3920 interpretatum
1917 3864 2036 3904 esse
2057 3847 2410 3904 tradiderunt
2441 3846 2541 3918 (cfr
2561 3851 2712 3904 Eas.
2749 3847 2814 3901 H.
2839 3843 2888 3897 Ε.

383 3941 480 3994 VI.
516 3943 632 4006 14);
666 3940 949 4010 Oriqenes
985 3959 1011 3990 α
1030 3954 1144 3994 non
1168 3945 1377 3993 temere
1400 3938 1640 3992 maiores
1663 3953 1790 3992 eam
1816 3937 1988 3992 Paulo
2017 3936 2334 3992 attribuisse
2366 3957 2390 3986 n
2415 3935 2628 3998 asserit,
2653 3932 2888 3991 historica

383 4036 569 4083 autem
598 4025 932 4082 documenta
959 4026 1029 4082 de
1056 4025 1172 4082 eius
1210 4026 1475 4096 scriptore
1503 4041 1618 4080 non
1652 4023 1812 4095 plane
1852 4024 2166 4079 consentire
2183 4065 2200 4090 ,
2231 4038 2403 4094 quum
2439 4022 2546 4078 alia
2573 4023 2890 4080 Clementem

384 4119 550 4171 Rom.
556 4156 576 4184 ‚
602 4115 707 4170 alia
730 4115 939 4170 Lucam
963 4116 1252 4170 nominent
1276 4113 1444 4185 (apud
1466 4115 1602 4168 Eus.
1623 4113 1695 4167 H.
1721 4114 1784 4167 E.
1807 4114 1904 4168 VI.
1927 4111 2060 4181 25.).
2087 4111 2348 4168 Ceterum
2367 4111 2622 4166 Clemens
2647 4119 2700 4166 et
2725 4108 2889 4178 OrIge·

382 4219 483 4260 nes
500 4201 817 4274 saepissime
830 4202 933 4258 sub
948 4203 1103 4258 Pauli
1120 4202 1347 4257 nomine
1366 4201 1654 4272 epistolam
1673 4199 1932 4271 allegant,
1953 4214 2158 4270 eosque
2177 4200 2350 4254 secuti
2369 4207 2497 4254 sunt
2515 4199 2573 4255 S.
2599 4195 2892 4267 Dionysius

383 4292 559 4349 Alex.
585 4295 691 4362 (ep.
718 4290 789 4346 ad
806 4289 942 4345 Fab.
970 4293 1045 4359 2),
1070 4289 1128 4344 S.
1150 4293 1355 4344 Petrus
1382 4289 1554 4343 Alex.
1579 4293 1687 4358 (ep.
1709 4301 1834 4342 can.
1859 4286 1936 4358 9),
1963 4289 2021 4343 S.
2045 4285 2396 4343 Alexander
2413 4286 2504 4353 (de
2531 4287 2716 4341 Arian.
2739 4283 2886 4339 Haer.

384 4397 473 4453 ep.
504 4387 553 4436 1.
584 4385 680 4446 2.),
712 4379 770 4434 S.
802 4378 1177 4434 Athanasius
1204 4379 1403 4444 (Serm.
1434 4391 1484 4432 c.
1516 4375 1708 4431 Arian.
1750 4375 1826 4430 11.
1871 4383 1918 4430 1.
1952 4381 2006 4429 6.
2043 4381 2076 4430 7
2117 4377 2266 4444 etc.),
2299 4373 2588 4444 Didymus
2625 4371 2786 4428 Alex.
2815 4365 2890 4432 (de

383 4469 538 4524 Trin.
572 4469 616 4522 l.
653 4471 717 4521 15
756 4470 908 4534 etc.),
946 4467 1005 4521 S.
1050 4465 1312 4536 Cyrillus
1341 4465 1514 4520 Alex.
1559 4462 1743 4529 (TheS.
1776 4461 1845 4518 de
1874 4461 2028 4518 Trin.
2061 4463 2184 4518 Ass.
2215 4467 2271 4517 4.
2300 4467 2352 4516 7.
2397 4465 2550 4529 etc.),
2588 4455 2890 4516 Enthacius

386 4557 551 4612 diac.
584 4557 706 4624 (Ep.
736 4551 895 4608 Paul.
922 4557 1109 4625 Arg.);
1144 4553 1200 4607 in
1224 4550 1505 4608 codicibus
1533 4549 1925 4606 alexandrinae
1953 4549 2217 4605 ecclesiae
2243 4549 2391 4604 inter
2417 4548 2668 4619 paulinas
2683 4539 2886 4616 epistola

386 4642 459 4699 ad
484 4640 653 4698 Hebr.
682 4639 959 4696 decimum
981 4641 1168 4696 locum
1189 4639 1401 4695 habuit.
1424 4671 1496 4680 —
1519 4637 1978 4695 palaestinensis
1997 4636 2261 4693 ecclesiae
2285 4643 2452 4692 testes
2479 4643 2611 4691 sunt
2629 4629 2888 4690 Eusebius
