3050 5184
403 322 482 380 84
563 335 715 377 msT.
751 334 1092 379 VERSIONUM
1121 334 1180 378 U.
1213 335 1270 377 T.
1311 352 1391 361 —
1419 334 1551 379 cAP.
1597 334 1693 377 111.
1732 333 1807 376 ΒΕ
1846 332 2101 377 GRAECIS
2138 332 2275 375 VET.
2324 332 2484 377 TEST.
2532 330 2945 377 vmsloanS.

405 481 577 535 quum
607 466 996 533 vaticiniorum
1038 464 1232 522 ordine
1265 474 1388 521 tum
1416 466 1722 521 multorum
1759 480 2018 521 versuum
2058 464 2567 535 vocabulorumque
2610 462 2947 529 omission03

405 551 570 606 etiam
595 552 656 607 in
683 552 826 609 libro
851 553 952 609 Iob
973 553 1150 609 multa
1181 552 1484 609 desiderari
1511 552 1782 621 diximus;
1813 552 1873 608 in
1900 552 2057 608 libris
2086 554 2301 625 Regum
2330 560 2517 607 autem
2544 566 2741 622 graeca
2763 551 2953 605 versio

406 637 553 694 haud
582 655 759 711 pauea
801 637 957 696 addit
985 649 1090 695 etc.
1123 640 1275 697 Olim
1313 642 1400 695 vix
1431 656 1547 696 non
1578 656 1771 697 omnes
1811 647 1867 695 et
1906 638 2071 695 bodie
2112 638 2285 711 aliqui
2314 640 2689 695 Protestantes
2716 637 2953 693 hebrai-

405 743 533 782 cum
559 735 776 783 textum
804 726 1055 783 absolute
1075 726 1496 799 praeferendum
1515 728 1900 783 existimarunt
1920 726 2399 798 interpretumque
2418 740 2745 799 graecorum
2762 725 2953 797 negli-

405 814 650 885 gentiae,
688 813 1033 884 ignorantiae
1047 856 1062 879 ,
1107 814 1336 871 arbitrio
1383 830 1577 871 omnes
1627 814 2024 885 discrepantias
2070 812 2440 870 attribuerunt
2483 821 2581 869 aut
2633 812 2955 869 versionem

399 896 472 956 'ex
507 911 772 973 corrupto
803 901 1104 973 exemplari
1134 901 1394 958 hebraico
1421 901 1749 959 adornatam
1779 902 2061 958 dixerunt.
2100 900 2288 957 Altera
2336 917 2402 955 ex
2430 908 2587 972 parte
2610 914 2725 955 non
2758 897 2953 954 desue-

405 997 535 1045 runt
568 988 714 1045 inter
732 988 1068 1059 catholicos,
1093 989 1189 1061 qui
1216 989 1285 1045 de
1313 998 1471 1045 textu
1497 990 1897 1046 massorethico
1923 989 2168 1061 iniquius
2195 988 2495 1044 sentientes
2528 986 2953 1043 alexandrinam

406 1076 716 1132 versionem
763 1076 964 1147 pluris,
997 1092 1162 1149 quam
1199 1092 1440 1149 aequum
1477 1085 1561 1133 est
1577 1121 1590 1145 ‚
1632 1077 2005 1133 aestimarent.
2056 1080 2129 1131 At
2174 1092 2301 1131 cum
2338 1074 2616 1147 plerIsque
2662 1073 2956 1129 modernis

405 1162 693 1219 catholicis
721 1172 776 1219 et
803 1164 1210 1234 protestanticis
1245 1164 1641 1236 interpretibus
1677 1163 1859 1220 media
1892 1165 1976 1219 via
2003 1172 2261 1219 teneatur
2289 1172 2535 1235 oportet,
2566 1170 2629 1218 ut
2656 1161 2956 1231 utriusque

405 1258 588 1306 textus
622 1249 951 1307 lectionibus
982 1260 1238 1308 accurate
1265 1252 1549 1324 perpensis
1584 1252 1711 1308 illae
1739 1251 2034 1324 eligantur,
2062 1266 2203 1322 quae
2240 1250 2450 1306 maiore
2486 1257 2959 1325 argumentorum

408 1338 649 1409 pondere
677 1338 1007 1410 praevalent.

581 1544 616 1625 ξ
653 1548 717 1609 9.
761 1581 851 1591 -
888 1546 984 1609 De
1017 1542 1294 1632 reliquis
1329 1543 1738 1611 versionibus
1762 1543 2021 1633 qraecis
2061 1543 2303 1610 Veteris
2344 1539 2761 1607 Testamenti.

489 1754 543 1811 1.
599 1786 675 1795 -——
720 1754 1092 1830 Priusquam
1141 1754 1584 1815 alexandrinae
1624 1754 1929 1815 versionis
1970 1753 2233 1813 historia
2285 1755 2627 1820 enarretur,
2670 1750 2749 1809 de
2805 1750 2956 1809 aliis

407 1849 800 1909 versionibus
830 1850 1073 1926 graecis
1103 1850 1418 1929 agendum
1448 1857 1573 1923 est,
1608 1850 2044 1929 quae·saeculo
2070 1853 2127 1909 2.
2150 1868 2212 1928 p.
2238 1848 2379 1909 Chr.
2414 1852 2665 1908 exortae
2694 1846 2772 1905 ad
2804 1846 2956 1906 eius

407 1948 643 2004 textum
665 1946 1195 2023 corrumpendum
1215 1964 1341 2006 non
1362 1964 1582 2025 parum
1612 1948 2033 2008 contulerunt.

475 2056 848 2114 Alexandrina
875 2058 1086 2124 versio,
1118 2059 1535 2131 quamprimum
1572 2060 1632 2115 in
1670 2062 1852 2116 lucem
1898 2058 2132 2131 prodiit,
2174 2058 2419 2113 maximo
2465 2072 2592 2113 cum
2636 2055 2836 2127 plausu
2874 2056 2955 2111 ab

406 2142 664 2200 omnibus
693 2143 909 2201 Iudaeis
955 2155 1178 2217 accepta
1207 2156 1308 2215 est,
1335 2146 1412 2202 ita
1451 2156 1513 2202 ut
1550 2162 1581 2202 a
1622 2146 2115 2218 palaestinensihus
2143 2161 2365 2218 quoque
2398 2143 2786 2209 adhiberetur;
2820 2158 2954 2198 cam

407 2232 556 2287 velut
582 2232 782 2288 ducem
805 2247 968 2287 suum
1000 2232 1118 2289 fere
1145 2249 1362 2306 semper
1389 2235 1639 2306 sequitur
1671 2236 1754 2289 Fl.
1796 2234 2091 2305 losephuS‚
2126 2233 2413 2305 presbyter
2440 2230 2953 2303 ierosolymitanus,

405 2323 664 2375 Attamen
710 2320 932 2391 quando
961 2321 1287 2388 Christiani,
1316 2323 1410 2393 qui
1448 2320 1839 2378 alexandrinos
1879 2322 2050 2378 libros
2096 2320 2166 2377 ab
2194 2318 2475 2391 Apostolis
2516 2327 2846 2390 acceperant
2894 2327 2957 2373 et

402 2408 650 2479 plerique
674 2406 744 2462 ob
773 2407 993 2481 linguae
1017 2410 1388 2481 ignorantiam
1415 2410 1690 2466 hebraicis
1718 2410 1800 2465 uti
1826 2425 1939 2465 non
1962 2416 2239 2481 poterant,
2272 2408 2330 2463 in
2348 2408 2463 2463 suis
2481 2404 2958 2478 disputationibus

405 2494 477 2550 ad
505 2509 600 2550 eos
628 2495 976 2566 appellarunt
1003 2512 1070 2553 ex
1095 2497 1282 2568 eisque
1321 2496 1623 2553 adventum
1651 2497 1883 2553 Messiae
1913 2495 2391 2565 demonstrarunt,
2433 2494 2621 2550 ludaei
2656 2492 2727 2549 ad
2766 2508 2954 2565 angu-

405 2583 539 2638 stias
564 2581 779 2638 redacti
803 2582 1124 2640 fidelitatem
1149 2583 1417 2640 versionis
1443 2586 1502 2641 in
1531 2584 1763 2641 dubium
1789 2600 2006 2651 vocare,
2030 2584 2148 2639 eius
2169 2582 2487 2639 testimonia
2508 2578 2821 2653 repudiare,
2842 2598 2953 2635 no-

407 2684 500 2725 vas
528 2670 808 2726 versiones
835 2670 938 2726 sibi
972 2687 1294 2741 comparare
1321 2681 1639 2743 coeperunt,
1675 2670 1875 2744 quibus
1907 2671 2343 2727 Christianorum
2373 2678 2700 2743 argumenta
2728 2678 2951 2723 everte-

407 2765 546 2814 rent.
579 2758 732 2813 Haec
777 2758 1072 2830 praecipua
1101 2759 1318 2815 videtur
1362 2759 1530 2815 fuisse
1570 2775 1735 2815 causa
1762 2775 2035 2816 novarum
2074 2759 2405 2827 versionum,
2438 2772 2581 2829 quae
2614 2772 2756 2813 saec.
2790 2762 2845 2811 2.
2890 2774 2947 2828 p.

402 2837 536 2901 Chr.
559 2855 785 2901 exortae
805 2848 992 2917 paucis
1023 2844 1346 2919 fragmentis
1365 2847 1609 2919 exceptis
1634 2848 1947 2918 perierunt,
1968 2845 2070 2902 sed
2094 2846 2323 2918 vestigia
2343 2860 2443 2901 sua
2470 2845 2529 2900 in
2556 2843 2956 2901 alexandrinae

406 2933 672 2988 versionis
697 2942 852 2990 textu
879 2934 1240 3006 reliquerunt.

487 3086 544 3143 2.
576 3114 659 3128 --
685 3084 931 3145 Primus
959 3088 1250 3161 tempore
1294 3076 1462 3144 inter
1496 3102 1694 3145 novos
1724 3085 2101 3163 interpretes
2136 3083 2256 3143 fuit
2292 3085 2585 3155 Αουιιᾼε,
2618 3082 2953 3156 PontieuS,

407 3184 476 3241 ut
504 3180 774 3251 videtur,
809 3180 1063 3241 natione
1092 3198 1298 3258 neque
1327 3197 1558 3259 genere
1596 3181 1705 3241 sed
1745 3180 2138 3258 professione
2174 3180 2468 3252 ludaeuS,
2504 3178 2611 3256 qui
2648 3178 2955 3239 Hadriani

407 3274 770 3354 (nm-138.)
801 3280 1004 3336 aetate
1035 3276 1211 3336 vixit.
1235 3276 1304 3336 In
1333 3294 1498 3337 nova
1527 3294 1640 3337 sua
1665 3277 1985 3351 versione,
2011 3293 2201 3354 quam
2228 3275 2437 3336 ludaei
2464 3275 2953 3353 adoptaverunt,

411 3390 559 3433 eum
605 3371 934 3433 hebraicae
982 3372 1238 3433 lectioni
1293 3372 1609 3433 serviliter
1650 3373 1997 3433 inhaesisse
2044 3390 2251 3449 neque
2297 3372 2489 3431 verba
2531 3375 2779 3431 tantum
2836 3373 2955 3432 sed

410 3468 818 3546 etymologias
851 3486 1099 3546 quoque
1129 3470 1470 3531 verborum
1500 3470 1808 3548 neglectis
1836 3486 2095 3546 graecae
2132 3469 2385 3546 linguae
2417 3467 2772 3547 praeceptis
2810 3469 2961 3527 red-

411 3565 558 3625 dere
600 3582 735 3625 esse
781 3570 1099 3636 conatum,
1136 3565 1436 3643 Origenes
1478 3569 1543 3625 et
1580 3566 1641 3625 S.
1686 3566 2103 3643 Hieronymus
2140 3569 2455 3625 testantur
2491 3568 2557 3624 et
2600 3564 2959 3641 fragmenta

412 3661 748 3739 superstite
775 3663 1167 3723 confirmant.
1205 3662 1504 3740 Egregius
1544 3662 1738 3740 igitur
1778 3667 1873 3722 est
1908 3662 2255 3722 lectionum
2296 3661 2759 3732 hebraicarum,
2794 3678 2957 3737 quas

412 3774 559 3836 prae
590 3758 792 3818 oculis
819 3758 1038 3819 habuit
1057 3804 1071 3830 ‚
1105 3759 1306 3818 testiS.

481 3869 796 3925 Secundum
833 3871 891 3925 S.
931 3873 1298 3941 Epiphaniam
1329 3870 1419 3937 (de
1447 3869 1624 3927 Pond.
1656 3880 1711 3926 et
1752 3886 1924 3925 mens
1960 3878 2042 3927 14.
2071 3875 2156 3937 15)
2186 3868 2415 3935 Aquilas
2436 3867 2677 3941 (Ἃκύλας)
2696 3870 2965 3940 Synopae

410 3959 468 4014 in
495 3959 671 4013 Ponto
700 3966 880 4027 natus,
908 3958 1178 4013 Hadriani
1201 3958 1376 4013 soceri
1395 3957 1543 4014 filius
1562 3974 1627 4014 ex
1652 3957 1874 4015 ethnico
1894 3974 1953 4013 se
1975 3957 2105 4013 fecit
2122 3956 2517 4026 Christianum,
2542 3972 2609 4011 ex
2636 3956 2961 4013 Christiano

417 4045 709 4112 iudaeum3
741 4046 1032 4102 Ponticum
1075 4053 1132 4100 et
1171 4046 1508 4117 proselytum
1560 4044 1825 4101 Iudaeum
1868 4060 1996 4100 eum
2042 4046 2209 4101 etiam
2254 4044 2538 4115 appellant
2581 4044 2639 4099 S.
2672 4048 2961 4099 Irenaeum

415 4139 485 4199 (c.
519 4133 670 4189 haer.
703 4133 804 4188 111.
844 4136 956 4200 25),
988 4132 1276 4190 Eusebius
1319 4134 1497 4203 (Dem.
1544 4148 1737 4205 evang.
1779 4134 1905 4189 Vll.
1952 4138 2021 4201 1),
2055 4134 2113 4189 S.
2152 4136 2545 4203 Hieronymus
2584 4131 2675 4198 (de
2710 4131 2829 4185 Vir.
2866 4132 2956 4187 ill.

413 4225 523 4288 54),
555 4219 653 4277 sed
680 4220 748 4276 de
779 4219 1150 4291 frequentiore
1187 4220 1468 4292 religionis
1495 4221 1802 4276 mutatione
1826 4221 2007 4276 silent.
2042 4223 2177 4276 Cum
2203 4222 2258 4276 S.
2288 4218 2597 4291 Epiphanio
2628 4222 2685 4287 (l.
2716 4223 2792 4285 e.)
2814 4235 2961 4275 eon-

413 4309 654 4364 sentiunt
685 4308 929 4380 plerique
967 4310 1186 4376 PatreS,
1217 4307 1478 4378 Aquilam
1525 4324 1591 4363 ex
1621 4308 1749 4363 odio
1787 4308 2253 4375 Christianorum,
2285 4316 2347 4362 ut
2388 4307 2457 4362 iis
2490 4322 2647 4361 arma
2689 4306 2956 4375 eriperet,

421 4416 446 4445 (ι
477 4394 748 4465 quosdam
788 4395 1196 4467 seripturarum
1233 4403 1418 4450 textus
1450 4395 1783 4467 depravasse
1812 4416 1837 4446 n
1870 4406 2038 4467 atque
2076 4395 2401 4467 praesertim
2432 4393 2689 4449 vaticinia
2718 4394 2958 4450 messia-

416 4481 538 4535 niea
575 4481 916 4538 obscurasse.
957 4488 1224 4538 Attamen
1251 4482 1521 4553 Origenes
1545 4491 1602 4538 et
1628 4482 2026 4555 HieronymuS‚
2062 4482 2157 4555 qui
2184 4482 2291 4537 soli
2320 4482 2629 4538 versionem
2669 4482 2787 4537 eius
2826 4498 2958 4537 eum

417 4575 569 4622 textu
597 4567 856 4625 hebraico
884 4584 1206 4639 comparare
1234 4578 1556 4641 potuerunt,
1590 4590 1616 4622 α
1641 4569 1967 4643 diligentem
1998 4578 2055 4625 et
2082 4570 2360 4625 curiosum
2386 4570 2741 4641 interpretem
2770 4589 2825 4637 n,
2858 4569 2959 4640 qui

425 4674 450 4703 α
479 4653 777 4709 studiosius
811 4656 1208 4728 interpretatus
1243 4659 1314 4713 sit
1343 4656 1573 4713 verbum
1604 4656 1676 4713 ad
1704 4658 1937 4713 verbum
1962 4678 1987 4709 a
2026 4661 2101 4724 (S.
2139 4658 2304 4713 Hier.
2346 4657 2417 4713 ad
2447 4659 2609 4711 Dam.
2644 4670 2731 4727 ep.
2766 4662 2960 4725 36,12,
