3050 5184
363 310 481 369 240
559 323 636 367 nn
664 324 801 368 ver.
830 325 1084 369 rasum.
1117 326 1306 370 mnus
1333 326 1685 371 nis-ronnas.
1718 342 1797 355 —-
1826 326 1952 370 car.
1989 327 2073 369 lv.
2109 327 2181 371 nn
2210 326 2297 369 nt.
2334 312 2389 370 1.
2422 312 2480 369 2.
2517 323 2741 369 ancum.

612 455 842 513 relatam
867 456 936 513 ab
964 457 1220 513 omnibus
1243 458 1559 530 agnoscitur
1582 462 2013 528 (10‚17-11‚15);
2041 474 2151 530 quo
2183 457 2323 513 sacto
2352 456 2577 513 Samuel
2603 454 2873 511 iudiciario

613 558 842 600 munere
883 560 941 601 se
977 544 1196 602 abdicat
1234 550 1514 615 (12‚1-28).
1554 544 1665 603 Sed
1701 554 1926 617 propter
1960 544 2391 601 inobedientiam
2432 544 2609 601 Saulis
2650 543 2711 598 in
2742 541 2876 598 bello

613 631 942 701 philisthaeo
971 632 1209 703 primum
1237 630 1434 689 domus
1461 634 1580 689 eius
1603 633 1845 689 reiicitur
1868 638 2151 702 (13,1·14),
2183 630 2382 689 deinde
2410 645 2579 703 quum
2607 630 2710 687 Dei
2731 629 2878 686 bene·

613 718 750 773 ficiis
777 735 892 775 non
919 718 1260 776 obstantibus
1287 724 1335 787 (1
1345 726 1595 790 3,15-·14,
1626 724 1715 788 52)
1746 720 1983 776 alterum
2008 719 2256 776 divinum
2286 726 2639 790 praeceptum
2664 718 2723 773 in
2748 716 2881 772 bello

614 807 955 863 amalecitico
977 816 1120 865 esset
1141 816 1544 879 transgressuS,
1572 809 1690 879 ipse
1718 824 1941 880 quoque
1962 806 2291 878 reprobatur
2314 810 2603 876 (15,1-35).

439 898 491 948 2.
523 893 722 951 David
743 894 920 951 Sauli
943 912 1053 951 rex
1079 892 1350 967 suffectus
1376 895 1576 953 multis
1604 895 1833 952 aemuli
1860 894 2360 968 persecutionibus
2390 894 2477 950 ad
2499 894 2777 949 thronum
2802 906 2886 945 oc-

614 982 958 1055 cupandum
990 988 1397 1057 praeparatur
1438 988 1823 1053 (16‚1-31‚13).
1856 1013 1931 1026 —
1962 982 2141 1039 David
2172 997 2271 1053 per
2301 982 2615 1039 Samuelem
2642 978 2889 1052 privatim

619 1077 818 1125 unctus
865 1076 1126 1140 (16,1·13)
1173 1079 1231 1126 et
1275 1071 1426 1127 velut
1465 1070 1837 1144 cytharoedus
1885 1069 1956 1127 ad
2002 1071 2223 1127 Saulem
2270 1070 2559 1125 arcessitus
2602 1070 2888 1135 (16,15-33)

620 1155 833 1214 devicto
859 1158 1083 1214 Goliath
1112 1163 1383 1228 (17,1-54)
1411 1159 1470 1215 in
1495 1160 1701 1231 populo
1728 1158 1931 1215 claruit
1969 1156 2067 1214 sed
2112 1156 2291 1214 Saulis
2325 1155 2583 1213 invidiam
2624 1150 2897 1210 suscitavit

623 1248 997 1315 (17‚55-18‚9).
1016 1246 1208 1301 Multis
1221 1246 1389 1319 igitur
1406 1245 1614 1302 insidiis
1628 1247 1757 1302 Saul
1778 1262 1905 1303 eum
1922 1245 2271 1317 persequitur
2288 1252 2410 1301 tum
2428 1244 2483 1299 in
2502 1244 2631 1301 aula
2648 1240 2801 1313 regia
2813 1238 2895 1295 de-

623 1342 841 1405 gentem
871 1338 1284 1404 (18,10-19,17)‚
1325 1342 1448 1389 tum
1474 1333 1547 1389 ad
1592 1335 1907 1391 Samuelem
1933 1333 2345 1405 confugientem
2385 1341 2442 1387 et
2482 1332 2539 1386 in
2580 1339 2733 1386 terra
2769 1324 2897 1384 Iuda

620 1420 1126 1494 circumvagantem
1155 1426 1579 1492 (19,18-28,25),
1610 1422 1789 1478 donec
1814 1422 1873 1478 in
1904 1420 2299 1477 Philisthaeam
2336 1434 2455 1475 sese
2490 1418 2761 1488 recipiens
2790 1416 2896 1470 Da-

622 1509 715 1564 vid
741 1510 951 1582 Siceleg
984 1519 1218 1581 occupat
1250 1513 1543 1578 (2731-12).
1578 1511 1797 1566 Interea
1833 1509 1965 1567 Saul
1991 1510 2233 1565 instante
2269 1507 2416 1564 bello
2454 1504 2785 1579 philisthaeo
2812 1516 2898 1573 per

621 1598 936 1653 Samuelem
965 1606 1255 1653 evocatum
1283 1596 1353 1652 de
1377 1597 1628 1668 proxima
1659 1606 1837 1653 morte
1864 1596 2127 1652 edocetur
2153 1600 2446 1665 (28‚1-25),
2478 1602 2648 1665 atque
2671 1608 2739 1648 eo
2764 1599 2895 1646 tem-

626 1700 780 1755 pore,
821 1701 932 1756 quo
974 1684 1154 1741 David
1187 1685 1522 1744 Amalecitas
1565 1684 1783 1753 devicit,
1823 1684 1949 1740 Saul
1987 1684 2045 1740 in
2089 1697 2272 1755 pugna
2308 1690 2499 1738 contra
2540 1678 2897 1736 Philisthaeos

624 1772 768 1843 perit
795 1777 1074 1841 (31,1-13).

449 1861 604 1916 PAns
627 1874 868 1917 ALTERA
895 1861 990 1927 (11.
1022 1866 1326 1929 1,1-2ο,26)
1357 1861 1560 1917 throni
1582 1862 1809 1918 aeterni
1836 1860 1899 1916 in
1921 1860 2098 1915 domo
2124 1858 2385 1915 Davidis
2410 1856 2826 1929 fundationem
2849 1856 2897 1906 et

375 1944 886 2016 confirmationem
913 1952 1136 2004 narrat.

455 2043 505 2092 1.
531 2038 789 2107 Reqnum
811 2036 1054 2091 Daoidis
1077 2036 1140 2091 in
1165 2037 1402 2092 Hebron
1428 2040 1653 2111 eiusque
1687 2036 2049 2093 concertatio
2090 2050 2222 2090 cum
2264 2032 2441 2089 domo
2472 2030 2682 2088 Saulis
2719 2034 2895 2098 (1,1-4,

631 2128 740 2189 12).
770 2152 842 2164 -
867 2124 1044 2179 Saulis
1065 2125 1292 2179 interitu
1318 2122 1520 2181 defleto
1550 2128 1786 2193 (1‚1-27)
1814 2121 1994 2179 David
2015 2123 2075 2177 in
2105 2121 2335 2177 Hebron
2363 2118 2578 2192 publice
2610 2118 2899 2189 inaugura·

627 2216 719 2265 tur
748 2226 844 2267 rex
873 2210 1010 2266 Iuda
1035 2216 1264 2281 (2,1-7);
1295 2210 1392 2267 sed
1421 2211 1692 2279 isboseth,
1723 2210 1868 2268 filius
1894 2209 2101 2279 SauliS‚
2120 2208 2320 2265 Davidi
2341 2207 2552 2264 bellum
2575 2205 2750 2262 infert
2772 2208 2899 2271 (2,8-

630 2303 739 2368 32),
771 2298 920 2371 quod
947 2298 1276 2355 terminatur
1303 2296 1526 2355 Abnero
1552 2308 1607 2354 et
1636 2298 1887 2355 Ishoseth
1916 2297 2108 2353 occisis
2136 2301 2440 2365 (3,1-4,12).

451 2394 508 2443 2.
553 2387 776 2443 Thr-oni
795 2387 1030 2443 aeterni
1061 2388 1454 2459 promissione
1493 2392 1737 2459 accepta
1776 2386 1975 2441 David
2014 2385 2269 2457 qloriose
2308 2387 2519 2454 reynot
2560 2387 2710 2437 ante
2744 2390 2895 2434 suum

631 2476 866 2548 lapsum
895 2480 1234 2544 (5,1-10,19).
1266 2506 1337 2515 —
1362 2474 1449 2531 Ab
1471 2473 1729 2531 omnibus
1755 2488 1853 2529 rex
1878 2473 2054 2529 lsrael
2078 2472 2296 2544 agnitus
2322 2468 2503 2526 David
2530 2470 2587 2525 in
2613 2466 2901 2525 Ierusalem

629 2564 908 2620 lebusaeis
931 2572 1176 2635 ereptam
1203 2562 1462 2619 transfert
1493 2562 1651 2634 regni
1685 2560 1875 2617 sedem
1908 2568 2227 2631 terramque
2262 2574 2297 2615 a
2332 2556 2801 2613 Philisthaeornm
2834 2551 2901 2607 in·
3009 2622 3010 2627 η

629 2650 976 2708 cursionibus
1013 2651 1209 2707 liberat
1243 2655 1498 2719 (5‚1-25).
1534 2648 1751 2706 Deinde
1781 2664 1910 2705 arca
1939 2647 2163 2703 Domini
2200 2646 2259 2702 in
2284 2654 2535 2702 montem
2569 2644 2705 2700 Sion
2744 2652 2901 2697 trans-

626 2741 739 2796 lata
778 2744 1013 2809 (6,1-23)
1060 2740 1257 2811 accipit
1298 2738 1507 2795 aeterni
1552 2737 1741 2793 throni
1786 2734 2203 2809 promissionem
2248 2738 2300 2801 (⁷
2308 2737 2505 2803 ,1-29),
2538 2740 2711 2803 atque
2746 2726 2901 2785 felici-

629 2829 733 2884 bus
777 2826 938 2883 bellis
952 2870 967 2897 ,
1009 2827 1154 2883 bona
1209 2825 1681 2883 administratione
1694 2867 1710 2893 ‚
1762 2822 2213 2897 magnanimitate
2268 2835 2400 2892 erga
2440 2820 2623 2876 Saulis
2673 2826 2901 2891 posteros

630 2915 881 2972 clarescit
905 2919 974 2984 (8,
986 2919 1210 2983 1-10‚9).
1948 2978 1951 2981 ⁴

451 3012 507 3061 3.
545 3009 746 3076 Lapsa
778 2996 882 3057 suo
920 3018 1164 3075 reqnum
1201 3018 1418 3074 magno
1455 3000 1724 3075 periculo
1750 3002 1993 3072 exponit
2032 2998 2137 3053 sed
2165 2996 2535 3069 poenitentia
2575 3000 2727 3050 aeta
2766 2988 2902 3047 illud

633 3088 948 3162 confirmat
971 3094 1346 3158 (11,1·20,26).
1373 3120 1442 3129 -—
1468 3092 1555 3145 De
1583 3088 1799 3155 magnis
1821 3084 2139 3142 criminibus
2170 3082 2477 3139 commissis
2504 3084 2771 3150 (11,1-27)
2799 3088 2901 3150 gra·

634 3178 854 3235 vissime
891 3192 990 3249 per
1025 3176 1354 3249 prophetam
1380 3176 1691 3247 increpatus
1733 3179 1996 3243 (12,1-12)
2033 3170 2426 3244 poenitentiam
2468 3170 2582 3241 agit
2622 3168 2901 3236 veniaeque

632 3274 889 3338 acceptae
915 3265 1114 3337 pignus
1136 3263 1348 3321 obtinet
1371 3263 1661 3320 nativitate
1688 3261 1997 3319 Salomonis
2024 3269 2081 3316 et
2104 3258 2329 3315 victoria
2353 3256 2423 3332 de
2443 3256 2781 3313 Ammonitis
2806 3256 2900 3318 (12.

647 3352 853 3420 13-31).
894 3351 1157 3402 Attamen
1188 3344 1686 3417 primogenitorum
1722 3341 1965 3396 liliorum
1994 3338 2221 3393 interitu
2262 3351 2457 3409 graves
2489 3350 2702 3405 poenas
2731 3332 2892 3390 scele-

642 3452 768 3493 rum
797 3436 917 3492 luit.
947 3431 1351 3505 Primogenitus
1381 3430 1529 3485 enim
1563 3434 1782 3483 Amnon
1817 3434 2046 3499 propter
2080 3432 2338 3495 stuprum
2366 3438 2397 3477 a
2433 3421 2603 3477 fratre
2641 3420 2893 3477 Absalom

645 3522 911 3580 occiditur
934 3522 1327 3589 (13,1-14,32);
1359 3516 1628 3572 Absalom
1648 3517 1763 3587 ipse
1782 3522 1976 3570 contra
2004 3520 2217 3584 patrem
2231 3509 2464 3566 rebellat
2484 3508 2761 3581 (15‚1-37)
2781 3520 2895 3581 gra-

637 3607 870 3663 vissimis
911 3606 1126 3661 iniuriis
1167 3604 1362 3679 affligit
1403 3606 1675 3673 (16,1-23)
1725 3610 1890 3673 atque
1932 3598 2159 3655 tandem
2192 3598 2252 3653 in
2288 3594 2499 3667 proelio
2538 3595 2718 3650 victus
2752 3592 2903 3647 inter·

637 3696 822 3751 ficitur
872 3698 1269 3763 (17,1-18,32).
1317 3690 1689 3762 Triumphans
1730 3687 1909 3744 David
1954 3685 2255 3743 Ierusalem
2282 3682 2581 3738 revertitur
2630 3680 2903 3749 (wa-411¹,

639 3783 969 3840 rebellantes
997 3780 1174 3837 tribus
1202 3796 1300 3852 per
1337 3780 1472 3837 Ioab
1507 3778 1579 3835 ad
1613 3776 1983 3833 obedientiam
2006 3773 2207 3845 redigit
2236 3774 2531 3841 (ma-22),
2563 3770 2723 3843 regni
2744 3762 2904 3823 admi-

637 3872 1021 3927 nistrationem
1049 3869 1233 3925 denuo
1262 3868 1481 3924 ordinat
1512 3870 1828 3935 (mm-26).

461 3965 769 4019 Emmaus
795 3961 1149 4029 (21,1—24,25)
1181 3957 1476 4012 nonnulla
1504 3950 1705 4025 affert,
1737 3950 1950 4024 quibus
1976 3949 2209 4007 aeterni
2240 3947 2443 4003 throni
2468 3944 2752 4021 fundatio
2786 3938 2907 3997 iuu-

392 4057 630 4110 stratur
643 4052 658 4083 ¹
669 4091 683 4105 .

459 4230 526 4294 (1)
552 4232 652 4279 Sex
685 4226 894 4275 ultimae
921 4224 1184 4289 pericopae
1209 4232 1388 4283 magna
1415 4232 1533 4269 cum
1559 4220 1667 4267 arte
1695 4214 1965 4276 dispositae
2003 4211 2397 4277 pulcherrimum
2426 4208 2746 4259 constituunt
2772 4200 2911 4267 epilo-

395 4322 533 4373 gum.
563 4306 764 4358 Etenim
793 4304 946 4354 tertia
981 4305 1034 4352 et
1060 4304 1270 4366 quarta,
1302 4312 1432 4363 quae
1459 4298 1571 4348 eius
1597 4295 1741 4361 quasi
1772 4297 1893 4343 sunt
1918 4296 2151 4343 centrum
2180 4293 2231 4340 et
2259 4289 2495 4346 nucleus,
2528 4286 2757 4337 divinum
2780 4278 2907 4332 auxi·

399 4390 525 4439 lium
547 4384 730 4436 Davidi
750 4383 1048 4448 praestitum
1069 4378 1366 4443 aeternique
1380 4376 1553 4427 throni
1570 4374 1953 4439 promissionem
1971 4370 2203 4436 (22‚t-51)
2224 4372 2277 4419 et
2294 4367 2661 4418 dominatorem
2682 4360 2907 4413 Messinm.

397 4480 489 4533 per
515 4478 666 4531 quem
695 4464 910 4513 thronus
935 4458 1196 4512 davidicus
1223 4460 1486 4507 aeternum
1515 4455 1582 4505 sit
1604 4453 1883 4503 duraturus
1910 4450 2142 4513 (23‚1-7),
2168 4449 2359 4513 poetice
2382 4445 2656 4497 celebrant.
2682 4444 2787 4493 lam
2806 4448 2913 4486 vero

397 4548 623 4611 quatuor
662 4542 886 4605 reliquae
917 4540 1045 4589 duas
1072 4538 1166 4589 has
1204 4537 1276 4587 ita
1308 4534 1651 4593 circumdant,
1678 4535 1737 4582 ut
1767 4530 1931 4595 prima
1958 4530 2167 4579 ultimae
2184 4564 2197 4589 ,
2234 4525 2453 4578 secunda
2488 4522 2819 4588 paenultimae
2842 4526 2913 4564 re·

401 4624 712 4689 spondeant,
749 4620 878 4671 duae
903 4618 1102 4683 priores
1130 4620 1300 4668 autem
1333 4614 1533 4665 tertiam
1558 4616 1611 4662 et
1637 4614 1868 4676 quartam
1893 4610 2215 4673 praeparent,
2246 4604 2377 4657 duae
2405 4603 2709 4669 posteriores
2733 4594 2911 4649 easdem
