3050 5184
806 0 827 28 ,
978 0 1011 13 =

1064 121 1179 148 ·,.
1302 121 1308 131 ,

448 161 489 188 ,κ
707 187 717 200 ,
1408 155 1419 188 ι

786 215 833 240 ἱο

372 346 494 404 540
531 359 605 403 DE
630 360 773 404 N0v1
794 359 962 410 'tl-:51⁸2
995 359 1192 404 LIBRIS
1220 359 1584 404 DIDACTlcls.
1625 377 1696 386 —
1719 359 1846 402 GAP.
1884 361 1954 402 11.
1987 359 2064 402 DE
2091 360 2278 404 Eplsr.
2317 359 2589 402 PAules
2619 354 2869 400 sumnus

445 494 524 546 Ex
544 492 715 564 ipsius
735 491 996 563 epistolae
1018 500 1343 563 argumento
1365 491 1514 546 haud
1537 475 1771 547 obscure
1793 500 2040 563 apparet,
2062 491 2194 546 satis
2209 491 2351 547 laeta
2365 489 2714 546 Timotheum
2729 485 2878 558 magi·

374 587 489 634 stro
510 595 609 634 suo
629 578 700 635 de
722 579 983 634 ecclesiae
1006 578 1180 634 thess.
1202 588 1349 634 statu
1378 578 1648 634 retulisse.
1672 580 2058 634 Pei-secutione
2080 579 2227 634 enim
2249 595 2365 634 non
2387 577 2541 633 fracti
2563 573 2816 647 neophyti
2833 573 2881 628 in

375 665 486 721 fide
522 665 668 722 firmi
699 674 1118 737 permanserant
1154 682 1391 738 eamque
1425 681 1594 736 opere
1631 667 1708 722 ita
1737 666 2134 738 probaverant,
2163 675 2226 722 ut
2258 682 2435 722 novae
2467 663 2725 720 eoelesiae
2753 661 2879 716 fama

376 753 434 808 in
462 753 777 832 longinquis
804 755 967 810 terris
996 754 1105 808 iam
1134 752 1510 810 celebraretur
1547 759 1680 822 (1‚3.
1701 761 1734 808 7
1751 778 1766 822 3
1804 760 2041 822 3‚6;4‚9
2069 756 2229 823 etc.);
2269 753 2424 810 Pauli
2453 767 2702 824 quoque,
2731 749 2884 821 patris

376 841 459 897 sui
506 841 835 912 spiritualiS,
878 857 1095 910 semper
1128 856 1405 897 memores
1450 838 1726 898 desiderio
1767 841 1885 896 eius
1922 842 2272 897 tenebantur.
2309 845 2382 896 At
2415 839 2681 896 nonnulla
2719 836 2884 892 minus

378 936 534 1001 grata
588 929 776 986 retulit
828 929 1182 997 Timotheus,
1236 929 1530 984 calumniis
1585 930 1732 986 enim
1787 929 1991 1000 sparsis
2048 929 2239 986 Iudaei
2290 929 2496 985 samam
2545 925 2698 983 Pauli
2743 933 2884 980 erant

376 1017 647 1088 aggressi,
681 1025 744 1071 ut
772 1015 1047 1073 diminuta
1086 1017 1341 1088 magistri
1378 1017 1707 1072 auctoritate
1737 1014 1906 1072 fidem
1942 1015 2348 1088 neophytorum
2389 1014 2598 1072 facilius
2634 1011 2882 1070 convelle-

378 1112 529 1171 rent3
552 1102 700 1159 inter
719 1103 1027 1176 neophytos
1041 1103 1189 1176 ipsos
1210 1104 1467 1164 nonnulli
1481 1105 1556 1162 ,ab
1577 1104 1800 1160 avaritia
1817 1112 1872 1158 et
1882 1103 2106 1160 libidine
2124 1103 2370 1160 nondum
2397 1118 2517 1158 sese
2535 1099 2880 1162 abstinebant,

380 1191 497 1260 alii,
538 1191 668 1263 quia
694 1192 1001 1248 Dominum
1026 1208 1159 1249 mox
1194 1190 1265 1248 ad
1302 1191 1570 1248 iudicium
1591 1207 1946 1250 reversurum
1973 1190 2304 1260 credebant,
2331 1191 2508 1247 otioso
2536 1190 2682 1246 vitae
2719 1187 2882 1260 generi

380 1293 499 1334 sese
526 1278 820 1345 dederant,
846 1280 941 1336 alii
970 1279 1040 1335 ob
1068 1278 1303 1336 eandem
1332 1295 1560 1336 causam
1583 1278 1652 1336 de
1677 1289 1823 1336 statu
1851 1295 2074 1350 eorum,
2097 1280 2191 1351 qui
2217 1288 2347 1336 ante
2365 1276 2588 1335 Domini
2607 1276 2882 1332 adventum

379 1366 776 1436 moriebantur,
800 1367 1033 1440 inquieti
1056 1376 1235 1424 erant.
1271 1369 1379 1422 Pro
1408 1382 1613 1440 magno
1635 1367 1808 1436 igitur
1831 1383 2052 1434 amore,
2084 1384 2194 1440 quo
2223 1382 2416 1423 omnes
2441 1365 2752 1438 neophytos
2775 1377 2884 1418 suos

381 1455 870 1526 complectebatur,
904 1446 1110 1528 gratias
1134 1454 1364 1526 quidem
1390 1457 1503 1528 egit
1530 1456 1834 1527 Apostolus
1856 1458 1976 1512 Deo
1996 1454 2066 1512 de
2091 1455 2411 1522 virtutibuS,
2442 1452 2644 1526 quibus
2669 1451 2883 1507 Thessa-

381 1541 689 1598 lonicenses
713 1543 1084 1612 excellebant,
1112 1551 1169 1598 at
1190 1543 1435 1614 pericula
1451 1583 1466 1608 ‚
1491 1559 1631 1615 quae
1656 1545 1878 1600 illorum
1902 1542 2029 1600 fidei
2060 1559 2231 1615 quum
2251 1559 2280 1598 a
2309 1542 2528 1599 ludaeis
2549 1539 2886 1596 calumniato-

381 1628 531 1685 ribus
556 1639 677 1686 tum
708 1630 777 1686 ab
806 1631 1055 1701 ipsorum
1076 1630 1301 1686 illorum
1322 1630 1608 1687 debilitate
1631 1630 2026 1698 imminebant,
2045 1631 2246 1687 timens
2265 1639 2506 1687 attentos
2525 1629 2652 1684 illos
2676 1625 2883 1683 reddere

382 1717 584 1787 voluit,
616 1735 687 1773 ne
711 1718 917 1774 incauti
944 1718 1206 1790 perirent.

462 1871 518 1928 3.
552 1869 760 1928 —11.1.
795 1869 1043 1929 Pn1oa1s
1082 1885 1403 1930 EPISTOLAE
1445 1885 1860 1930 ancones-run
1899 1887 1974 1930 ET
2017 1887 2263 1931 n1v1s1o.
2305 1870 2474 1940 Quae
2514 1868 2636 1927 sibi
2679 1882 2884 1945 propo-

384 1964 541 2038 suit,
576 1982 648 2025 ea
676 1965 765 2025 ita
794 1967 1154 2042 exsequitur
1180 1967 1544 2043 Apos'toluS,
1580 1968 1647 2026 ut
1675 1971 1818 2044 post
1854 1967 2196 2046 gratiarum
2223 1967 2572 2038 actionem,
2609 1981 2733 2041 qua
2759 1979 2883 2020 neo·

383 2059 724 2138 phytorum
760 2062 1028 2123 virtutes
1081 2061 1481 2122 commendat
1510 2061 1806 2140 (1‚2-10)‚
1847 2067 1916 2123 in
1952 2067 2154 2142 priore
2190 2060 2474 2122 historica
2511 2068 2688 2140 parte
2721 2058 2884 2119 fidem

384 2173 604 2216 eorum
625 2157 952 2217 confirmet
971 2157 1320 2217 calumnias
1336 2162 1556 2218 contra
1572 2177 1638 2218 se
1665 2176 1908 2236 sparsas
1932 2158 2234 2220 indirecte
2254 2160 2532 2219 refutans
2553 2153 2882 2236 (2,1-3,132.

380 2255 449 2311 in
476 2253 667 2312 altera
698 2261 1081 2330 paraenetica
1109 2271 1218 2314 eos
1240 2270 1275 2313 a
1303 2254 1476 2314 vitiis
1501 2256 1849 2316 absterreat
1879 2260 1941 2315 et
1968 2255 2046 2315 de
2075 2255 2355 2316 secundo
2385 2254 2612 2316 Christi
2641 2253 2887 2313 adventu

384 2347 645 2409 edoceat
673 2348 1024 2429 (4,1-5,22).
2813 2351 2822 2358 '

451 2463 769 2518 Eaeordium
792 2463 1029 2534 (1‚1-10)
1055 2463 1415 2534 inscriptione
1442 2472 1708 2521 consueta
1743 2473 1959 2521 constat
1991 2471 2127 2534 (1,1)
2163 2474 2220 2521 et
2255 2466 2559 2538 gratiarum
2595 2463 2808 2519 actione
2831 2457 2888 2514 ol)

384 2549 615 2616 fructuS,
644 2565 783 2621 quos
808 2550 1167 2623 Evangelium
1192 2550 1337 2606 inter
1363 2550 1881 2608 Thessalonicenses
1902 2553 2111 2622 tulerit,
2139 2553 2344 2624 quippe
2368 2551 2459 2624 qui
2482 2549 2776 2607 virtutibus
2795 2547 2888 2604 suis

390 2645 598 2718 ubique
628 2648 738 2704 iam
765 2648 1003 2721 cognitis
1032 2648 1159 2704 sacti
1184 2648 1295 2703 sint
1322 2648 1441 2702 aliis
1469 2645 1708 2701 ecclesiis
1733 2644 2018 2715 exemplar
2041 2648 2296 2714 (1,2-10).

449 2747 515 2798 In
538 2750 743 2817 priore
767 2755 943 2819 parte
968 2746 1257 2802 historica
1281 2749 1576 2813 (2‚1-8,13)
1607 2744 1844 2817 simplici
1877 2745 2198 2802 narratione
2229 2743 2538 2801 calumnias
2561 2738 2884 2798 adversario-

378 2847 501 2886 rum
542 2834 812 2891 indirecte
856 2836 1065 2890 refutat
1103 2832 1788 2904 Thessalonicensiumque
1823 2847 1954 2906 erga
1987 2849 2046 2888 se
2087 2847 2340 2890 amorem
2375 2831 2578 2888 excitat
2613 2837 2880 2900 augetque.

378 2920 595 2976 Etenim

455 3015 507 3063 1.
540 3009 597 3064 in
625 3011 955 3066 memoriam
984 3009 1095 3065 illis
1121 3016 1365 3076 revocat,
1398 3025 1507 3080 qua
1537 3025 1666 3064 cum
1695 3007 2038 3071 fortitudine,
2069 3008 2392 3064 intentionis
2419 3006 2680 3078 puritate,
2708 2997 2884 3060 sollici·

626 3097 818 3153 tudine
859 3106 1088 3168 paterna
1123 3096 1489 3167 Evangelium
1533 3096 1645 3151 illis
1681 3096 2092 3152 annuntiaverit
2127 3099 2384 3163 (ml-12),
2428 3104 2484 3150 et
2507 3091 2780 3165 quomodo
2801 3087 2886 3159 ipsi

628 3185 928 3253 Evangelio
951 3192 1178 3254 recepto
1206 3183 1471 3239 aemulati
1498 3183 1612 3238 sint
1629 3183 1890 3239 ecclesias
1914 3183 2344 3253 palaestinenses
2373 3187 2666 3248 (zia-16).

448 3275 503 3323 2.
535 3271 749 3326 Deinde
776 3272 862 3336 iis,
889 3287 1031 3342 quae
1054 3270 1253 3327 absens
1275 3287 1373 3341 pro
1397 3270 1692 3343 neophytis
1709 3272 1902 3342 egerit,
1929 3273 2168 3327 narratis
2189 3270 2553 3326 tenerrimum
2575 3283 2734 3324 suum
2750 3279 2884 3322 amo·

628 3374 744 3413 rem
768 3359 1083 3415 manifestat
1110 3363 1459 3428 (2‚17·3,10)‚

454 3453 504 3498 ³.
536 3447 909 3516 terminatque
938 3447 1083 3502 hanc
1112 3449 1487 3502 narrationem
1518 3447 1862 3518 precatione,
1903 3460 2010 3516 qua
2039 3443 2240 3498 iterum
2268 3457 2430 3497 suum
2469 3454 2602 3513 erga
2631 3455 2724 3496 eos
2749 3451 2884 3494 amo·

618 3549 737 3590 rem
766 3534 951 3606 prodit
973 3539 1255 3602 (3,11-13).

442 3625 513 3676 In
536 3623 733 3677 altera
754 3628 935 3694 parte
953 3626 1349 3694 paraenetica
1374 3629 1657 3693 (4‚1-5,22)

444 3717 494 3765 1.
520 3710 831 3782 neophytos
858 3711 1205 3780 exhortatur,
1236 3720 1299 3766 ut
1323 3711 1588 3768 mandata
1615 3712 1819 3768 tradita
1845 3713 2142 3770 observent
2167 3723 2335 3787 atque
2359 3715 2600 3771 maxime
2626 3713 2880 3771 libidinem

617 3800 822 3854 evitent
848 3803 1113 3866 (4⁴,1-12);

440 3891 493 3941 2.
521 3884 731 3942 deinde
759 3884 941 3950 docet,
971 3899 1093 3952 eoS,
1127 3887 1225 3956 qui
1252 3896 1380 3942 ante
1406 3888 1713 3943 secundum
1736 3888 1938 3944 Christi
1966 3888 2267 3945 adventum
2293 3890 2623 3960 moriantur,
2651 3907 2760 3946 non
2781 3889 2881 3943 rore

546 4009 557 4017 ·
626 3974 829 4043 peioris
856 3973 1218 4041 conditioniS,
1254 3989 1421 4044 quam
1459 3990 1583 4043 eos,
1626 3991 1767 4046 quos
1801 3976 2052 4032 Christus
2087 3978 2409 4048 superstites
2453 3980 2526 4034 sit
2557 3979 2879 4033 inventurusz

621 4063 823 4118 Christi
870 4070 1060 4117 autem
1102 4059 1404 4117 adventum
1435 4061 1554 4118 fore
1599 4061 1845 4118 subitum
1882 4062 2118 4136 ideoque
2165 4079 2384 4136 semper
2419 4081 2540 4124 esse
2574 4063 2880 4139 vigilandum

622 4153 986 4217 (4‚13-5‚11);
1722 4141 1725 4144 ’

442 4244 494 4292 3.
526 4237 753 4294 demum
781 4236 853 4292 ad
882 4237 1329 4292 exhortationem
1360 4252 1618 4293 reversus
1637 4231 2003 4294 'commendat
2029 4247 2224 4295 mutua
2262 4239 2442 4297 officia
2480 4241 2818 4299 subditorum
2839 4249 2882 4291 et

620 4325 972 4393 superiorum
1000 4325 1217 4396 aliaque
1246 4326 1459 4381 monita
1488 4327 1766 4396 generalia
1789 4325 1948 4381 addit
1977 4327 2260 4398 (5,12-22).

444 4413 723 4484 Epiloqus
748 4415 1016 4481 (5‚23·28)
1050 4419 1272 4482 praeter
1298 4411 1750 4469 benedictionem
1787 4413 2035 4470 continet
2069 4415 2418 4486 mandatum,
2446 4425 2509 4473 ut
2547 4417 2766 4490 epistola
2798 4431 2878 4488 pu·

378 4497 519 4552 blice
544 4499 775 4570 legatur.

458 4657 517 4712 4.
552 4689 631 4698 -—
662 4655 761 4714 lv.
796 4658 1092 4716 Amemus
1122 4673 1443 4719 nmsromn
1471 4675 1620 4718 mus
1648 4675 1721 4718 nr
1753 4675 2196 4722 anounnuruu.
2230 4662 2408 4733 Quod
2443 4662 2508 4723 in
2537 4665 2736 4742 priore
2770 4658 2877 4738 epi-
