3050 5184
471 311 587 370 498
670 325 743 370 DE
792 325 931 369 Novl
980 325 1147 368 Tsss'r.
1193 323 1387 367 Llnms
1429 323 1776 368 EISTORICIS.
1813 339 1892 350 ·-·-·
1933 321 2062 366 cAP.
2111 321 2203 364 111.
2251 321 2324 364 DE
2361 318 2594 369 ouAnTo
2633 315 2940 362 ermanno.

473 457 689 514 duobus
718 456 940 512 Ioannis
966 458 1128 527 Bapt.
1158 454 1441 527 discipulis
1472 453 1668 522 fuisse,
1701 453 1799 527 qui
1821 470 1854 510 a
1881 454 2146 526 magistro
2169 467 2271 508 suo
2298 448 2482 506 edocti
2507 449 2664 520 primi
2691 447 2948 504 Dominum

474 546 645 602 secuti
672 553 801 601 sunt
828 549 1015 609 (loon.
1050 549 1175 611 1,35
1202 549 1367 614 sqq.),
1402 557 1530 598 cum
1573 542 1672 598 SS.
1707 543 2120 613 chrysostomo
2149 541 2229 612 (in
2271 541 2428 596 Ioan.
2466 539 2616 595 hom.
2651 541 2812 603 18,3),
2836 536 2948 604 Epi-

472 634 689 706 phanio
718 635 907 702 (Haer.
937 631 1125 702 51,14)
1166 632 1398 703 aliisque
1432 631 1681 702 plerique
1719 631 1975 686 moderni
2001 631 2332 704 interpretes
2369 637 2518 686 recte
2559 633 2764 682 tenent.
2795 624 2952 692 Neque

474 733 661 777 tamen
684 721 871 776 statim
894 735 1021 775 cum
1050 720 1289 775 Domino
1310 719 1515 775 mansit
1529 760 1544 787 ‚
1575 717 1673 773 sed
1703 727 1826 790 post
1855 720 2079 774 Petrum
2102 729 2158 776 et
2182 720 2468 777 Andr-eam
2489 713 2652 772 simul
2677 709 2952 768 cumfratre

476 825 577 864 suo
605 809 806 865 Iacobo
836 807 911 862 ad
936 807 1055 862 eius
1082 805 1475 878 discipulatum
1503 815 1732 862 vocatus
1762 816 1871 871 est;
1899 807 1956 861 in
1985 809 2382 879 Apostolorum
2409 803 2671 875 oetalogis
2687 802 2770 856 vel
2793 812 2952 853 secum-

477 897 611 953 dum
633 898 780 966 (Act.
806 900 951 960 1.13)
973 895 1062 949 vel
1078 895 1302 950 tertium
1322 897 1534 961 (Marc.
1559 893 1706 964 3,17)
1730 893 1814 948 vel
1839 904 2098 965 quartum
2117 895 2345 966 (Mami.
2375 900 2458 962 10,
2480 895 2529 962 3)
2547 891 2726 946 locum
2743 893 2950 954 occupat:

478 1001 509 1038 a
534 983 773 1039 Domino
819 997 949 1037 cum
990 981 1161 1038 fratre
1196 997 1297 1038 suo
1342 982 1566 1037 nomine
1599 997 1746 1037 novo
1788 981 2092 1053 appellatus
2122 985 2322 1052 (Marc.
2355 985 2502 1052 3,ι7)
2539 993 2668 1034 cum
2705 973 2882 1031 eodem
2915 979 2952 1025 et

477 1075 642 1128 Petro
686 1071 912 1143 reliquis
959 1081 1041 1127 est
1077 1069 1353 1142 praelatus
1396 1073 1607 1135 (Maro.
1654 1075 1809 1136 5,37,
1859 1075 1983 1138 9,1,
2037 1074 2245 1139 1433),
2295 1071 2470 1125 immo
2516 1066 2669 1122 solus
2705 1063 2764 1118 in
2802 1060 2950 1114 ultima

480 1174 682 1225 coena,
731 1168 920 1232 utpote
969 1183 994 1212 et
1035 1158 1366 1230 discipulus,
1408 1173 1577 1229 quem
1617 1155 1880 1228 diligebat
1927 1159 2083 1214 Iesus
2107 1179 2168 1225 n,
2215 1179 2240 1208 «
2271 1158 2326 1213 in
2369 1157 2492 1213 sinu
2521 1156 2639 1211 eius
2663 1171 2690 1203 ι
2719 1145 2952 1206 recubuit.

480 1247 508 1299 ὅ
527 1246 599 1302 ἔπ’
589 1248 935 1313 ωτῆθιοςίἀοο
955 1265 987 1306 a
1010 1247 1262 1305 Patribus
1278 1245 1716 1318 cognominatus
1741 1244 2042 1301 Dominum
2059 1247 2422 1301 resurrexisse
2439 1243 2630 1300 statim
2653 1259 2678 1292 ι
2701 1233 2902 1293 credidit
2917 1254 2954 1292 ι.

480 1338 891 1418 quamprimum
944 1338 1259 1408 sepulcrum
1300 1348 1536 1390 vacuum
1575 1333 1786 1388 invenit
1831 1335 2013 1402 (loan.
2055 1339 2124 1390 2ο
2131 1335 2232 1404 ,8)
2281 1341 2448 1404 atque
2481 1331 2556 1386 ad
2590 1331 2774 1386 lacum
2812 1324 2955 1378 Gene-

480 1424 667 1480 sareth
694 1425 900 1495 primus
918 1425 1219 1482 Dominum
1246 1421 1502 1494 cognovit
1522 1421 1709 1490 (Ιοαπ.
1731 1425 1794 1475 21
1805 1421 1898 1490 7,)
1921 1421 2102 1489 Quam
2119 1435 2380 1493 magnam
2409 1428 2626 1492 partem
2645 1417 2705 1472 in
2729 1408 2954 1470 tundanda

480 1513 709 1568 ecclesia
739 1513 1125 1585 palaestinensi
1150 1509 1433 1576 hahuerit,
1461 1509 1639 1564 elucet
1666 1523 1734 1563 ex
1761 1513 1888 1564 Act.
1917 1515 2002 1576 3,1
2031 1524 2187 1580 sqq.;
2213 1514 2242 1563 4
2254 1515 2337 1578 ,,3
2362 1515 2492 1575 8,14
2519 1517 2629 1564 etc.

560 1677 619 1733 2.
654 1706 731 1715 -
759 1670 1067 1742 Quamdiu
1104 1671 1169 1730 in
1203 1668 1561 1730 Palaestina
1595 1669 2000 1741 remanserit,
2031 1685 2176 1730 cum
2203 1668 2586 1729 certitudine
2611 1667 2844 1730 definiri
2865 1683 2956 1724 non

485 1773 723 1848 potest;
758 1773 931 1828 certa
964 1771 1175 1827 autem
1212 1765 1550 1826 traditione
1579 1768 1848 1837 constat,
1881 1781 2026 1825 eum
2069 1766 2331 1824 ultimos
2367 1782 2566 1826 annos
2595 1766 2664 1824 in
2693 1765 2828 1824 Asia
2851 1762 2956 1823 ltin.

487 1866 731 1942 degisse
761 1864 1115 1941 Ephesique
1146 1861 1533 1923 residentem
1567 1861 1863 1921 ecclesias
1896 1861 2184 1921 asiaticas
2213 1861 2480 1934 rexisse3
2512 1863 2594 1921 ab
2635 1862 2959 1939 imperatore

485 1961 840 2023 Domitiano
860 1984 888 2014 «
907 1964 1169 2038 propter
1184 1961 1442 2018 verbum
1461 1958 1576 2018 Dei
1600 1962 1662 2016 et
1681 1958 2110 2017 testimonium
2130 1958 2271 2017 Iesu
2294 1981 2324 2012 »
2347 1959 2412 2017 in
2433 1959 2712 2019 insulam
2725 1959 2962 2018 Patmum

486 2059 827 2136 relegatum
866 2057 1165 2134 mysteria
1200 2055 1310 2115 illa
1342 2054 1606 2126 vidisse,
1644 2071 1803 2131 quae
1843 2054 1910 2113 in
1948 2053 2325 2133 Apocalypsi
2363 2055 2688 2115 Ecclesiae
2724 2052 2960 2114 tradidit:

488 2171 563 2214 ex
607 2153 825 2214 exsilio
872 2153 1184 2232 Ephesum
1249 2167 1574 2212 reversum
1627 2151 2036 2211 ecclesiarum
2102 2151 2498 2211 asiaticarum
2565 2149 2962 2230 gubernationi¹

490 2252 716 2312 iterum
730 2254 1027 2328 suscepta
1048 2248 1457 2326 Evangelium
1486 2247 1810 2324 scripsisse
1834 2251 2023 2324 atque
2055 2246 2288 2326 Ephesi
2317 2265 2534 2308 senem
2563 2247 2700 2308 fere
2731 2253 2962 2307 centena·
3002 2259 3003 2304 i

490 2348 655 2438 rium
684 2347 797 2407 sub
830 2347 1089 2406 Traiano
1116 2343 1445 2424 (as-117.)
1474 2345 1670 2404 vitam
1697 2347 1977 2404 sanctam
2007 2347 2218 2404 sancta
2247 2348 2450 2405 morte
2479 2345 2866 2405 terminasse.

559 2463 712 2531 Quae
739 2459 949 2528 omnia,
996 2474 1168 2531 quum
1193 2473 1227 2514 a
1254 2457 1536 2513 modernis
1573 2456 1950 2528 hypercriticis
1994 2458 2052 2512 in
2091 2456 2324 2512 dubium
2371 2468 2664 2527 vocentur,
2694 2454 2964 2512 testimoniis

490 2551 719 2604 Pati-um
746 2556 873 2603 sunt
913 2545 1314 2603 confirmanda.
1353 2548 1438 2600 De
1478 2544 1706 2600 asiatico
1747 2546 1800 2600 S.
1837 2545 2058 2600 Ioannis
2096 2543 2400 2604 ministerio
2427 2543 2752 2616 frequenter
2776 2543 2965 2616 loquitur

491 2638 550 2694 S.
581 2639 873 2702 Ινεηαετιε,
906 2635 1018 2706 qui,
1042 2649 1215 2706 quum
1238 2649 1335 2704 per
1357 2634 1414 2689 S.
1437 2634 1806 2705 Polycarpum
1831 2631 2106 2689 mediatus
2133 2633 2202 2688 sit
2231 2633 2481 2704 Apostoli
2507 2633 2684 2704 ipsius
2703 2631 2966 2702 discipulus.

493 2723 659 2780 iidem
690 2723 792 2780 hae
826 2725 880 2778 in
914 2723 1235 2795 quaestione
1263 2736 1538 2777 summam
1574 2729 1846 2786 meretum
1881 2719 2083 2776 diserte
2112 2721 2259 2775 enim
2287 2729 2576 2793 tamquam
2610 2731 2780 2778 testes
2803 2721 2966 2774 invocat

494 2812 841 2884 presbyteros
876 2832 899 2862 ι(
930 2811 1024 2882 qui
1060 2809 1117 2865 in
1152 2809 1285 2865 Asia
1312 2824 1440 2864 cum
1478 2810 1688 2864 Ioanne
1728 2808 1997 2880 discipulo
2032 2807 2257 2864 Domini
2285 2808 2653 2865 convixerunt
2695 2831 2721 2860 n
2755 2815 2820 2876 (c.
2844 2810 2968 2861 Haer.

494 2903 569 2957 II.
601 2901 711 2972 22),
742 2899 906 2955 nudis
934 2897 1115 2954 verbis
1142 2896 1335 2953 asserit
1381 2917 1406 2948 α
1437 2898 1702 2952 Ioannem
1731 2896 2059 2967 discipulum
2087 2896 2338 2964 Domini,
2381 2896 2477 2968 qui
2523 2905 2582 2952 et
2627 2913 2792 2970 supra
2833 2903 2972 2967 pectus

492 2989 609 3044 eius
648 2986 1032 3055 recumbebat,
1064 2983 1265 3057 Ephesi
1306 2984 1469 3040 Asiae
1510 2992 1948 3040 commorantem
1992 2982 2228 3038 edidisse
2265 2984 2632 3056 Evangelium
2675 3007 2700 3037 n
2748 2989 2810 3056 (c.
2847 2985 2968 3038 Haer.

494 3079 597 3133 111.
627 3081 699 3145 1),
731 3075 1018 3130 ecclesiam
1046 3072 1367 3143 ephesinam
1404 3080 1564 3127 vocat
1593 3087 1784 3127 verum
1817 3071 2149 3142 apostolicae
2177 3071 2494 3127 traditionis
2525 3081 2730 3129 testem
2761 3093 2784 3122 α
2816 3074 2973 3127 Ioanne

496 3171 851 3236 permanente
872 3161 1018 3233 apud
1049 3177 1144 3218 eos
1168 3176 1340 3232 usque
1367 3158 1439 3216 ad
1461 3160 1685 3215 Traiani
1707 3169 1962 3231 tempora
1990 3179 2016 3210 n
2049 3165 2117 3225 (c.
2147 3161 2316 3216 Haer.
2345 3161 2450 3216 111.
2481 3161 2534 3231 3)
2563 3169 2673 3217 etc.
2697 3161 2846 3217 Circa
2867 3155 2973 3212 idem

495 3263 713 3324 tempus
739 3251 935 3306 eodem
962 3250 1130 3305 modo
1156 3249 1225 3304 dc
1257 3250 1463 3304 Ioanne
1490 3248 1762 3316 Apostolo
1791 3247 2146 3303 ecclesiarum
2170 3247 2518 3303 asiaticarum
2545 3259 2766 3304 rectore
2789 3247 2972 3316 loquun-

494 3352 585 3397 tur
612 3341 669 3396 S.
702 3341 1066 3409 Polycrate8‚
1098 3337 1302 3408 Ephesi
1340 3337 1627 3408 episcopus
1668 3333 1836 3405 (apud
1887 3339 2025 3390 Eus.
2069 3337 2140 3390 Η.
2187 3337 2251 3390 Ε.
2292 3337 2358 3389 V.
2412 3341 2500 3402 24)
2545 3347 2603 3392 et
2649 3333 2972 3410 Apollonius.

496 3427 958 3484 Montanistarum
990 3424 1046 3480 in
1078 3425 1205 3480 Asia
1238 3423 1584 3480 adversarius
1611 3431 1867 3478 strenuus
1892 3426 2047 3489 (Eas.
2076 3424 2148 3477 H.
2181 3423 2242 3478 E.
2275 3425 2345 3479 V.
2379 3425 2484 3492 18).
2515 3425 2735 3494 Quibus
2756 3419 2972 3480 accedunt

497 3529 690 3572 omnes
712 3515 807 3582 illi,
843 3515 936 3586 qui
964 3513 1333 3585 Apocalypsin
1360 3527 1391 3567 a
1418 3513 1625 3567 Ioanne
1653 3511 1918 3581 Apostolo
1949 3511 2207 3581 scriptam
2235 3525 2354 3566 esse
2381 3510 2634 3581 tradunt,
2665 3513 2703 3567 i.
2731 3527 2780 3568 e.
2807 3506 2972 3582 paucis·
3000 3537 3001 3556 η

496 3604 649 3660 simis
677 3602 917 3673 exeeptis
942 3601 1153 3671 integer
1180 3603 1407 3656 Patrum
1436 3599 1642 3655 chorus
1676 3598 1806 3653 inde
1833 3614 1864 3652 a
1893 3599 1949 3654 S.
1983 3598 2180 3654 Iustini
2225 3601 2304 3654 M.
2351 3607 2532 3654 aetate
2575 3599 2682 3667 (cfr
2721 3600 2862 3654 Diss.
2901 3593 2971 3648 lx.

497 3693 524 3766 5
556 3695 635 3758 1),
668 3690 930 3761 epistolae
956 3689 1105 3744 enim
1136 3686 1208 3743 ad
1232 3695 1441 3759 septem
1470 3687 1634 3742 Asiae
1663 3686 1919 3742 ecclesias
1948 3690 2152 3759 (Apoc.
2191 3692 2462 3757 1,4·3,22)
2501 3686 2790 3744 evidenter
2814 3695 2976 3755 suppo·
3000 3737 3001 3756 ¹

494 3788 663 3848 nunt,
694 3786 977 3834 auctorem
1005 3791 1197 3832 earum
1236 3775 1606 3848 gubernacula
1649 3773 1904 3831 tenuisse.

566 3867 664 3926 Cui
691 3867 916 3922 testium
954 3864 1087 3921 nubi
1116 3873 1333 3936 praeter
1354 3879 1532 3936 nugas
1565 3861 1634 3918 de
1664 3870 2014 3933 praematura
2043 3861 2268 3919 Ioannis
2294 3871 2477 3919 morte
2505 3869 2690 3935 (quam
2717 3864 2886 3935 Apoc.
2917 3863 2974 3914 18.

494 3965 593 4025 20,
619 3961 784 4024 21,14
806 3952 1105 4009 indicatam
1136 3951 1341 4018 vident)
1356 3951 1652 4007 adversarii
1671 3950 1812 4006 nihil
1832 3958 2120 4021 opponunt
2136 3949 2245 4005 nisi
2271 3950 2554 4006 silentium
2573 3951 2674 4007 SS.
2695 3951 2906 4023 lynceis·
2920 3947 2974 4000 ‚ll-

498 4044 586 4112 (ad
622 4043 763 4115 Eph.
806 4048 899 4111 12,
930 4041 1003 4096 ad
1023 4040 1189 4096 Trall.
1217 4045 1293 4107 5),
1322 4041 1638 4111 polycarpi
1685 4038 1775 4110 (ad
1823 4037 2066 4110 Philipp.
2119 4043 2238 4106 11),
2273 4040 2524 4111 Papiae,
2559 4040 2884 4111 Heqesippi.
2927 4037 2978 4086 At

496 4134 607 4189 duo
648 4131 856 4202 priores
883 4129 949 4184 iis
974 4128 1030 4184 in
1058 4129 1223 4194 locis,
1250 4144 1388 4200 quos
1416 4126 1716 4183 adversarii
1743 4125 2020 4196 indicant,
2052 4126 2276 4182 Ioannis
2319 4127 2660 4183 mentionem
2705 4126 2876 4182 facere
2897 4134 2976 4176 non

499 4229 821 4293 potuerunt;
852 4227 1070 4273 tantum
1115 4226 1301 4272 autem
1329 4215 1511 4282 abest,
1545 4222 1606 4268 ut
1633 4215 1689 4269 S.
1721 4213 1917 4285 Papias
1945 4221 2151 4283 taceat,
2179 4219 2241 4268 ut
2269 4229 2348 4279 se,
2376 4213 2680 4270 dummodo
2709 4215 2823 4270 eius
2849 4207 2976 4264 verb-³

495 4311 645 4364 iuxta
682 4307 1073 4379 grammaticae
1104 4305 1323 4376 regulas
1354 4305 1695 4374 explicentur
1733 4303 1887 4370 (Eas.
1915 4303 1987 4357 H.
2025 4303 2086 4356 E.
2127 4302 2231 4357 III.
2269 4307 2380 4369 39),
2419 4303 2638 4358 Ioannis
2675 4297 2909 4373 Apostoli
2940 4297 2976 4347 in

495 4396 620 4452 Asia
650 4395 1041 4450 commorantis
1064 4391 1396 4462 discipulum
1427 4391 1590 4444 tuisse
1637 4398 1874 4459 asserat,
1901 4390 1961 4445 id
1997 4388 2146 4462 quod
2176 4390 2344 4445 etiam
2371 4391 2426 4446 S.
2461 4391 2720 4446 Irenaeus
2747 4394 2814 4455 (c.
2845 4387 2976 4440 Haer-

495 4487 562 4538 V.
597 4489 713 4548 33),
744 4485 799 4540 S.
830 4483 1199 4554 Hieronymus
1230 4479 1316 4549 (de
1342 4479 1456 4534 Vir.
1497 4477 1577 4532 ill.
1616 4483 1699 4544 18)
1729 4477 1932 4549 aliique
1975 4485 2269 4533 testantur.
2302 4477 2598 4548 Quomodo
2629 4486 2811 4534 autem
2837 4475 2978 4529 nere·

496 4571 661 4642 sippi,
694 4571 849 4624 cuius
882 4567 1202 4638 paucissima
1232 4566 1539 4639 fragmenta
1575 4565 1732 4622 nobis
1759 4573 2082 4622 conservata
2109 4574 2265 4633 sunt,
2295 4565 2576 4622 silentium
2604 4565 2782 4638 urgeri
2813 4559 2967 4635 possit.

500 4656 738 4730 prudens
761 4657 933 4713 lector
956 4671 1071 4712 non
1094 4655 1365 4726 intelligit.
