3050 5184
485 340 564 399 40
641 358 924 403 HISTORIA
953 358 1209 402 CANONIS
1239 355 1575 408 U'rmusoue
1606 353 2001 398 TESTAMENTI.
2034 371 2109 381 ·-
2140 357 2275 398 GAP.
2310 358 2401 398 ul.
2433 358 2573 398 CAN.
2606 353 2747 397 Novx
2776 353 2936 395 TES‘r.

485 503 598 548 nes
626 488 918 550 hodierni
947 489 1202 550 canonis
1231 487 1429 548 libros
1459 487 1890 548 adhibuerunt
1916 487 2120 564 iisque
2152 486 2427 546 divinam
2456 485 2898 546 auctoritatem
2927 489 3007 542 at-

485 584 860 646 tribuerunt.

555 706 642 762 Ab
692 707 1025 764 immediatis
1071 707 1466 778 Apostolorum
1522 704 1806 777 discipulis
1852 708 1922 760 ad
1975 708 2169 761 Patres
2207 705 2331 760 illos
2382 702 2855 777 transgredimur,
2904 702 3008 774 qui.

487 795 737 862 quamvis
767 794 834 850 ab
865 795 1137 866 Apostolis
1164 810 1277 849 non
1303 792 1623 850 immediate
1651 793 1759 848 sint
1788 790 2050 858 instituti,
2080 793 2135 847 S.
2176 794 2481 865 Polycarpo
2514 793 2573 862 (†
2614 797 2737 847 155.
2774 792 2860 846 vel
2890 794 3009 850 166.)

487 881 746 952 aequales
767 881 1013 937 fuerunt.
1045 882 1102 938 S.
1132 883 1391 938 Iustinus
1419 884 1500 936 M.
1534 883 1593 948 Η-
1621 883 1761 950 167.)
1794 895 1895 950 pro
1922 879 2071 936 fonte
2101 880 2361 935 historiae
2385 880 2738 952 evangelicae
2768 899 2793 928 e
2820 893 3011 932 memo-

486 967 681 1024 rabilia
717 969 1142 1040 Apostolorum,
1173 985 1314 1040 quae
1355 976 1623 1026 vocantur
1654 968 1983 1040 Evangelia
2020 987 2044 1018 υ
2084 969 2265 1038 (Apol.
2299 969 2346 1023 Ι.
2392 972 2485 1038 66)
2524 966 2751 1035 habuit3
2796 975 3013 1037 quatuor

488 1063 674 1110 autem
711 1062 917 1112 nostra
947 1057 1241 1128 Evangelia
1271 1071 1337 1112 eo
1365 1065 1618 1126 tempore
1647 1054 1703 1109 in
1734 1071 1835 1110 usu
1872 1053 2063 1123 l'uisse‘,
2092 1071 2157 1110 ex
2193 1054 2311 1110 eius
2344 1055 2602 1126 operibus
2638 1055 2797 1110 clare
2824 1054 3009 1108 elucet.

487 1149 653 1213 atque
683 1142 926 1198 divinam
953 1145 1340 1200 auctoritatem
1379 1143 1486 1198 illis
1515 1142 1834 1208 attributam
1872 1158 1991 1197 esse
2038 1150 2209 1212 patet,
2241 1141 2513 1214 siquidem
2556 1142 2651 1197 illa
2696 1143 2759 1197 in
2788 1140 3013 1197 coetibus

489 1231 658 1285 saeris
686 1239 814 1285 ante
841 1231 1172 1288 celebranda
1214 1231 1472 1304 mysteria
1511 1230 1740 1302 singulis
1768 1229 1960 1285 diebus
1990 1228 2281 1286 dominicis
2315 1245 2428 1285 una
2464 1245 2591 1284 cum
2628 1228 3009 1302 prophetarum

494 1315 648 1372 libris
693 1319 966 1389 praelecta
1012 1335 1130 1375 esse
1171 1319 1343 1374 tradit
1371 1319 1551 1389 (Apol.
1593 1319 1637 1373 Ι.
1686 1321 1796 1384 67).
1830 1320 2054 1372 Praeter
2097 1317 2391 1390 Evangelia
2436 1317 2613 1374 solam
2660 1315 3009 1388 Apocalypsin

494 1402 956 1478 diserteallegat.
987 1421 1151 1477 quam
1183 1421 1212 1460 a
1237 1408 1534 1468 S.,loanne
1572 1403 1889 1476 prophetice
1917 1419 2035 1460 esse
2063 1405 2324 1476 scriptam
2353 1405 2548 1460 asserit
2572 1407 2640 1474 (c.
2666 1405 2878 1477 Tryph.
2908 1407 3005 1468 Sil:

488 1489 558 1546 ad
600 1507 792 1546 omnoe
820 1502 1003 1548 autem
1040 1495 1094 1549 S.
1135 1493 1290 1548 Pauli
1319 1493 1577 1563 epistolas
1609 1494 1851 1562 (excepta
1878 1491 1971 1546 illa
2013 1489 2086 1546 ad
2126 1491 2406 1564 Philam),
2454 1490 2527 1546 ad
2556 1500 2803 1563 quatuor
2830 1489 3005 1561 episto-

488 1577 571 1633 las
605 1577 902 1634 catholicas
933 1579 1162 1647 (Iacob.,
1199 1587 1247 1635 1.
1281 1586 1313 1636 2
1337 1583 1508 1647 Petr.,
1551 1586 1574 1634 1
1617 1579 1828 1651 loan.),
1873 1588 1930 1634 et
1982 1577 2055 1634 ad
2087 1583 2257 1635 Actus
2284 1579 2685 1650 Apostolorum
2713 1577 2925 1634 alludit.
2952 1605 3001 1615 -

485 1667 748 1722 Pauciora
775 1675 903 1721 sunt
928 1669 1241 1723 testimonia
1259 1669 1316 1722 S.
1341 1668 1757 1738 Aclcenayorae
1784 1667 1991 1721 Allien.
2026 1669 2096 1732 (c.
2132 1673 2295 1734 1⁷0.),
2320 1667 2414 1737 qui
2440 1675 2629 1722 tamen
2658 1667 2833 1722 verba
2852 1663 3002 1720 domi-

487 1751 607 1808 nica
634 1768 700 1808 ex
720 1754 776 1809 S.
801 1754 1067 1810 Matthaei
1095 1755 1392 1827 Evangelio
1416 1754 1619 1826 allegat
1638 1754 1885 1825 (Legatio
1914 1768 2015 1824 pro
2043 1751 2338 1810 Christian.
2374 1760 2460 1809 11.
2496 1759 2581 1809 12.
2616 1759 2687 1808 32
2718 1754 2848 1822 etc.)
2878 1749 2999 1807 etad

489 1839 781 1909 epistolam
809 1839 880 1896 ad
907 1841 1033 1896 Cor.
1063 1841 1214 1896 velut
1242 1841 1310 1898 ad
1341 1843 1728 1898 auctoritatem
1752 1841 2118 1897 decretoriam
2146 1840 2391 1912 appellat
2417 1840 2503 1911 (de
2531 1843 2771 1898 Resurr.
2807 1847 2890 1896 18.
2918 1842 2993 1893 195

485 1923 544 1977 S.
574 1920 927 1994 Theophilus
969 1923 1244 1976 Antioclae.
1283 1925 1353 1994 (c.
1397 1927 1543 1988 180.)
1571 1928 1713 1977 teste
1742 1923 1798 1978 S.
1833 1921 2175 1993 Hieronymo
2206 1919 2295 1992 (ad
2324 1919 2515 1990 AlgaS.
2568 1935 2656 1990 ep.
2696 1927 2832 1984 121,
2863 1923 2923 1983 63
2948 1913 2999 1968 de

483 2013 600 2068 Vir.
631 2013 710 2069 ill.
751 2019 841 2080 25)
879 2036 904 2064 α
935 2023 1174 2086 quatuor
1201 2015 1675 2086 Evangelistarum
1716 2015 1773 2069 in
1817 2029 1991 2068 unum
2037 2029 2178 2085 opus
2213 2013 2361 2069 dicta
2406 2016 2685 2087 compegit
2724 2033 2755 2068 ι
2788 2017 2998 2082 Evange-

484 2099 730 2172 liumque
757 2103 814 2158 S.
851 2101 1118 2158 Matthaei
1150 2104 1550 2158 commentario
1589 2102 1911 2168 illustravit;
1942 2101 2368 2174 Evangeliorum
2400 2110 2457 2157 et
2482 2101 2863 2173 Epistolarum
2882 2099 2997 2154 divi-

483 2203 616 2243 nam
644 2187 914 2259 on'ginem
941 2189 1148 2246 diserte
1175 2191 1407 2246 asseruit
1436 2191 1530 2260 (ad
1556 2190 1737 2244 Autol.
1768 2190 1843 2244 11.
1874 2194 1971 2253 22;
1998 2190 2101 2244 111.
2136 2194 2220 2244 12.
2250 2194 2368 2258 14),
2393 2198 2559 2260 atque
2578 2200 2806 2260 praeter
2830 2197 2849 2245 1
2874 2190 2997 2243 Petr.

485 2275 680 2331 saltem
703 2291 798 2331 sex
821 2277 980 2333 Pauli
1007 2277 1267 2348 epistolas
1295 2276 1565 2333 adhibuit.
1590 2306 1663 2318 --
1680 2275 1892 2344 Quibus
1918 2274 2242 2331 orthodoxis
2265 2276 2627 2348 scriptoribus
2645 2277 2785 2335 addi
2802 2281 3001 2349 possunt

486 2361 731 2418 eiusdem
773 2366 968 2420 aetatis
1003 2362 1292 2430 haeretici,
1329 2363 1477 2418 iuter
1513 2378 1653 2434 quos
1698 2363 2019 2432 Tatianus,
2072 2365 2129 2420 S.
2176 2364 2371 2420 lustini
2416 2364 2754 2434 discipulus,
2792 2366 2999 2436 primam

488 2457 724 2519 quatuor
769 2451 1192 2523 Evangeliorum
1237 2450 1587 2506 harmoniam
1628 2451 1939 2521 composuit
1965 2458 2022 2506 et
2047 2457 2189 2506 teste
2235 2453 2292 2508 S.
2342 2453 2688 2524 Hieronymo
2722 2454 2802 2520 (in
2826 2468 2907 2524 ep.
2945 2445 2999 2502 ad

485 2536 588 2592 Tit.
621 2536 792 2608 Prol.)
826 2539 1150 2610 apostolicas
1187 2539 1445 2610 epistolas
1469 2553 1500 2593 a
1531 2537 1810 2593 Marcione
1844 2538 2073 2593 reiectas
2102 2538 2159 2592 in
2185 2553 2397 2594 canone
2436 2555 2535 2596 suo
2568 2542 2828 2607 retinuit;
2861 2543 2999 2595 Mar-

486 2625 620 2678 cion
644 2624 790 2696 ipse,
819 2642 990 2697 quum
1023 2641 1054 2682 a
1077 2625 1334 2682 Patribus
1360 2625 1619 2681 omnibus
1654 2624 1893 2679 mutilati
1920 2626 2146 2679 canonis
2189 2634 2497 2692 accusetur,
2527 2627 2801 2684 indirecte
2836 2629 2999 2682 saltem

487 2712 638 2766 testis
664 2721 776 2780 est,
806 2713 988 2769 medio
1013 2729 1159 2769 saec.
1199 2719 1254 2768 2.
1279 2727 1455 2785 paene
1483 2726 1678 2768 omnes
1704 2720 1924 2767 nostros
1968 2710 2140 2768 libros
2182 2713 2240 2767 in
2278 2713 2553 2787 plerisque
2596 2715 2845 2772 ecclesiis
2880 2712 2999 2766 velut

486 2798 700 2854 divinos
723 2815 842 2855 esse
869 2801 1105 2872 agnitos,

563 2970 622 3026 4.
659 3001 738 3010 —
767 2969 918 3028 Inde
941 2986 977 3028 a
999 2969 1272 3029 secunda
1291 2971 1468 3045 parte
1491 2984 1653 3028 saec.
1677 2969 1737 3027 2.
1765 2967 1963 3026 multo
1988 2967 2201 3043 plures
2224 2967 2351 3028 iam
2376 2969 2791 3032 inveniuntur
2812 2971 2995 3029 testes.

486 3064 574 3121 ita
603 3066 672 3122 ut
699 3064 1086 3140 singularum
1124 3063 1531 3124 ecclesiarum
1560 3063 1960 3122 collectiones
1989 3065 2338 3123 accuratius
2374 3065 2497 3124 iam
2538 3067 2995 3145 distinguantur.

488 3161 690 3235 Atque
722 3160 1097 3236 praeprimis
1141 3174 1467 3218 ecetasmu
1509 3175 1806 3218 nonaum
1848 3176 1923 3218 eo
1952 3164 2238 3236 tempore
2280 3161 2343 3220 in
2389 3178 2503 3221 suo
2548 3179 2792 3224 canone
2834 3171 3014 3219 omnes*

487 3253 642 3313 Novi
677 3255 844 3312 Test.
871 3253 1068 3313 libros
1095 3261 1340 3331 praeter
1367 3271 1460 3331 ep.
1496 3255 1580 3314 ad
1610 3253 1904 3314 Hebraeos
1932 3263 1989 3312 et
2014 3257 2051 3313 2
2088 3257 2254 3314 Petri
2282 3257 2643 3333 possedisse
2662 3305 2675 3329 ‚
2714 3261 2838 3320 duo
2874 3253 2997 3312 insi-

484 3349 630 3426 gnia
657 3349 1032 3410 documenta
1074 3350 1346 3410 docent:
1387 3349 1795 3430 fragmentum
1842 3352 2315 3412 muratorianam
2360 3357 2424 3412 et
2464 3354 2690 3414 Pastor
2735 3354 2997 3415 Herma&

489 3449 769 3506 attamen
799 3450 1047 3523 praeter
1076 3447 1230 3506 istos
1257 3464 1454 3507 unum
1477 3445 1743 3519 librum,
1778 3446 2004 3506 saltem
2034 3448 2209 3508 velut
2235 3447 2499 3510 dubium
2520 3499 2534 3524 ,
2568 3451 2823 3512 videtur
2847 3442 3012 3508 adhi-1

486 3541 730 3612 buisse,
766 3541 873 3619 qui
913 3549 1133 3620 postea
1169 3543 1410 3620 origine
1447 3543 1588 3602 eius
1616 3543 1968 3603 accuratius
1998 3545 2247 3620 cognita
2290 3562 2559 3622 prorsus
2590 3553 2690 3608 est
2722 3546 2993 3607 reiectus,

487 3654 572 3696 sc.
605 3639 1027 3716 Apocalypsin
1056 3639 1248 3698 Petri.

553 3757 791 3813 Nomine
816 3757 1149 3833 fraqmenti
1175 3760 1589 3814 muratorium·
1614 3757 1941 3830 designatur
1969 3761 2257 3832 catalogus
2284 3761 2513 3832 quidam
2543 3761 2841 3828 librorum,
2870 3753 2949 3828 qui
2972 3762 3010 3804 a*

483 3846 548 3901 L.
575 3849 644 3900 A.
675 3846 946 3900 Muratori
987 3846 1046 3900 in
1080 3845 1445 3902 bibliothecae
1485 3845 1869 3901 ambrosianae
1897 3845 2087 3902 codice
2114 3856 2367 3917 repertus
2394 3848 2688 3923 editusque
2721 3858 2827 3914 est3
2854 3851 2995 3916 quum

482 3932 638 3988 initio
667 3940 872 3998 careat,
907 3933 964 3987 in
997 3933 1106 3988 fine
1133 3949 1361 3989 mancus
1392 3947 1510 3988 esse
1542 3932 1811 4001 videatur,
1844 3933 2176 4006 negligentia
2206 3934 2561 3992 librariorum
2596 3953 2765 4009 quam
2792 3929 3008 4008 plurima

485 4022 715 4077 vulnera
755 4021 1056 4091 acceperit,
1087 4037 1200 4075 non
1231 4029 1446 4076 tantum
1475 4021 1598 4091 quis
1627 4021 1744 4076 eius
1777 4018 1847 4074 sit
1874 4028 2067 4075 auctor
2094 4021 2384 4092 ignoratur
2416 4024 2514 4079 sed
2544 4025 2711 4080 etiam
2744 4037 2877 4096 quae
2902 4016 3008 4097 eius}

483 4108 555 4162 sit
580 4108 767 4180 lingua
807 4108 1132 4180 primigenia
1165 4107 1468 4164 dubitatur.
1502 4107 1763 4178 Quisquis
1788 4116 1977 4162 autem
2009 4107 2169 4163 illum
2202 4112 2543 4182 composuit,
2578 4123 2789 4168 certum
2816 4114 2892 4162 est
2914 4115 2993 4155 au·

483 4205 692 4251 ctorem
713 4211 824 4250 non
853 4195 948 4250 diu
977 4205 1100 4267 post
1125 4195 1368 4251 medium
1399 4210 1542 4250 saec.
1571 4200 1623 4248 2.
1650 4197 1865 4249 Romae
1889 4195 2110 4262 vixisse,
2138 4196 2341 4252 librum
2371 4200 2619 4256 Pastoris
2642 4202 2788 4255 enim
2812 4203 2993 4262 nuper‘

483 4283 634 4337 rime
666 4282 735 4338 ab
765 4286 1000 4350 Herma,
1036 4283 1206 4338 fratre
1233 4282 1446 4339 Summi
1487 4281 1770 4337 pontilicis
1798 4281 1877 4336 Pii
1922 4283 1967 4338 1.
2014 4288 2320 4348 (142.-151.
2346 4287 2432 4342 vel
2466 4288 2611 4360 156.)
2637 4301 2809 4358 eoque
2829 4277 3006 4338 catha!

483 4368 640 4426 dram
659 4386 948 4426 romanam
967 4379 1212 4438 tenente,
1247 4369 1511 4440 scriptum
1542 4385 1661 4424 esse
1691 4370 1913 4439 asserit3
1940 4369 2189 4442 plerique
2215 4387 2437 4444 quoque
2466 4373 2633 4430 hodie
2656 4345 3006 4429 consentiuntl

485 4457 856 4529 fragmentum
900 4457 970 4514 ab
1008 4459 1307 4528 interprete
1345 4473 1545 4528 parum
1574 4457 1749 4527 perito
1778 4471 1845 4512 ex
1887 4458 2211 4530 primigenio
2257 4467 2412 4516 textu
2453 4478 2651 4534 graeco
2694 4460 2853 4517 latine
2892 4457 2989 4505 esse

481 4544 830 4600 translatum.
865 4547 1118 4600 Iamvero
1147 4545 1204 4599 in
1253 4543 1356 4600 hoc
1397 4545 1651 4616 catalogo
1680 4548 1985 4609 Pastoris,
2014 4553 2211 4617 utpote
2256 4547 2385 4604 libri
2426 4549 2578 4620 boni,
2620 4549 2777 4606 lectio
2812 4542 3004 4618 privata3

482 4632 835 4704 permittitur,
865 4632 1080 4704 publica
1121 4629 1462 4704 prohibetur,
1493 4631 1753 4703 quoniam
1799 4652 1825 4682 α
1854 4647 2035 4704 neque
2076 4633 2222 4689 inter
2246 4636 2649 4706 prophetarum
2688 4623 3004 4709 completum}
