3050 5184
828 303 901 345 ηε
946 302 1289 348 Evaueems
1334 304 1616 349 uutvssnse
1658 304 1990 347 srsscrAnS.
2559 286 2674 343 453

188 428 295 499 gula
316 430 597 503 Evangelia
621 432 1059 490 accommodant.
1084 434 1265 491 Hodie
1291 435 1620 509 plerumque
1637 451 1764 491 eum
1787 436 1885 492 SS.
1909 434 2226 490 Ambrosio
2251 442 2308 489 et
2325 434 2680 503 Hieronymo

191 530 271 585 per
303 516 569 573 hominem
598 521 657 575 S.
698 520 1043 589 MatthaeuS,
1086 538 1183 593 per
1220 524 1439 579 leonem
1474 524 1532 579 S.
1563 525 1814 587 Μαι-ωε,
1855 538 1951 594 per
1987 522 2222 578 vitulum
2259 524 2315 576 S.
2350 522 2553 587 Luem,
2585 535 2672 589 pet

186 602 395 673 aquilam
434 607 490 661 S.
533 608 769 663 Ioannes
806 608 1108 681 significari
1150 608 1442 677 dieuntur;
1481 612 1541 665 S.
1583 614 1858 665 Irenaeus
1897 618 2082 665 autem
2118 608 2360 681 aquilam
2405 608 2592 662 Marco
2627 614 2682 660 et

186 689 375 745 leonem
401 694 623 759 Ioanni,
654 694 710 750 S.
745 698 1107 763 Aumatium
1131 696 1351 752 leonem
1374 695 1660 753 Matthaeo
1677 740 1691 764 ,
1721 697 2008 752 hominem
2035 698 2251 758 Marco,
2289 700 2382 750 Ps.
2409 694 2684 749 Athana-

186 779 289 831 sim
312 779 537 835 vitulum
562 782 781 847 Marco,
812 783 1032 839 leonem
1058 784 1241 839 Lucae
1268 783 1832 841 accommodaverunt
1859 793 1963 840 etc.

248 928 301 988 3.
330 964 403 973 -
430 932 901 1009 Evanqeliorum
938 936 1086 994 ordo
1128 934 1473 996 hodiernus
1507 935 1911 1014 (MatthaeuS,
1949 937 2218 1007 Marcus,
2251 935 2476 1004 LucaS‚
2509 933 2689 992 Ioan-

182 1021 319 1101 nes),
350 1027 442 1086 uti
471 1029 945 1104 testatissimus,
981 1030 1067 1091 ita
1092 1032 1573 1109 antiquissimus
1604 1035 1701 1092 est
1727 1037 1917 1109 atque
1959 1048 2037 1091 ex
2069 1029 2376 1108 temporis
2414 1028 2685 1096 ratione,

184 1136 287 1195 qua
312 1122 552 1201 singula
581 1126 931 1203 composita
960 1144 1097 1187 esse
1129 1125 1343 1206 (recte)
1374 1128 1818 1200 credebantur,
1853 1129 1951 1188 est
1979 1125 2410 1205 explicandus

238 1233 425 1291 Graeci
460 1236 679 1293 codices
718 1238 1109 1311 versionesque
1148 1240 1408 1311 antiquae
1450 1239 1566 1295 fere
1606 1256 1800 1295 omnes
1843 1254 1972 1295 eum
2015 1236 2280 1294 exhibent
2317 1251 2554 1307 eumque
2582 1234 2696 1289 iam

179 1331 464 1392 sequ-untur
488 1322 715 1396 sraqm.
762 1330 1081 1394 Murator„
1118 1328 1175 1383 S.
1208 1330 1517 1396 [renam-s,
1552 1328 1858 1398 Oriyene35
1896 1325 2136 1381 eundem
2177 1323 2360 1381 ordini
2396 1322 2696 1393 temporiS,

178 1422 275 1478 quo
297 1410 511 1483 singula
546 1412 841 1485 Evangelia
876 1414 1187 1484 conscripta
1211 1422 1370 1482 sunt,
1396 1413 1859 1484 correspondere,
1888 1412 2130 1468 elucebit
2160 1427 2226 1466 ex
2255 1410 2400 1467 iufra
2422 1408 2690 1466 dicendis,

178 1496 381 1552 Praeter
420 1514 587 1569 quem
624 1500 765 1555 alter
810 1501 941 1555 satis
984 1500 1243 1572 frequens
1290 1500 1419 1570 fuit,
1462 1517 1573 1573 quo
1611 1500 1892 1574 dignitatis
1929 1508 2220 1556 auctorum
2257 1498 2468 1553 ration-e
2506 1496 2696 1551 habita

176 1583 428 1640 Matthaei
454 1594 511 1641 et
553 1586 775 1641 Ioannis
814 1588 1011 1653 (rarius
1041 1606 1056 1642 ε
1090 1587 1311 1643 Ioannis
1338 1596 1394 1643 et
1424 1588 1710 1655 Matthaei)
1743 1604 1912 1660 opera
1948 1587 2106 1643 libris
2132 1584 2528 1656 discipulorum
2557 1599 2692 1654 apo·-

176 1671 507 1740 stolieorum‚
532 1674 703 1729 Marci
724 1684 777 1729 et
797 1676 978 1730 Lucae
1007 1678 1125 1740 (aut
1151 1696 1163 1729 ε
1200 1676 1379 1730 Lucae
1408 1685 1465 1731 et
1487 1675 1708 1747 Marci),
1736 1684 2182 1747 praeponuntur3
2212 1672 2273 1728 in
2297 1671 2704 1743 antiquioribus

176 1760 441 1815 nonnullis
468 1761 641 1817 Italae
679 1760 990 1829 codicibuS,
1023 1778 1135 1817 uno
1165 1763 1592 1834 graeco-latino,
1629 1770 1686 1818 et
1717 1763 1940 1834 gothico
1973 1769 2236 1835 argenteo
2269 1759 2547 1815 iuvenitur
2580 1766 2638 1813 et
2662 1774 2694 1813 a

178 1845 411 1903 Patribus
440 1848 673 1903 Concilii
694 1847 953 1919 Ephesiui
978 1849 1037 1904 in
1065 1848 1374 1922 allegandis
1400 1849 1734 1906 testimoniis
1763 1858 2002 1906 tenetur.

243 2000 296 2055 4.
326 2032 405 2040 —
438 1997 740 2058 Hodierni
773 1997 1247 2079 Evanqeliorum
1276 1999 1446 2060 tituli
1473 2000 1630 2077 ipsis
1671 1999 1936 2079 quidem
1975 1998 2386 2075 Evangelistis
2425 2013 2551 2055 non
2581 1996 2698 2055 de·-

176 2091 401 2163 bentur,
439 2093 519 2153 ad
560 2095 973 2171 apostolicam
1016 2100 1231 2156 autem
1269 2099 1541 2155 aetatem
1581 2096 1917 2156 ascendere
1957 2095 2095 2156 iure
2134 2094 2450 2163 dicuntur,
2497 2092 2583 2152 ita
2626 2097 2696 2151 ut

174 2186 681 2249 demonstrandae
720 2191 1195 2268 Evangeliorum
1232 2191 1590 2253 authentiae
1631 2191 1935 2251 idoneum
1977 2192 2320 2268 praebeant
2355 2204 2696 2267 argumen-

176 2287 314 2342 tum.
2049 2293 2071 2311 ⁸

232 2396 607 2470 Evangelistas
650 2398 822 2455 libros
863 2416 995 2455 suos
1039 2400 1155 2457 suis
1200 2400 1521 2457 nominibus
1573 2416 1684 2455 non
1735 2400 2109 2471 inscripsisse,
2159 2406 2318 2454 reete
2353 2398 2462 2453 iam
2509 2406 2692 2451 monet

173 2482 221 2535 S.
252 2485 693 2555 chrysostomus
723 2485 801 2551 (in
828 2490 994 2542 Rom.
1027 2486 1180 2543 hom.
1217 2494 1334 2556 1,1;
1362 2488 1421 2542 in
1458 2487 1653 2543 Matth.
1685 2486 1838 2543 hom.
1873 2491 2002 2554 1,2)‚
2034 2485 2162 2557 quia
2191 2484 2550 2557 antiquorum
2577 2500 2697 2539 mos

170 2570 397 2627 nonfuit
413 2616 429 2642 ‚
454 2580 517 2627 ut
540 2572 818 2643 operibuS,
848 2590 988 2645 quae
1007 2573 1079 2629 ad
1103 2573 1431 2630 historicum
1460 2590 1634 2646 genus
1655 2574 1832 2646 magis
1859 2574 2109 2629 minusve
2136 2572 2444 2643 pertinent,
2472 2573 2696 2626 nomina

172 2658 547 2731 praefigerent.
580 2666 844 2715 Attamen
877 2662 1283 2717 Tertullianus
1310 2668 1379 2729 (e.
1410 2663 1552 2716 Mar.
1576 2663 1674 2717 IV.
1704 2667 1758 2729 2)
1784 2660 2078 2732 Evangelia
2106 2668 2293 2715 nostra
2325 2675 2424 2713 suo
2449 2668 2698 2730 tempore

170 2760 269 2800 non
296 2746 470 2801 fuisse
502 2762 805 2819 anonyma,
836 2747 1043 2803 diserte
1081 2747 1240 2817 dicit,
1275 2757 1331 2804 et
1368 2756 1495 2803 ante
1537 2764 1664 2803 eum
1695 2749 1809 2804 iam
1847 2745 2103 2803 hodierni
2131 2746 2274 2801 tituli
2306 2745 2512 2817 cogniti
2541 2754 2697 2801 erant

172 2833 367 2889 Romae
396 2834 609 2890 auctori
639 2833 866 2907 fraqm.
893 2838 1211 2904 Mur-aton,
1239 2836 1297 2891 in
1323 2836 1503 2891 Gallia
1532 2836 1588 2891 S.
1619 2840 1863 2892 Irenaeo
1889 2840 1955 2903 (e.
1981 2836 2150 2889 Haer.
2180 2834 2284 2890 ΠΙ.
2316 2838 2423 2901 11),
2452 2833 2694 2888 Alexan-

168 2918 310 2977 driae
340 2924 625 2978 Clementi
662 2922 841 2977 Alex.
870 2923 1095 2989 (Strom.
1129 2925 1172 2978 1.
1205 2928 1324 2991 21);
1357 2939 1493 2995 ergo
1531 2939 1627 2979 eos
1660 2924 1836 2978 multo
1865 2922 2202 2993 antiquiores
2232 2935 2380 2987 esse,
2411 2920 2532 2975 iure
2559 2935 2696 2975 eon-

168 3006 455 3063 cludimus.

230 3096 399 3152 Porro
416 3096 837 3167 inscriptionem
858 3096 1165 3168 Εὗαγγέλιον
1181 3098 1304 3151 κατὰ
1324 3098 1586 3151 Μαθθαῖον
1602 3097 1983 3171 (Evangelium
1997 3097 2311 3154 seeundum
2331 3096 2694 3166 Matthaeum)

169 3196 257 3249 per
280 3199 341 3239 se
366 3182 623 3240 nondum
650 3184 1062 3253 demonstrare,
1089 3184 1435 3241 Matthaeum
1462 3200 1582 3241 esse
1608 3184 1733 3240 libri
1771 3195 2084 3254 auctorem,
2117 3184 2378 3251 fatemur,
2413 3183 2540 3255 quia
2571 3193 2696 3254 apte

168 3270 385 3343 praelim*
413 3271 622 3342 potuit,
654 3272 755 3327 etsi
784 3270 925 3327 liber
960 3272 1265 3328 secundum
1296 3272 1563 3329 Matthaei
1591 3272 2061 3343 praedicationem
2091 3271 2160 3327 ab
2187 3272 2363 3327 altero
2391 3278 2513 3326 erat
2539 3286 2694 3325 com-

168 3359 394 3427 positus;
436 3358 803 3414 nihilominus
845 3374 967 3415 eam
996 3358 1069 3415 ad
1116 3368 1401 3416 auctorem
1449 3359 1855 3431 designandum
1897 3376 2016 3417 esse
2043 3359 2380 3431 appositam,
2412 3374 2515 3429 pro
2545 3368 2697 3415 certo

168 3445 478 3501 asserimus,
517 3446 739 3501 Etenim
766 3446 1087 3501 Hellenistis
1129 3447 1219 3501 hic
1259 3447 1682 3518 praepositionis
1720 3446 1848 3500 κατὰ
1875 3464 2008 3503 usus
2031 3447 2260 3501 omuino
2291 3454 2410 3501 erat
2437 3446 2697 3517 frequens

167 3536 213 3593 {2
239 3532 423 3589 Mach.
470 3538 601 3601 213
635 3533 684 3585 οἱ
716 3532 1161 3605 ὓπομνηματισμοὶ
1195 3534 1244 3586 οἱ
1276 3534 1403 3587 κατὰ
1440 3533 1682 3605 Νεεμίαν,
1723 3532 1870 3605 apud
1904 3536 2097 3589 Patres
2130 3534 2160 3597 ἢ
2201 3533 2388 3587 παλαιὰ
2418 3534 2628 3600 διαθήκη
2665 3532 2696 3597 ἢ

166 3618 279 3671 κατὰ
304 3622 420 3683 ‘cb-..⁸3
446 3622 505 3687 6,
534 3620 569 3687 ἡ
596 3620 721 3674 κατὰ
750 3622 960 3677 Μωυσέα
994 3624 1325 3691 πεντάτευχος
1347 3624 1508 3689 eto.),
1539 3630 1706 3693 atque
1733 3622 1914 3693 aptius
1943 3623 2000 3677 in
2037 3622 2244 3677 nostris
2273 3620 2429 3677 libris
2467 3620 2696 3676 adhibe-

167 3704 340 3778 batur,
375 3708 474 3779 qui
512 3724 627 3764 non
655 3717 784 3764 sunt
810 3709 915 3764 nisi
944 3708 1193 3765 eiusdem
1224 3710 1506 3782 Evangelii
1546 3710 1728 3764 variae
1763 3710 1992 3765 formae.
2035 3711 2178 3764 Hinc
2215 3708 2557 3779 intelligitur,
2598 3723 2698 3762 cur

169 3792 231 3848 ab
268 3796 531 3851 omnibus
570 3796 811 3868 antiquis
845 3796 1233 3866 scriptoribus,
1274 3796 1429 3851 nullo
1469 3804 1730 3867 excepto,
1767 3796 1913 3852 tituli
1951 3796 2124 3851 nostri
2165 3796 2233 3851 de
2271 3793 2698 3865 Evangeliorum

166 3882 477 3939 auctoribus
505 3882 616 3939 sint
642 3884 916 3955 explicati.
950 3887 1147 3955 Itaque
1184 3883 1619 3939 Hellenistarum
1645 3883 1913 3955 loquendi
1947 3900 2052 3939 usu
2095 3892 2152 3939 et
2180 3882 2428 3939 unanimi
2465 3882 2698 3935 Patrum

168 3967 611 4040 interpretatione
636 3987 802 4026 omne
832 3970 1074 4042 prudens
1106 3970 1339 4027 dubium
1367 3970 1438 4025 de
1467 3970 1762 4027 titulorum
1789 3986 1956 4026 sensu
1984 3970 2316 4026 excluditur.

236 4122 293 4179 5.
326 4154 403 4165 --
441 4122 582 4181 Tria
610 4122 820 4197 priora
850 4120 1177 4198 Evangelia
1206 4121 1440 4179 maiore
1474 4122 1640 4180 inter
1668 4138 1732 4181 se
1766 4120 2184 4180 similitudine
2215 4117 2544 4177 coniuncta
2573 4116 2698 4175 iarn

166 4215 509 4293 antiquitus
530 4221 755 4293 quarto
776 4216 889 4276 sub
912 4221 1081 4276 certa
1101 4216 1371 4293 quadam
1393 4217 1638 4277 ratione
1662 4216 2164 4295 opponebantur,
2190 4217 2252 4273 et
2271 4212 2460 4273 hodie
2481 4230 2699 4291 synop-

168 4315 413 4371 tieorum
441 4313 696 4372 nomine
726 4318 897 4373 recte
929 4313 1006 4372 ab
1039 4330 1113 4373 eo
1143 4312 1639 4390 distinguuntur.

230 4424 482 4493 Quatuor
507 4424 805 4495 Evangelia
834 4424 891 4479 in
919 4441 985 4481 eo
1014 4425 1377 4493 conveniunt,
1412 4423 1562 4496 quod
1587 4441 1654 4480 ex
1677 4426 1795 4481 sola
1823 4422 1939 4480 fere
1968 4424 2078 4479 vita
2109 4423 2330 4495 publica
2361 4421 2585 4478 Domini
2611 4438 2700 4477 se-

170 4509 329 4566 lectas
359 4513 631 4583 quasdam
662 4528 751 4568 res
778 4521 959 4584 gestas
995 4522 1051 4567 et
1086 4513 1366 4568 orationes
1398 4511 1673 4579 reserunt3
1708 4511 1802 4568 sed
1841 4512 1949 4568 tria
1987 4512 2171 4583 priora
2209 4528 2336 4567 eum
2367 4512 2424 4566 in
2453 4509 2702 4567 Galilaea

169 4594 457 4655 docentem
499 4600 847 4670 potissimum
892 4609 1216 4670 sequuntur,
1262 4608 1524 4671 quartum
1571 4616 1700 4656 vero
1735 4599 1806 4655 ad
1849 4600 1969 4655 eius
2009 4600 2380 4656 ministerium
2427 4598 2702 4671 lerosoly-
