3050 5184
593 321 710 372 oua
751 323 1008 368 nameus
1053 321 1510 370 sruornconux
1552 323 1873 367 armni-ms
1916 323 2307 371 exrmcn‘run.
2444 329 2472 356 ··
2612 311 2722 368 491

201 458 364 519 etant,
394 451 674 508 interdum
701 463 802 510 aut
833 469 1031 512 omnes
1052 464 1168 511 tres
1193 454 1364 510 modo
1399 453 1657 527 loquendi
1682 455 1973 512 dissentire
2002 465 2099 511 aut
2120 469 2297 511 unum
2323 455 2519 512 saltem
2542 471 2571 510 a
2602 455 2729 512 reli·

201 537 316 608 quis
342 538 617 596 recedere.

272 664 564 732 Quaestio
595 667 788 743 igitur
817 667 1117 728 solvenda
1142 671 1265 738 est,
1300 667 1605 728 undenam
1632 669 1757 727 sive
1788 671 1851 726 in
1890 671 2239 746 arqumento
2277 673 2574 743 tractate,
2609 667 2730 727 sive

199 764 257 818 in
284 759 498 821 ordine
525 761 858 833 observate,
890 769 1014 823 sive
1041 767 1109 824 in
1135 768 1506 824 narrationis
1535 763 1927 841 dictionisque
1964 765 2142 824 modo
2170 769 2382 824 exorta
2408 769 2486 824 sit
2509 781 2725 842 synop-

197 860 442 917 ticorum
469 859 796 920 similitudo
825 865 880 920 ct
902 859 1340 922 dissimilitudo,

643 1034 716 1082 11.
743 1036 1025 1095 systemata
1051 1036 1310 1096 Evangelii
1335 1037 1575 1096 primitivi
1602 1041 1653 1084 et
1681 1041 1883 1084 mutuae
1908 1037 2275 1096 dependentia&

265 1177 321 1232 4.
363 1205 446 1219 —
487 1176 632 1234 Tria
671 1181 1084 1254 systematum
1117 1194 1352 1256 genera
1391 1177 1470 1238 ad
1500 1177 1989 1256 Synopticorum
2029 1182 2316 1240 mutuam
2354 1176 2727 1237 relationem

195 1270 621 1348 explicandam
651 1274 978 1352 proposita
1009 1277 1187 1348 sunt;
1222 1274 1331 1333 alii
1361 1275 1531 1335 enim
1562 1292 1781 1335 omnes
1813 1277 1939 1334 tres
1978 1275 2409 1352 Evangelistas
2440 1291 2515 1333 ex
2551 1289 2726 1333 com-

193 1367 360 1426 muni
381 1367 556 1428 fonte
588 1369 861 1446 quodam
893 1370 1127 1447 scripto
1158 1351 1294 1442 illa,
1319 1388 1484 1448 quae
1512 1371 1799 1444 tradunt,
1824 1371 2104 1430 hausisse
2136 1374 2423 1444 censent;
2450 1370 2555 1430 alii
2579 1369 2728 1429 v'ero

193 1480 292 1522 eos
320 1464 408 1524 ita
450 1465 618 1525 inter
659 1483 726 1525 se
764 1466 1124 1545 dependere
1157 1471 1410 1546 putant,
1448 1471 1520 1527 ut
1550 1467 1864 1527 secundus
1898 1467 2089 1546 primi
2119 1471 2184 1527 et
2212 1467 2436 1527 tertius
2460 1465 2726 1527 secundi

194 1565 250 1620 et
274 1562 465 1638 primi
497 1561 678 1621 libris
707 1562 790 1623 sit
814 1581 995 1636 usus;
1027 1563 1136 1642 alii
1163 1563 1421 1624 demum
1452 1581 1527 1624 ex
1559 1565 1691 1624 sola
1716 1541 1870 1623 orali
1891 1563 2229 1624 traditione
2259 1563 2727 1624 consonantiam

194 1663 462 1718 exortam
495 1675 632 1720 esse
662 1662 900 1719 tenent.

259 1755 390 1814 lam
419 1772 576 1815 vero
614 1763 865 1836 systema
906 1757 1237 1836 Evanqelii
1268 1761 1600 1836 primitivi,
1643 1774 2034 1835 quacumque
2083 1757 2283 1817 forma
2329 1755 2727 1834 propositum

194 1855 299 1918 est,
331 1851 568 1912 merito
598 1853 884 1913 reiicitur
913 1871 1039 1913 non
1071 1858 1346 1925 tantum,
1385 1854 1531 1931 quia
1570 1854 1743 1913 omni
1782 1853 2194 1914 fundamento
2232 1853 2532 1913 historico
2562 1855 2729 1912 caret

193 1953 366 2026 atque
395 1966 545 2009 cum
569 1949 706 2027 ipsa
725 1948 991 2010 historia
1018 1953 1274 2029 pugnat,
1309 1951 1418 2010 sed
1447 1951 1637 2010 etiam
1670 1950 1817 2028 quia
1846 1951 2149 2028 scriptore
2179 1950 2481 2028 inspirato
2510 1965 2729 2010 omnes

193 2043 414 2105 formae
445 2047 811 2124 propositae
842 2047 1027 2124 plane
1058 2047 1352 2124 indignae
1383 2053 1550 2107 sunt.

255 2147 486 2204 Duabus
513 2148 806 2219 praecipue
834 2149 1025 2206 formis
1051 2149 1374 2220 hypothesis
1398 2150 1683 2222 Evangelii
1706 2150 1970 2222 primitivi
1998 2159 2082 2205 est
2112 2146 2413 2221 proposita.
2446 2149 2555 2204 Alii
2579 2149 2728 2204 enim

195 2235 292 2291 iam
325 2237 524 2307 primis
550 2236 830 2293 Ecclesiae
862 2236 1019 2293 annis
1057 2245 1187 2293 ante
1218 2239 1275 2294 S.
1302 2237 1571 2308 Stephani
1599 2246 1838 2294 mortem
1868 2237 2091 2294 brevem
2120 2237 2367 2310 aliquam
2400 2236 2728 2293 relationem

195 2325 516 2380 aramaicam
535 2322 606 2380 de
623 2324 792 2380 rebus
809 2325 1141 2396 evangelicis
1155 2327 1526 2396 conscriptam
1548 2341 1667 2381 esse
1686 2332 1957 2394 statuunt,
1977 2340 2086 2397 qua
2101 2324 2427 2395 Apostoliin
2446 2326 2557 2380 suis
2576 2334 2726 2381 cate-

195 2410 438 2468 chesibus
469 2412 558 2467 usi
592 2412 733 2482 sint;
766 2412 930 2468 huius
957 2412 1223 2484 primitivi
1250 2413 1535 2485 Evangelii
1563 2412 1739 2469 factas
1768 2429 1887 2468 esse
1912 2413 2092 2468 varias
2116 2413 2465 2468 recensiones
2492 2414 2727 2469 aramai·

195 2513 276 2554 cas
295 2509 348 2556 et
370 2515 634 2572 graecas3
668 2508 836 2571 atque
861 2501 1159 2555 nonnullas
1183 2501 1394 2556 existis
1421 2501 1586 2556 variis
1611 2500 2023 2556 recensionibus
2040 2499 2319 2555 adhibitas
2348 2515 2468 2556 esse
2494 2501 2565 2556 ab
2593 2517 2726 2556 auc-

195 2587 392 2644 toribus
425 2588 857 2660 Evangeliorum
893 2597 1244 2656 nostrorum3
1281 2590 1349 2643 de
1386 2604 1623 2644 numero
1652 2597 1842 2644 autem
1873 2597 1928 2644 et
1962 2587 2151 2642 indole
2188 2588 2465 2643 variarum
2495 2589 2727 2645 istarum

197 2676 572 2732 recensionum
595 2691 830 2748 magnus
853 2685 938 2732 est
964 2677 1051 2732 vel
1074 2676 1257 2747 potius
1283 2675 1386 2731 suit
1428 2676 1710 2732 dissensus
1736 2677 1881 2732 inter
1907 2675 2066 2730 istius
2092 2676 2405 2746 systematis
2440 2685 2721 2747 patronos,

194 2762 420 2821 Alterius
447 2763 660 2820 formae
685 2771 1126 2835 propugnatores
1145 2780 1246 2836 pro
1264 2780 1378 2818 uno
1404 2763 1817 2836 protevangelio
1842 2765 2069 2834 eiusque
2096 2762 2507 2819 recensionibus
2531 2763 2725 2819 admit-

196 2858 308 2908 tunt
331 2867 599 2924 magnum
621 2851 1060 2923 fragmentorum
1087 2852 1492 2908 aramaicorum
1517 2861 1574 2906 et
1599 2867 1926 2924 graecorum
1945 2865 2271 2918 numerum,
2302 2851 2359 2904 in
2383 2851 2587 2922 quibus
2613 2851 2727 2908 sin·-

197 2939 323 3008 gulis
349 2948 445 2995 aut
475 2954 762 2994 sermones
791 2939 1022 3010 quidam
1049 2940 1294 3008 Domini,
1327 2949 1424 2994 aut
1446 2939 1737 3003 miracula,
1771 2947 1869 2995 aut
1892 2937 2187 3010 parabolae
2215 2946 2323 2993 etc.
2360 2937 2565 2994 fuerint
2590 2955 2727 2994 con·-

195 3026 428 3097 signatae
458 3035 628 3098 atque
656 3043 724 3082 ex
751 3026 869 3082 istis
898 3025 1221 3100 fragmentis
1247 3035 1438 3082 nostra
1466 3026 1765 3100 Evangelia
1795 3034 2024 3082 consuta
2052 3025 2264 3082 dicunt.

258 3116 454 3171 Mirum
489 3131 601 3170 non
632 3123 744 3182 est,
789 3113 939 3186 quod
971 3114 1106 3170 haec
1135 3122 1465 3186 systemata,
1506 3124 1674 3186 prout
1710 3113 1779 3170 ab
1817 3113 1976 3170 initio
2015 3121 2171 3170 erant
2206 3114 2518 3185 proposita,
2561 3114 2725 3170 hodie

199 3202 342 3270 plane
367 3204 480 3259 sint
504 3202 794 3259 derelicta.
822 3205 930 3258 Tot
959 3201 1184 3274 quidem
1207 3203 1604 3276 protevangelii
1634 3203 1869 3258 alicuius
1896 3201 2081 3273 varias
2106 3201 2481 3272 recensiones,
2512 3211 2725 3258 retrac-

196 3291 434 3358 tationes,
470 3291 754 3346 versiones
781 3298 878 3346 aut
905 3290 1074 3346 etiam
1099 3299 1183 3345 tot
1211 3289 1655 3362 fragmentorum
1678 3290 2036 3346 collectiones
2061 3305 2225 3360 posse
2251 3289 2415 3362 fingi,
2446 3299 2508 3345 ut
2531 3307 2597 3346 ex
2631 3307 2724 3346 ea-

195 3390 308 3432 rum
323 3378 738 3434 combinatione
761 3377 1066 3434 similitudo
1092 3387 1148 3433 et
1171 3376 1569 3444 dissimilitudo
1594 3377 2024 3450 Evangeliorum
2047 3376 2465 3450 synopticorum
2488 3394 2724 3450 quomo-

198 3461 494 3538 documque
527 3466 896 3537 explicentur,
931 3481 1138 3538 negare
1165 3467 1446 3522 nolumus,
1476 3468 1555 3520 At
1582 3464 1811 3521 ubinam
1838 3464 1898 3520 in
1926 3474 2043 3522 tota
2072 3464 2406 3536 antiquitate
2430 3466 2725 3522 christiana

201 3552 272 3607 vel
291 3553 626 3610 levissimum
651 3554 810 3608 istius
829 3553 1235 3627 Protevangelii
1259 3555 1330 3610 ab
1355 3554 1637 3625 Apostolis
1661 3552 1897 3609 adhibiti
1916 3561 2015 3608 aut
2035 3551 2474 3626 fragmentorum
2494 3555 2727 3611 istorum

197 3639 456 3698 invenitur
481 3642 774 3715 vestigium
788 3645 813 3696 ἰ’
835 3641 1131 3712 Quomodo
1157 3641 1364 3698 sactum
1384 3651 1468 3698 est
1483 3685 1498 3711 ,
1521 3651 1586 3697 ut
1608 3641 1897 3708 Evangelii
1923 3641 2099 3708 istius-2,
2127 3641 2299 3713 quod,
2325 3643 2454 3715 quia
2483 3642 2554 3698 ab
2576 3645 2728 3714 Apo-

198 3729 337 3785 stolis
359 3731 750 3795 adhibebatur,
785 3729 998 3802 publica
1025 3732 1356 3788 auctoritate
1387 3731 1446 3787 in
1471 3730 1717 3786 Ecclesia
1746 3730 2073 3801 insignitum
2113 3737 2169 3784 et
2196 3737 2283 3786 tot
2316 3729 2727 3786 recensionibus

201 3827 546 3891 propagatum
587 3826 736 3888 erat,
778 3819 1048 3876 memoria
1083 3835 1310 3891 prorsus
1349 3819 1636 3876 interiret?
1665 3819 1789 3888 Quo
1817 3833 1945 3874 cum
1979 3818 2099 3874 iure
2123 3817 2225 3873 sibi
2256 3818 2489 3889 quisque
2524 3832 2726 3872 novam

201 3902 330 3961 illius
371 3907 777 3980 Protevangelii
821 3907 1059 3964 formam
1086 3907 1415 3963 adornavit?
1451 3906 1638 3964 Hodie
1680 3905 1910 3982 quidem
1947 3907 2244 3977 scriptores
2285 3920 2459 3960 novas
2495 3920 2725 3976 operum

201 4003 409 4050 suorum
437 3995 713 4051 editiones
745 3995 1096 4064 emendataS‚
1139 4004 1470 4052 retractatas
1483 4033 1501 4064 ‚
1542 4003 1733 4052 auctas
1768 3994 1827 4050 in
1872 3995 2059 4050 lucem
2096 3992 2386 4060 emittunt;
2431 4001 2489 4048 at
2530 3992 2727 4048 eodem

203 4079 354 4137 modo
392 4083 654 4155 antiquos
680 4084 978 4154 scriptores
1001 4099 1114 4140 non
1143 4084 1318 4156 egisse
1343 4084 1488 4140 inter
1515 4098 1711 4139 omnes
1744 4090 1983 4152 constat,
2026 4096 2130 4136 nec
2170 4080 2453 4151 apostolis
2480 4078 2727 4152 profecto

203 4179 486 4242 eorumque
523 4171 686 4226 sociis
725 4180 784 4227 et
820 4171 1116 4244 neophytis
1147 4171 1324 4227 otium
1365 4171 1496 4240 l'uit,
1538 4180 1601 4228 ut
1637 4170 1813 4227 libros
1848 4185 1979 4226 suos
2020 4167 2289 4224 continuo
2336 4175 2721 4224 retractarent.

209 4311 392 4368 locutus
415 4323 518 4378 est,
548 4319 901 4382 Evangelistae
929 4323 1102 4370 autem
1124 4333 1300 4383 graece
1326 4333 1586 4370 sermones
1611 4319 1719 4369 eius
1749 4317 1996 4378 reddunt3
2019 4317 2119 4366 iam
2149 4329 2271 4366 vero
2296 4319 2399 4366 tres
2426 4317 2729 4380 interpretes

207 4393 338 4446 etiam
362 4397 760 4462 diligentissimi.
803 4401 846 4449 si
889 4395 1066 4449 eadem
1101 4399 1256 4450 verba
1301 4398 1474 4463 lingua
1512 4398 1679 4448 aliena
1719 4396 1973 4455 reddunt,
2008 4394 2270 4446 rarissime
2308 4397 2479 4446 eadem
2520 4397 2729 4446 omnino

210 4475 432 4528 vocabula
459 4477 777 4528 adhibebunt
799 4493 893 4529 nec
917 4493 1158 4543 umquam
1187 4477 1392 4528 videtur
1419 4478 1531 4527 fieri
1557 4489 1717 4542 posse,
1749 4481 1809 4526 nt
1835 4475 2014 4526 eodem
2045 4475 2099 4524 in
2128 4473 2241 4524 loco
2268 4473 2529 4525 reddendo
2556 4489 2733 4526 omnes

211 4550 365 4605 iisdem
393 4557 654 4608 vocabulis
682 4557 988 4617 rarioribus,
1021 4558 1198 4609 formis
1220 4556 1585 4622 irregularibus
1608 4560 1706 4606 etc.
1732 4559 1945 4605 utantur
1974 4553 2293 4618 eandemque
2316 4567 2531 4618 prorsus
2556 4555 2731 4606 verbo-

211 4641 308 4682 rum
333 4637 504 4688 seriem
535 4641 760 4687 teneant.
