3050 5184
437 301 555 358 460
635 321 710 363 DE
739 322 1076 368 novin-:sn
1109 323 1298 368 unlus
1323 325 1673 370 nts'romcts.
1708 341 1783 356 —-
1812 325 1943 368 CAP.
1982 322 2031 368 1.
2066 323 2142 368 DE
2170 322 2524 367 EVANGELns
2556 321 2903 367 SYNOPTIGIS.

435 449 585 506 niam
613 453 894 525 Evangelii
921 454 1248 511 defendunt.
1281 457 1567 513 Immerito
1596 456 1741 512 enim
1780 455 2079 511 adversarii
2118 455 2301 510 omnia
2330 457 2561 510 Petrum
2594 453 2897 510 testimonia
2922 469 2947 506 a

436 538 556 592 solo
581 540 747 610 Papia
777 541 1088 610 dependere
1125 553 1406 611 asserunt,
1439 559 1607 615 quem
1635 544 1817 600 virum
1861 563 1883 592 α
1934 542 2235 599 admodum
2277 543 2433 614 parvi
2475 541 2688 615 ingenii
2731 539 2884 596 fuisse
2922 563 2943 588 ι

437 633 668 681 testetur
702 629 972 684 Eusebius
1000 631 1095 697 (H.
1130 633 1194 686 Ε.
1229 633 1330 687 111.
1365 633 1481 702 39);
1513 647 1645 686 nam
1682 647 1785 686 nec
1812 634 2153 694 Pantaenus,
2186 631 2283 702 qui
2312 630 2636 686 hebraicum
2670 637 2874 685 textum
2898 629 2947 681 in

443 712 595 769 ludia
621 713 855 783 invenit,
888 733 993 772 nec
1033 718 1089 772 S.
1127 718 1529 791 HieronymuS,
1577 717 1673 790 qui
1700 734 1758 774 se
1795 715 2051 774 hebraico
2080 727 2233 774 textu
2280 733 2445 773 usum
2478 731 2599 772 esse
2625 717 2838 780 asserit,
2866 731 2951 769 nec

438 799 732 872 Origenes,
761 803 856 875 qui
891 819 1050 860 suam
1085 805 1374 861 scientiam
1401 822 1468 862 ex
1497 806 1694 861 eadem
1734 804 2034 862 traditione
2061 804 2305 874 derivat,
2336 819 2402 861 ex
2442 821 2551 876 qua
2584 803 2950 860 certitudinem

439 901 594 942 suam
615 887 687 944 de
720 892 1076 960 quaternario
1103 893 1530 966 Evangeliorum
1556 909 1791 950 numero
1822 893 2033 959 hausit,
2067 892 2182 949 ullo
2212 891 2385 948 modo
2409 907 2441 948 a
2468 895 2525 948 S.
2556 890 2729 962 Papia
2765 889 2951 960 depen-

441 973 572 1030 dent
587 1019 600 1044 ,
621 992 724 1032 nec
752 979 889 1033 alios
916 978 986 1035 ab
1005 996 1071 1036 eo
1099 978 1411 1052 dependere
1433 981 1775 1053 argumentis
1796 978 2231 1037 demonstratur.
2254 981 2515 1036 Ceterum
2538 993 2741 1050 magna
2770 978 2949 1048 Ingenii

442 1062 521 1116 vis
547 1078 660 1118 non
689 1067 1008 1136 requiritur,
1039 1075 1103 1123 ut
1129 1067 1328 1140 aliquis
1356 1067 1679 1124 hebraicum
1706 1068 1912 1124 librum
1936 1083 1967 1122 a
1997 1083 2195 1140 graeco
2224 1067 2533 1134 discernat,
2558 1075 2615 1122 et
2641 1064 2859 1121 Eusebii
2881 1065 2951 1117 iu-

442 1149 587 1206 dicio
629 1151 700 1207 dc
727 1167 897 1224 parvo
925 1155 1124 1224 Papiae
1163 1154 1383 1228 ingenio
1410 1156 1708 1212 auctoritas
1752 1156 1968 1210 Irenaei
1997 1164 2146 1212 reete
2173 1155 2490 1226 opponitur,
2522 1153 2619 1225 qui
2646 1155 2705 1209 S.
2750 1151 2951 1222 Papiam

443 1236 655 1294 viderat
679 1255 992 1312 magnaque
1019 1257 1148 1296 cum
1172 1246 1529 1299 veneratione
1558 1243 1627 1298 de
1656 1259 1723 1298 eo
1752 1243 2001 1315 loquitur
2030 1247 2100 1308 (c.
2132 1245 2301 1298 Haer.
2333 1243 2402 1296 V.
2438 1245 2545 1308 ³3).

511 1329 586 1380 At
620 1328 677 1382 S.
727 1327 1068 1396 Matthaeus,
1113 1329 1374 1400 inquiunt
1420 1330 1748 1397 adversarii,
1792 1345 1906 1386 non
1953 1329 2257 1402 ignoravit,
2306 1343 2566 1400 graecum
2614 1327 2953 1398 Evangelinm

443 1413 618 1468 multo
646 1414 836 1470 utilius
865 1415 1008 1484 sore,
1045 1430 1212 1488 quam
1259 1416 1581 1473 hebraicum
1608 1418 1694 1473 vel
1735 1417 2104 1486 aramaicum3
2136 1432 2269 1488 ergo
2299 1431 2528 1488 graece,
2553 1429 2669 1470 non
2695 1413 2953 1471 hebraice.

441 1500 678 1570 scripsit.
729 1501 938 1558 Eodem
983 1513 1338 1574 argumento,
1367 1503 1427 1558 ni
1471 1504 1651 1572 fallor,
1696 1504 1892 1576 aliquis
1934 1504 2317 1560 demonstrare
2368 1502 2602 1574 poterit,
2642 1504 2702 1558 S.
2747 1502 2955 1556 Paulum

443 1602 556 1641 non
600 1587 731 1644 solis
773 1591 1042 1646 Romanis
1087 1600 1182 1646 aut
1223 1591 1524 1647 Corinthiis
1572 1600 1677 1646 etc.
1736 1607 1863 1647 suas
1908 1591 2170 1662 epistolas
2215 1591 2525 1662 scripsisse,
2574 1587 2671 1644 sed
2724 1587 2957 1644 omnibus

444 1674 724 1742 fidelibu5‚
753 1692 935 1748 neque
965 1693 1222 1748 graecam
1257 1686 1476 1734 tantum
1506 1694 1696 1734 earum
1734 1678 2033 1736 editionem
2065 1678 2286 1754 fecisse,
2312 1677 2410 1733 sed
2440 1693 2535 1733 eas
2569 1677 2631 1731 in
2658 1691 2852 1732 omnes
2878 1675 2954 1729 lin·

445 1777 580 1834 guas
619 1763 1029 1819 transferendas
1070 1781 1312 1822 curasse.
1360 1767 1414 1822 S.
1470 1765 1818 1833 MatthaeuS,
1866 1767 1947 1821 uti
1992 1766 2179 1822 statim
2236 1764 2571 1832 videbimus,
2618 1763 2955 1836 Evangelium

446 1863 608 1904 suum
652 1850 870 1906 ludaeis
919 1852 1407 1922 palaestinensibus
1448 1854 1701 1924 proxime
1746 1853 2041 1908 destinavit
2086 1851 2321 1923 ideoque
2362 1867 2485 1908 eam
2528 1852 2783 1921 linguam
2818 1848 2955 1904 adbi-

447 1936 591 2004 buit,
623 1938 844 2008 quaein
869 1938 1182 2009 Palaestina
1208 1956 1274 1996 eo
1299 1949 1555 2013 tempore
1586 1941 1827 2012 vulgaris
1856 1949 1993 1996 erat.

517 2025 688 2080 Porro
731 2039 992 2098 graecum
1036 2028 1320 2100 Evangelii
1363 2037 1578 2083 textum
1621 2027 1807 2084 indole
1850 2028 2115 2084 versionis
2152 2043 2373 2094 carere„
2408 2027 2599 2083 multis
2640 2023 2957 2099 argumentis

446 2111 738 2167 ostendere
774 2123 1063 2170 conantur.
1095 2114 1390 2187 Aliquibus
1415 2117 1566 2172 enim
1598 2115 1869 2171 hebraicis
1910 2115 2357 2186 expressionibus
2382 2113 2629 2170 additam
2659 2129 2783 2169 esse
2808 2114 2955 2168 inter·

447 2201 810 2270 pretationem
837 2211 1095 2270 monent,
1126 2201 1224 2257 scd
1261 2201 1408 2258 idem
1436 2204 1494 2258 in
1523 2203 1867 2258 versionibus
1895 2201 2107 2258 obtinet
2144 2200 2245 2273 (cfr
2290 2218 2377 2258 ex.
2410 2217 2491 2274 gr.
2529 2209 2554 2257 1
2590 2206 2726 2274 Req.
2772 2206 2886 2266 ⁷,12
2910 2198 2955 2252 in

447 2286 647 2354 Alex„
678 2296 735 2342 et
757 2291 894 2346 Gen.
925 2295 1086 2358 35,18
1115 2298 1210 2345 aut
1235 2294 1417 2362 Apoc.
1454 2297 1577 2354 θαι
1606 2291 1661 2345 in
1692 2291 1872 2362 Vulq.
1906 2291 2057 2360 etc.).
2088 2290 2305 2362 Stylum
2333 2289 2495 2360 primi
2522 2288 2808 2360 Evangelii
2834 2286 2957 2342 simi-

447 2374 559 2430 lem
585 2389 702 2430 esse
723 2378 869 2447 stylo
905 2376 1133 2432 secundi
1172 2376 1411 2446 addunt3
1458 2393 1522 2433 ac
1564 2379 1608 2432 si
1654 2379 1928 2449 interpres
1970 2377 2135 2448 primi
2182 2376 2463 2449 Evangelii
2503 2376 2711 2450 stylum
2754 2371 2953 2430 seeumii

449 2461 650 2516 imitari
693 2479 808 2519 non
853 2465 1119 2534 potuisset
1167 2465 1432 2537 (ceterum
1473 2465 1558 2520 cfr
1602 2464 1743 2520 infra
1782 2469 1813 2533 §
1852 2471 1927 2532 5).
1976 2465 2397 2520 Paranomasias
2444 2479 2671 2537 graecas
2708 2463 2769 2519 in
2806 2463 2955 2534 primo

449 2550 742 2622 Evangelio
775 2552 884 2623 legi
909 2552 1152 2608 clamant
1180 2560 1345 2624 atque
1371 2551 1549 2608 tribus
1572 2553 1835 2623 exemplis
1865 2558 1996 2618 (6‚7.
2028 2557 2122 2619 163
2154 2555 2338 2618 21,41)
2363 2551 2728 2618 confirmant,
2756 2567 2823 2606 ex
2857 2549 2955 2620 qui·

447 2637 551 2692 bus
579 2639 750 2708 prima
779 2647 836 2694 et
856 2641 1016 2694 tertia
1041 2641 1209 2696 etiam
1237 2641 1292 2694 in
1321 2641 1556 2712 Vulgata
1586 2638 1808 2696 adsunt.
1841 2640 2055 2708 Quibus
2082 2639 2316 2712 aliisque
2346 2638 2617 2694 similibus
2645 2635 2959 2710 argumentis

449 2726 848 2795 praetermissis
890 2726 1028 2782 illud
1067 2744 1239 2782 unum
1279 2726 1722 2783 consideratione
1771 2725 1991 2783 videtur
2034 2727 2295 2799 dignum.
2337 2725 2488 2797 quod
2528 2741 2595 2782 ex
2645 2723 2959 2793 allegationi-

449 2813 551 2868 bus
596 2811 929 2894 desumitur;
961 2815 1166 2871 etenim
1200 2813 1366 2870 verba
1400 2816 1616 2870 Veteris
1642 2817 1792 2871 Test.
1827 2816 2027 2886 partim
2056 2815 2208 2869 iuxta
2238 2814 2558 2869 hebraicum
2586 2821 2824 2878 textum,
2854 2825 2959 2882 par-

449 2901 550 2955 tim
570 2901 724 2957 iuxta
753 2901 1166 2958 alexandrinam
1194 2902 1505 2958 versionem
1536 2903 1767 2974 allegari
1795 2901 2018 2970 dicunt,
2045 2901 2392 2957 Matthaeum
2420 2909 2627 2968 autem,
2654 2900 2702 2954 si
2730 2899 2961 2956 hebraice

449 2989 780 3058 scripsisset,
808 3005 1070 3061 graecum
1093 2999 1307 3045 textum
1337 2989 1603 3045 adhibere
1630 3005 1743 3044 non
1774 2992 2035 3059 potuisse.
2068 2993 2141 3044 At
2168 3005 2239 3044 ne
2269 2989 2377 3045 hoc
2402 2986 2629 3066 quidem
2660 2993 2961 3059 argumento

451 3090 538 3130 res
574 3074 862 3142 definitum
913 3093 1094 3148 neque
1137 3077 1286 3132 enim
1332 3078 1378 3131 si
1415 3092 1609 3132 omnes
1650 3077 2016 3148 allegationes
2061 3093 2128 3132 ex
2172 3075 2414 3132 hebraeo
2456 3082 2643 3130 essent
2682 3075 2959 3134 desumere,

453 3161 708 3217 hebraica
737 3163 893 3235 origo
923 3164 1210 3235 Evangelii
1241 3163 1735 3228 demonstraretur,
1768 3181 1872 3221 nec
1908 3180 2135 3236 graeca,
2167 3163 2215 3218 si
2244 3179 2439 3219 omnes
2476 3177 2605 3218 cum
2634 3159 2960 3218 alexandrina

454 3249 702 3304 versione
729 3259 1124 3318 consonarent,
1166 3249 1362 3306 eodem
1403 3253 1551 3306 enim
1579 3251 1778 3320 modo,
1822 3267 1933 3323 quo
1974 3260 2187 3319 auctor,
2218 3249 2495 3321 interpres
2536 3249 2805 3305 alterutro
2832 3254 2959 3302 textu

451 3337 535 3390 uti
572 3336 772 3407 potuit,
814 3339 942 3408 quia
971 3347 1204 3409 uterque
1231 3339 1398 3393 etiam
1439 3339 1586 3394 inter
1615 3339 2049 3408 palaestinenses
2092 3338 2327 3394 ludaeos
2356 3343 2479 3392 erat
2504 3336 2779 3409 cognitus.
2810 3333 2961 3390 Multo

451 3423 666 3479 minore
697 3432 885 3479 autem
912 3439 1040 3480 cum
1072 3425 1193 3480 iure
1228 3425 1559 3492 afferuntur,
1600 3427 1729 3496 quia
1766 3441 1879 3481 non
1914 3425 2064 3482 idem
2092 3421 2371 3497 allegandi
2404 3423 2605 3480 modus
2644 3423 2957 3478 observatur.

455 3513 519 3567 In
547 3525 747 3582 genere
773 3511 941 3568 verba
969 3513 1092 3577 illa,
1125 3528 1266 3583 quae
1305 3513 1365 3567 in
1407 3511 1757 3568 sermonibus
1796 3513 1986 3568 relatis
2032 3519 2361 3582 occurrunt,
2392 3511 2619 3582 propius
2654 3508 2729 3566 ad
2764 3509 2959 3565 alexan-

453 3598 676 3654 drinum
706 3606 922 3654 textum
947 3598 1251 3669 accedunt,
1279 3599 1370 3656 illa
1399 3607 1617 3668 autem,
1651 3615 1803 3671 quae,
1825 3599 1895 3656 ab
1924 3599 2271 3671 Evangelista
2308 3599 2427 3669 ipso
2458 3598 2784 3665 afferuntur,
2816 3593 2959 3664 magis

453 3702 580 3742 cum
624 3685 902 3757 primitivo
940 3686 1307 3751 concordant;
1351 3686 1496 3742 unde
1540 3688 1811 3744 coniicere
1858 3687 2016 3756 licet,
2064 3701 2325 3758 graecum
2370 3686 2734 3757 interpretem
2774 3695 2959 3738 sermo-

454 3791 552 3830 nes
599 3775 804 3829 relatos
829 3773 976 3830 velut
999 3773 1332 3830 documenta
1369 3773 1589 3845 publiea
1612 3782 1878 3830 tractasse
1919 3772 2157 3845 ideoque
2194 3773 2363 3830 verba
2396 3772 2615 3828 Veteris
2650 3774 2801 3828 Test.
2838 3767 2961 3824 iniis

453 3863 685 3934 allegata
711 3859 1018 3916 seeundum
1055 3861 1432 3918 authenticum
1471 3861 1748 3917 Ecclesiae
1768 3863 2015 3928 textum,
2042 3861 2081 3916 i.
2122 3878 2169 3917 e.
2202 3861 2511 3916 versionem
2536 3858 2960 3916 alexandrinam.

454 3949 784 4017 reddidisse,
813 3949 1026 4020 reliqua
1053 3965 1182 4004 vero
1220 3947 1290 4004 ab
1323 3949 1671 4021 Evangelista
1706 3949 1822 4021 ipso
1852 3949 2021 4004 allata
2048 3963 2116 4004 ex
2156 3947 2462 4019 exemplari
2502 3947 2807 4012 aramaico,
2838 3937 2961 4013 quod

453 4053 584 4109 prae
613 4036 868 4094 manibus
897 4036 1120 4104 habuit,
1154 4035 1367 4093 fidelius
1388 4035 1719 4092 reddidisse.

525 4125 738 4181 Ultimo
779 4125 838 4180 in
877 4125 998 4180 loco
1037 4123 1304 4180 obiiciunt
1343 4122 1672 4190 adversarii,
1702 4123 1984 4178 neminem
2030 4138 2301 4194 umquam
2342 4121 2667 4178 hebraicum
2710 4111 2961 4186 Evangelii

454 4300 674 4363 linguam
705 4297 1024 4359 adhibuisse,
1053 4311 1323 4348 monemus
1351 4301 1549 4356 tamen,
1578 4295 1721 4346 illam
1747 4296 1870 4346 solis
1892 4297 2210 4347 doctioribus
2240 4311 2301 4346 ea
2330 4297 2499 4346 aetate
2524 4295 2775 4357 cognitam
2806 4289 2961 4340 fuisse.

455 4379 698 4442 populum
724 4383 894 4428 autem
917 4378 1056 4427 illam
1080 4377 1363 4440 ignorasse3
1389 4389 1547 4440 porro
1574 4375 1627 4426 S.
1652 4376 1965 4426 Matthaeum
1995 4389 2089 4426 nec
2112 4376 2278 4438 ipsum
2302 4375 2509 4424 doctum
2538 4373 2805 4424 rabbinum
2832 4367 2963 4418 fuisse

459 4471 548 4506 nec
574 4457 738 4507 doctis
770 4456 995 4506 rabbinis
1021 4455 1212 4504 librum
1241 4467 1392 4504 suum
1425 4453 1731 4512 destinasse;
1756 4453 1899 4504 illam
1932 4454 2091 4516 igitur
2118 4453 2349 4517 linguam
2370 4452 2665 4503 adhibuisse
2692 4450 2871 4502 rectius
2894 4455 2963 4492 as·
3029 4483 3030 4524 1

457 4537 664 4594 seritur,
688 4549 818 4598 quae
843 4541 952 4586 tum
981 4535 1224 4597 temporis
1253 4535 1307 4584 in
1329 4533 1620 4583 Palaestina
1642 4532 1868 4596 vulgaris
1894 4533 1995 4582 fuit
2022 4536 2075 4582 et
2100 4547 2203 4596 qua
2234 4532 2511 4583 utebantur
2539 4532 2637 4595 ipsi
2665 4527 2963 4592 interpretes.

458 4613 547 4675 qui
575 4614 628 4662 in
657 4615 918 4676 synagogis
945 4613 1218 4663 lectionem
1241 4613 1386 4676 Legis
1413 4611 1699 4662 hebraicam
1726 4611 1913 4675 populo
1936 4611 2424 4674 interpretabantur.
3029 4599 3030 4610 ¹
