3050 5184
424 295 542 354 562
584 309 662 352 ns
702 309 841 354 novi
884 310 1054 354 ras-r.
1100 309 1294 354 usius
1330 308 1676 353 mnscucis.
1705 325 1786 336 —-
1817 307 1949 352 cAP.
1995 308 2058 351 11.
2105 307 2182 350 ns
2226 303 2624 350 sris'rcrmu
2663 298 2896 343 sinatus.

426 422 729 495 antiquitus
755 423 813 478 in
844 423 964 479 aliis
1000 423 1413 493 exemplaribus
1444 421 1715 490 defuisse,
1741 431 1910 478 testes
1949 429 2078 476 sunt
2108 423 2167 477 S.
2208 419 2468 475 Basilius
2505 422 2574 484 (c.
2601 419 2812 471 Eunoni.
2847 413 2904 465 ll.

430 515 515 578 19)
545 519 600 565 et
630 514 932 583 Ονίρεπεε,
964 513 1059 582 qui
1086 527 1151 566 ea
1194 511 1251 566 in
1290 527 1388 566 sua
1427 510 1792 579 explicatione
1819 508 2233 581 praetermittit.
2267 505 2526 572 Accedit,
2560 501 2702 576 quod
2733 501 2784 556 in
2815 507 2906 553 tota

428 597 657 669 epistola
685 614 799 654 non
825 599 1137 654 inveniatur
1164 598 1393 667 allusio,
1427 613 1536 671 qua
1570 608 1834 669 appareat
1859 596 2096 652 Paulum
2135 595 2400 651 diuturno
2427 603 2672 663 tempore
2699 589 2752 643 in
2775 587 2908 642 eccle·

428 685 529 755 sia,
550 687 641 742 cui
666 685 807 742 haec
830 687 1061 757 epistola
1085 684 1360 742 destinata
1388 695 1490 754 est,
1524 693 1930 741 commoratum
1959 699 2099 754 esse,
2128 683 2286 739 nulla
2314 681 2652 737 adscribatur
2675 675 2906 732 salutatio.

429 773 599 828 immo
627 783 823 830 auctor
846 772 1100 830 dubitare
1126 771 1401 842 videatur,
1434 787 1572 828 num
1595 773 1832 828 lectores
1854 771 1925 828 de
1948 787 2008 828 se
2035 770 2343 843 quidquam
2366 768 2636 826 audierint
2657 765 2798 836 (33),
2823 777 2908 816 eos·

428 875 537 931 que
563 861 641 916 ita
663 861 1000 933 alloquatur,
1025 877 1088 916 ac
1110 861 1155 916 si
1178 861 1305 916 illos
1326 875 1640 932 numquam
1666 859 1892 916 vidisset
1908 858 2006 915 sed
2024 857 2095 914 de
2113 859 2182 914 iis
2201 857 2494 914 dumtaxat
2511 853 2746 910 audisset
2765 855 2907 918 (ms).

428 947 639 1018 Quibus
672 949 1012 1021 argumentis
1052 950 1287 1020 permoti
1323 949 1496 1021 aliqui
1535 949 1893 1020 interpretes,
1925 948 2096 1003 etiarn
2133 945 2421 1014 catholici,
2451 949 2640 999 tenent
2673 939 2908 1012 epistolam

430 1036 573 1092 hanc
607 1057 633 1087 α
663 1037 989 1092 circularem
1029 1035 1194 1092 fuisse
1223 1045 1390 1108 atque
1418 1035 1490 1092 ad
1518 1051 1714 1102 omnes
1749 1035 2012 1092 ecclesias
2037 1035 2204 1092 Asiae
2243 1033 2597 1106 pertinuisse3
2626 1031 2750 1087 hinc
2781 1027 2909 1083 conti·

432 1125 589 1195 gisse‚
612 1132 675 1179 ut
698 1124 1021 1196 simpliciter
1047 1125 1310 1197 inscripta
1338 1133 1485 1181 esset
1511 1130 1620 1187 τοῖς
1639 1123 1780 1196 ᾰγὶος
1793 1127 1900 1186 τοῖς
1929 1118 2158 1192 οὖσιν...,
2180 1130 2244 1177 ut
2272 1137 2446 1194 quum
2473 1119 2548 1176 ad
2575 1118 2736 1174 aliam
2761 1114 2910 1169 urbem

432 1212 763 1281 mitteretur,
792 1211 944 1268 aliud
964 1227 1171 1269 nomen
1198 1213 1256 1268 in
1282 1212 1527 1284 spatium
1555 1227 1793 1268 vacuum
1817 1211 2074 1268 relictum
2096 1211 2436 1266 insereretur
2457 1229 2505 1264 ι.

501 1302 764 1356 Attamen
786 1300 1037 1357 unanimi
1071 1315 1343 1357 consensu
1378 1299 1608 1357 tradunt
1632 1301 1854 1367 Patres,
1885 1299 2157 1372 Ephesiis
2195 1297 2341 1354 hanc
2369 1295 2662 1368 epistolam
2689 1309 2796 1350 esse
2817 1288 2911 1346 seri·

434 1395 612 1457 ptam,
638 1403 753 1444 non
780 1389 943 1458 plane
970 1389 1250 1444 immerito
1272 1390 1383 1445 iam
1412 1389 1469 1445 S.
1502 1391 1778 1461 anatius
1804 1391 1878 1446 M.
1916 1386 2006 1456 (ad
2035 1387 2242 1460 Ephes,
2277 1390 2365 1452 12)
2389 1385 2541 1442 velut
2559 1383 2713 1440 tostis
2729 1383 2911 1442 citatum

433 1475 721 1532 certissimi
744 1484 931 1532 autem
958 1483 1127 1532 testes
1154 1483 1284 1531 sunt
1313 1485 1508 1532 auctor
1535 1479 1779 1548 Fraqm.
1815 1477 2060 1543 Mur-at„
2093 1477 2152 1530 S.
2189 1478 2492 1540 Irenaeus,
2533 1471 2912 1528 Tertullianus.

436 1563 701 1620 Clemens
737 1563 912 1621 Alex.
953 1563 1309 1636 iunioresque
1347 1579 1568 1631 omnes,
1596 1572 1763 1636 atque
1792 1563 1891 1636 ipsi
1918 1564 2199 1635 Oriqenes
2229 1570 2285 1617 et
2312 1562 2370 1618 S.
2411 1560 2704 1628 Basilius,
2741 1559 2850 1614 licet
2873 1555 2912 1608 in

432 1650 783 1723 inscriptione
813 1650 979 1707 verba
1008 1650 1057 1703 ἐν
1090 1650 1283 1724 Ἐφέσῳ
1304 1667 1417 1709 non
1449 1652 1715 1724 legerint,
1737 1649 1989 1723 Ephesiis
2017 1650 2312 1722 epistolam
2339 1648 2676 1705 destinatam
2703 1662 2808 1702 esse
2829 1644 2915 1697 sint>

434 1737 796 1794 haesitatione
824 1747 1095 1794 asserunt.
1120 1740 1259 1794 Cum
1286 1738 1544 1796 Patribus
1571 1740 1922 1795 consentiunt
1940 1753 2134 1794 omnes
2155 1737 2372 1794 codices
2387 1779 2401 1806 ,
2427 1744 2601 1808 atque
2627 1737 2812 1791 iterum
2833 1740 2916 1786 tres

434 1826 646 1896 graeci,
674 1825 770 1897 qui
804 1826 862 1880 in
898 1825 1254 1896 inscriptione
1284 1843 1489 1885 nomen
1526 1825 1636 1882 loci
1671 1827 1964 1895 omittunt,
1999 1825 2228 1882 titulum
2261 1825 2381 1896 πρὸς
2419 1822 2680 1895 Ἐφεσίους
2707 1819 2917 1892 epistolae

435 1913 764 1986 praefigunt.
794 1916 1069 1970 Remanet
1094 1913 1262 1986 igitur
1292 1915 1604 1970 solitarium
1642 1915 2024 1970 testimonium
2058 1913 2382 1980 Marcioni8‚
2419 1911 2816 1983 scripturarum
2833 1919 2917 1961 om·

434 2001 592 2056 nium
620 2001 988 2073 corruptoriS,
1017 2017 1126 2073 quo
1156 2002 1582 2058 unanimitatem
1607 2001 1919 2058 traditionis
1945 2017 2059 2058 non
2084 2001 2230 2068 tolli,
2267 2000 2477 2056 clarum
2500 2009 2610 2056 est.

506 2091 697 2161 Neque
724 2088 976 2144 internae
1002 2089 1248 2146 rationes
1274 2091 1415 2145 tanti
1444 2090 1656 2159 valent,
1683 2098 1747 2145 ut
1774 2089 2164 2146 auctoritatem
2190 2087 2505 2144 traditionis
2529 2087 2818 2144 infirment.
2841 2084 2917 2137 Im-

437 2177 633 2233 merito
674 2177 822 2233 enim
868 2176 1152 2243 asseritur,
1202 2177 1439 2233 Paulum
1486 2176 1770 2247 dubitare,
1815 2193 1950 2233 num
1997 2178 2233 2233 lectores
2275 2174 2346 2231 de
2394 2177 2512 2248 ipso
2567 2175 2848 2238 audierint3
2881 2171 2916 2222 in

436 2264 651 2320 obiecto
679 2267 802 2321 loeo
831 2265 891 2320 in
928 2263 1257 2320 memoriam
1293 2273 1515 2320 revocat
1545 2281 1631 2332 ea,
1664 2280 1808 2337 quae
1837 2264 1908 2321 de
1941 2265 2244 2336 apostolica
2282 2279 2380 2319 sua
2415 2263 2685 2320 missione
2713 2271 2918 2334 praoeens

433 2353 542 2408 illis
569 2350 875 2408 tradiderat
902 2351 1067 2424 (3,2)3
1106 2368 1287 2424 neque
1316 2352 1431 2424 ipse
1470 2367 1566 2410 eos
1603 2354 1757 2409 velut
1787 2353 2098 2426 incognitos
2129 2353 2432 2424 alloquitur
2460 2357 2658 2423 (1,15),
2693 2349 2784 2408 sed
2809 2354 2918 2420 post-

436 2455 603 2512 quam
624 2455 654 2494 a
673 2448 912 2512 quatuor
934 2440 1091 2496 annis
1116 2456 1212 2496 eos
1234 2455 1347 2496 non
1372 2440 1610 2513 amplius
1637 2439 1804 2511 vidit,
1829 2439 1968 2498 dicit
1993 2456 2052 2496 se
2081 2440 2388 2496 audivisse
2413 2455 2615 2496 eorum
2647 2438 2804 2496 fidem
2825 2445 2917 2492 etc..

435 2529 473 2584 i.
507 2545 558 2584 e.
586 2543 681 2583 eos
704 2543 863 2584 suam
902 2527 1073 2584 fidem
1099 2529 1376 2601 integram
1417 2537 1473 2584 et
1498 2528 1772 2585 illibatam
1810 2544 2184 2585 conservasse.
2211 2529 2452 2584 omissio
2494 2527 2868 2584 salutationum
2883 2523 2921 2577 in

434 2625 625 2672 nostra
670 2616 903 2687 epistola
952 2631 1127 2689 aeque
1168 2631 1365 2688 parum
1412 2625 1566 2672 creat
1605 2616 2016 2684 difficultatem,
2058 2625 2226 2688 atque
2267 2615 2462 2672 similis
2499 2616 2726 2674 omissio
2747 2617 2802 2671 in
2829 2616 2920 2668 1.2.

434 2705 654 2772 Thess,
687 2709 722 2759 2
750 2705 901 2773 Cor.,
932 2705 1083 2772 Gal.,
1124 2705 1448 2774 praesertim
1472 2720 1646 2776 quum
1669 2705 1973 2776 Apostolus
2000 2706 2289 2777 epistolam
2315 2719 2413 2776 per
2435 2703 2768 2776 discipulum
2791 2711 2922 2758 trans·

437 2793 713 2860 mitteret,
742 2791 838 2864 qui
864 2806 960 2847 eos
986 2790 1056 2847 de
1080 2792 1193 2847 suis
1224 2791 1389 2848 rebus
1434 2791 1692 2848 edoceret
1737 2808 1941 2864 eosque
1981 2793 2363 2848 consolaretur
2402 2793 2596 2864 (6522).
2635 2795 2922 2864 Frequenter

436 2879 665 2952 quidem
702 2879 763 2934 in
801 2878 924 2935 aliis
965 2879 1209 2953 epistolis
1243 2879 1517 2952 plerisque
1545 2879 1616 2935 de
1644 2895 1744 2936 sua
1771 2880 1842 2936 ad
1881 2879 2142 2936 ecclesias
2175 2881 2298 2936 illas
2324 2879 2597 2936 relatione
2623 2875 2922 2953 loquitur‚iu

437 2977 629 3024 nostra
658 2981 992 3040 numquam;
1017 2975 1263 3023 attamen
1284 2983 1395 3022 non
1415 2968 1580 3039 plane
1599 2967 1800 3024 desunt
1817 2968 2116 3024 allusiones
2131 3011 2146 3038 ,
2167 2968 2367 3038 quibus
2389 2968 2688 3040 epistolam
2703 2963 2920 3038 Ephesiis.

434 3056 632 3112 incolis
666 3055 819 3111 urbis
852 3055 1323 3127 corruptissimae,
1362 3053 1696 3110 destinatam
1731 3071 1851 3112 esse
1888 3063 2154 3128 appareat
2178 3055 2321 3128 (2,2;
2352 3061 2508 3124 4,19;
2539 3062 2640 3126 5,a
2667 3071 2786 3128 sqq.
2811 3053 2922 3113 etc-J.

436 3151 603 3215 atque
636 3159 705 3198 ex
738 3143 1003 3214 epistolae
1037 3141 1344 3210 occasione,
1374 3142 1444 3198 de
1472 3159 1582 3214 qua
1617 3143 1806 3200 statim
1837 3143 2116 3214 dicemus,
2147 3144 2336 3216 aliquo
2361 3142 2532 3200 modo
2561 3143 2804 3201 defectus
2827 3141 2922 3196 alia·

438 3247 565 3287 rum
608 3231 941 3286 allusionum
983 3230 1245 3301 explicari
1282 3229 1523 3288 videtur.
1563 3231 1825 3286 Ceterum
1862 3231 2097 3304 Paulus,
2128 3231 2177 3287 si
2205 3230 2440 3287 eandem
2477 3231 2768 3302 epistolam
2802 3225 2926 3282 variis

434 3319 680 3375 ecclesiis
708 3318 1027 3386 destinavit,
1062 3317 1131 3374 ab
1174 3317 1445 3374 eiusmodi
1497 3317 1570 3374 ad
1597 3326 1810 3374 certam
1835 3318 2128 3374 ecclesiam
2153 3317 2511 3374 allusionibus
2551 3335 2670 3376 non
2713 3313 2926 3374 abstinuit

436 3409 511 3479 (1.
544 3412 598 3460 2.
631 3408 783 3473 Cor.,
815 3406 996 3474 Gal.);
1030 3404 1227 3461 eadem
1274 3404 1576 3463 difficultas
1613 3405 1784 3478 igitur
1829 3405 1938 3462 illis
1981 3405 2379 3478 interpretibus
2419 3406 2688 3464 solvenda
2728 3413 2828 3472 est,
2861 3399 2927 3472 qui

432 3493 689 3551 omnibus
717 3493 963 3549 ecclesiis
999 3494 1191 3562 Asiae,
1226 3509 1291 3550 ac
1334 3493 1570 3564 proinde
1601 3495 1770 3550 etiam
1797 3492 2090 3564 ephesiae,
2120 3493 2413 3566 epistolam
2451 3495 2602 3552 velut
2639 3493 2928 3566 encyclicam

433 3582 764 3638 destinatam
782 3579 995 3636 dicunt.
1018 3579 1177 3650 Quod
1201 3597 1331 3636 vero
1352 3581 1522 3654 aliqui
1541 3582 1804 3652 suspicati
1822 3589 1952 3636 sunt
1966 3623 1982 3650 ,
2007 3581 2298 3652 epistolam
2317 3581 2396 3638 ita
2417 3580 2590 3638 fuisse
2613 3579 2928 3654 encyclicam.

432 3680 495 3727 ut
521 3669 825 3743 Tychieus,
855 3668 951 3740 qui
980 3684 1104 3724 eam
1130 3670 1190 3724 in
1214 3669 1405 3724 Asiam
1433 3669 1648 3738 attulit,
1680 3684 1782 3740 pro
1809 3668 1972 3726 libitu
2005 3684 2210 3725 nomen
2237 3669 2472 3726 alicuius
2493 3671 2755 3726 ecclesiae
2781 3662 2926 3722 inscri-

431 3758 609 3830 ptioni
635 3758 877 3814 inserere
906 3757 1175 3828 potuerit,
1208 3755 1268 3811 id
1294 3756 1457 3812 nobis
1484 3757 1756 3813 absonum
1797 3772 1920 3813 esse
1965 3756 2209 3826 videtur3
2253 3755 2539 3828 quomodo
2577 3758 2728 3812 enim
2765 3750 2928 3810 Paulus

433 3846 627 3916 verba,
661 3861 802 3918 quae
833 3851 958 3910 1‚15
986 3860 1111 3916 sqq.
1150 3853 1207 3900 et
1236 3850 1366 3914 4,25
1395 3853 1451 3900 et
1482 3851 1537 3914 5,
1581 3853 1635 3902 4.
1682 3850 1746 3901 12
1785 3860 1909 3917 sqq.
1951 3853 2056 3902 etc.
2094 3846 2378 3918 leguntur,
2411 3844 2654 3902 scribere
2691 3843 2873 3916 potuit.
2897 3836 2927 3890 si

431 3936 687 3992 ecclesias
712 3933 1009 4006 ignoravit,
1053 3947 1291 4005 quarum
1332 3933 1558 3990 nomina
1583 3933 1856 4004 Tychicus
1897 3933 2076 4005 spatio
2109 3932 2190 3988 illi
2233 3947 2408 3990 vacuo
2453 3940 2598 3989 esset
2631 3929 2928 3988 inserturus?

434 4027 627 4097 ltaque
655 4039 685 4078 a
715 4021 925 4078 tradita
948 4021 1223 4078 sententia
1248 4019 1508 4077 recedere
1537 4036 1651 4076 non
1678 4022 1949 4094 cogimur.

509 4225 569 4282 2.
598 4255 678 4266 --
706 4222 779 4281 ΙΙ.
806 4219 1031 4280 Romae
1049 4235 1249 4279 versus
1266 4217 1450 4292 finem
1469 4217 1694 4296 prioris
1713 4217 2116 4298 captivitatis,
2133 4217 2175 4276 i.
2203 4233 2259 4278 e.
2287 4221 2553 4280 exeunte
2573 4236 2628 4278 a.
2649 4217 2772 4289 63„
2795 4217 2926 4290 Apo-

432 4318 629 4377 stolus
647 4316 808 4376 hanc
828 4316 1158 4394 epistolam
1180 4314 1506 4393 scripsisse
1526 4319 1698 4375 recte
1721 4315 1976 4375 dicitur.
2009 4317 2396 4376 OccAsiousu
2421 4313 2726 4376 scribendi
2751 4317 2926 4371 aulem

432 4415 488 4475 ei
520 4413 829 4474 dissensio
856 4411 1165 4491 quaedam
1193 4411 1445 4472 videtur
1474 4412 1838 4490 praebuisse
1859 4413 2023 4473 inter
2043 4411 2396 4490 neophytos
2418 4411 2704 4489 ephesios
2721 4411 2924 4470 exorta.

432 4527 637 4587 quum
662 4509 1271 4580 Ethnicochristiani,
1306 4509 1413 4586 qui
1440 4510 1731 4587 antiquos
1757 4527 1903 4571 suos
1929 4525 2139 4570 mores
2158 4509 2448 4570 >ethnicos
2477 4507 2750 4568 nondum
2775 4503 2928 4580 plane

434 4605 878 4683 deposuerant,
904 4623 1038 4668 sese
1060 4623 1095 4667 a
1124 4605 1716 4668 Iudaeochristianis
1757 4605 2000 4686 despici
2044 4607 2519 4668 arbitrarentur.
2559 4603 2624 4665 ld
2648 4601 2806 4663 enim
2833 4612 2923 4655 ss-
