3050 5184
344 350 415 393 ns
450 353 808 398 rmsctrms
850 352 1299 398 comitnnunns
1340 351 1679 397 carnoucts
1724 353 1788 396 m
1829 351 2029 396 manos
2072 351 2497 400 sALouochS.
2582 341 2694 398 347

192 480 411 536 [Parisiis
448 485 657 552 1585.);
693 487 873 540 Dam.
917 484 1271 552 Hortulani,
1309 486 1379 540 Ο,
1410 486 1467 540 S.
1504 487 1676 557 Aug„
1705 483 1763 538 in
1803 484 1962 539 Cant.
2007 483 2400 540 dilucidissima
2441 485 2696 555 explana·

189 565 257 620 tio
271 576 368 623 etc.
398 571 659 635 (venetiis
688 571 898 642 1585.);
924 573 1085 628 Hier.
1110 573 1481 640 Almonazir,
1504 573 1574 628 0.
1600 569 1822 638 praed„
1841 572 2150 628 comment.
2177 571 2470 642 (compluti
2491 575 2692 638 1588.);

190 655 323 708 Lud-
351 659 685 714 Sotomaior
720 659 774 716 S.
812 660 859 716 Ι.
893 659 1283 730 Interpretatio
1314 659 1660 731 (Olyssipone
1691 660 1892 726 1599.),
1923 667 1978 715 et
2005 660 2268 716 eiusdem
2310 660 2484 716 Notae
2511 667 2696 731 poste-

188 740 345 798 riores
368 753 421 798 et
442 745 725 802 breviores
754 745 913 818 (lbid.
958 751 1167 814 1611.);
1200 751 1365 802 loan.
1398 747 1473 802 de
1498 747 1724 802 Pineda
1746 749 1802 804 S.
1829 748 1872 802 1.
1903 747 2207 804 Praelectio
2225 763 2382 804 sacra
2404 747 2460 802 in
2483 748 2692 804 Cantic.

190 829 403 900 (Hispali
434 837 642 904 1602.);
676 837 839 890 Tucc.
876 835 1074 890 Tuccia·
1102 833 1503 890 Adnotationes
1536 834 1812 906 (Lugduni
1853 837 2062 902 1606.);
2094 837 2281 892 Mlcn.
2311 836 2692 900 Gursmsnn,

186 917 314 971 Cler.
358 921 521 993 Reg.,
545 922 833 978 Canticum
865 922 1175 978 Salomonis
1202 922 1353 978 iuxta
1390 922 1658 977 lectiones
1685 923 1847 994 Vulg.
1881 922 2054 979 Hebr.
2093 922 2294 978 Graec.
2322 931 2430 979 etc.
2465 924 2697 987 (Romae

192 1010 330 1060 1609.
358 1015 413 1062 et
438 1011 652 1081 saepe);
678 1011 753 1066 M.
780 1011 855 1066 A.
882 1010 986 1065 Del
1016 1013 1117 1066 Ilio
1147 1011 1203 1066 S.
1246 1011 1293 1064 1.
1327 1010 1640 1066 comment.
1687 1010 1834 1066 liter.
1879 1017 1934 1064 et
1973 1017 2168 1065 catena
2211 1017 2373 1082 myst.
2421 1007 2695 1080 (Lugduni

190 1097 382 1162 1611.);
414 1099 472 1152 C.
510 1097 743 1152 sanccii
784 1098 837 1152 S.
870 1098 915 1152 1.
954 1097 1393 1154 Commentarius
1420 1095 1698 1169 (Lugduni
1732 1097 1940 1166 1616.);
1971 1096 2153 1152 Pauli
2190 1097 2424 1154 Arresii
2453 1095 2522 1152 de
2547 1097 2692 1150 Vero

184 1179 379 1236 Cantici
422 1191 545 1239 tum
598 1184 860 1240 historico
906 1193 1027 1240 tum
1066 1184 1342 1256 spirituali
1390 1199 1556 1240 sensu
1599 1183 1914 1255 (Mediolani
1962 1184 2168 1254 1640.);
2217 1185 2261 1239 1.
2306 1186 2370 1239 B.
2427 1186 2696 1240 Bessum·

189 1267 345 1324 Yotae
378 1279 487 1328 etc.
532 1270 635 1338 (cl'r
674 1273 893 1344 supra),
925 1276 973 1327 I.
1012 1277 1260 1340 Ansart,
1304 1271 1375 1326 Ο.
1413 1274 1469 1328 S.
1510 1274 1672 1336 Ben.,
1707 1271 1990 1342 Expositio
2026 1273 2084 1326 in
2128 1271 2418 1328 Canticum
2446 1270 2700 1336 ‚(Parisiis

192 1361 351 1422 1771.)
375 1367 485 1414 etc.
2448 1416 2453 1421 ,

246 1445 369 1501 Hoc
410 1461 643 1504 nos‘rno
674 1462 947 1504 sucum
976 1447 1299 1503 Proverbia
1321 1447 1734 1519 explicaverunt
1767 1448 2082 1520 germanice
2113 1447 2182 1501 A.
2229 1446 2476 1518 Rohlz'nq
2502 1447 2707 1512 (Mainz

191 1537 353 1600 1856.)
368 1575 381 1600 ,
404 1534 599 1606 gallice
622 1535 690 1590 H.
718 1537 945 1590 Lesetre
964 1535 1139 1602 (Paris
1158 1539 1357 1602 1872.).
1378 1566 1452 1575 —
1474 1533 1874 1590 Ecclesiastae
1894 1532 2222 1606 explicando
2240 1542 2336 1588 aut
2359 1531 2706 1591 defendendo

186 1633 395 1689 operam
424 1636 585 1677 suam
612 1620 1003 1692 impenderunt
1033 1626 1097 1677 L.
1128 1639 1177 1678 υ.
1210 1625 1394 1678 Essen
1422 1621 1848 1689 (schaffhausen
1872 1625 2082 1688 1856.)‚
2115 1625 2178 1676 F.
2213 1624 2260 1675 Ι.
2289 1620 2510 1676 ΒευεσΙι
2540 1619 2704 1687 (Tiib.

185 1707 551 1776 Quartalschr.
580 1713 783 1778 1860.),
819 1708 979 1777 Gilly
1011 1710 1187 1776 (Paris
1216 1713 1425 1778 1868),
1451 1711 1515 1765 Β.
1551 1711 1874 1766 εοεαε-η
1897 1707 2182 1779 (Freiburg
2211 1713 2410 1775 18⁷0.),
2443 1713 2512 1764 A.
2541 1710 2708 1764 Mor-

186 1809 313 1851 ·rus
340 1795 519 1862 (Paris
547 1802 735 1866 1876.;
786 1799 999 1866 1877.),
1046 1798 1237 1870 Veyni
1274 1796 1530 1864 (Firenze
1569 1799 1782 1863 1871.),
1831 1795 2226 1851 Rambouillet
2267 1797 2443 1862 (Paris
2496 1799 2704 1862 18⁷9.),

184 1878 245 1930 G.
264 1877 491 1932 Bielcell
510 1875 845 1944 (lnnsbruck
876 1881 1078 1945 1885.),
1104 1875 1175 1932 G.
1207 1876 1544 1932 Gmrnunx
1573 1877 1635 1932 S.
1670 1878 1714 1930 1.
1747 1876 1991 1942 (Parisiis
2031 1880 2206 1946 1890).
2246 1906 2318 1916 -
2357 1877 2514 1932 Novo
2541 1877 2710 1932 modo

183 1965 487 2022 Canticum
512 1965 783 2034 explicare
805 1971 1037 2020 conatus
1062 1972 1147 2020 est
1169 1967 1217 2018 Ι.
1239 1969 1301 2019 L.
1334 1965 1461 2036 Huq
1480 1963 1768 2036 (Freiburg
1796 1964 2006 2034 1813.);
2038 1964 2202 2019 veteri
2228 1961 2511 2020 traditioni
2535 1966 2710 2036 magis

182 2051 413 2109 minusve
438 2051 797 2108 inhaeserunt
822 2056 865 2108 Ι.
896 2057 966 2108 Η.
997 2053 1377 2108 ΚίεεεηιαΙεεν
1399 2051 1740 2122 (Monasterii
1773 2056 1976 2121 1818.)‚
2007 2055 2077 2109 A.
2099 2052 2336 2108 Schuler
2362 2051 2708 2124 (Wiirzburg

188 2145 379 2206 1858.>,
415 2145 483 2197 B.
524 2139 805 2215 Schaefer
840 2138 1115 2207 (Miinster
1156 2145 1357 2206 1876.),
1399 2145 1472 2196 Le
1506 2142 1629 2195 Hir
1666 2140 1843 2206 (Paris
1875 2140 2064 2209 1883),
2097 2143 2158 2194 F.
2196 2139 2253 2196 S.
2303 2137 2709 2213 Tt'efentlialer

182 2230 239 2281 0.
266 2231 321 2284 S.
350 2229 411 2284 B.
444 2231 747 2298 <Kempten
776 2227 969 2298 1889),
1004 2227 1076 2283 G.
1104 2229 1440 2284 Gramma
1469 2229 1525 2284 S.
1569 2229 1617 2284 1.
1656 2227 1899 2296 (Parisiis
1933 2233 2134 2294 1890.).
2165 2228 2350 2282 Minus
2384 2228 2544 2284 nobis
2575 2245 2708 2300 pro-

182 2313 365 2372 bantur
390 2332 561 2388 opera
590 2319 749 2370 Petr.
776 2315 993 2388 Scheqq
1024 2315 1326 2385 (Munchen
1368 2317 1581 2386 1885.),
1616 2319 1662 2372 I.
1682 2320 1917 2388 Lanqer
1945 2309 2173 2384 (1887.)‚
2193 2315 2352 2372 cuius
2390 2325 2574 2372 tamen
2607 2316 2694 2371 ed.

184 2407 225 2455 2.
256 2404 521 2476 Freiburg
554 2407 706 2459 1889.
742 2403 937 2459 melior
965 2407 1069 2470 est)
1100 2412 1205 2459 etc.
2063 2399 2070 2406 “

1236 2645 1536 2714 CAPUT
1575 2644 1661 2711 V.

664 2905 757 2956 DE·
795 2904 1095 2957 DUOBUS
1134 2903 1377 2954 LIBRIS
1418 2898 2236 2953 PSEUDOSALOMONICIS.

1052 3120 1105 3171 1.
1135 3119 1226 3172 De
1252 3118 1418 3170 libro
1448 3116 1842 3181 saptentiae.

396 3334 439 3423 ἓ
469 3339 576 3400 19.
620 3369 709 3382 —-
729 3334 825 3397 De
861 3330 1023 3398 libri
1048 3329 1437 3420 Sapientiae
1461 3339 1898 3417 arqzcmentO,
1926 3326 2285 3406 divisione,
2306 3326 2470 3414 fine.

267 3577 319 3633 1.
350 3607 427 3618 —
452 3570 723 3632 Nomine
748 3567 1469 3631 Pseudosalomom'corum
1488 3565 1777 3626 librorum
1796 3563 2115 3642 Sapientia
2145 3566 2208 3624 et
2244 3561 2712 3624 Ecclesiasticus

200 3669 328 3730 ideo
366 3670 489 3730 hoc
530 3667 671 3727 loco
718 3665 1144 3742 designantur,
1174 3663 1321 3740 quia
1352 3665 1568 3722 Patres
1603 3665 1668 3722 et
1707 3659 1950 3736 antiqui
1993 3660 2368 3736 interpretes
2411 3676 2518 3719 eos
2545 3657 2714 3717 haud

200 3782 325 3826 raro
344 3766 527 3827 libris
550 3761 899 3823 Salomonis
930 3760 1530 3830 adnumeraverunt,
1555 3757 1840 3835 quamvis
1869 3773 1980 3816 eos
2013 3773 2049 3814 a
2077 3755 2412 3815 Salomone
2437 3753 2710 3814 conscri-

200 3867 325 3936 ptos
350 3881 479 3923 non
506 3875 647 3920 esse
670 3859 920 3918 scirent.

261 3983 496 4040 Concilia
526 3983 790 4054 Hippon.
829 3983 903 4044 (a.
934 3982 1081 4045 393.)
1122 3985 1180 4032 et
1224 3975 1517 4046 Carthaq.
1561 3979 1630 4042 (a.
1676 3977 1823 4041 397.)
1853 3973 1935 4029 uti
1976 3973 2145 4028 etiam
2185 3975 2242 4028 S.
2277 3969 2642 4028 Innocentius
2666 3973 2714 4024 1.

224 4073 310 4142 Ep.
336 4071 425 4128 ad.
456 4073 669 4140 Exsup.
700 4066 910 4132 Τοίοε.)
939 4065 999 4121 in
1035 4065 1149 4120 suis
1179 4062 1590 4134 scripturarum
1627 4061 1888 4132 catalogis
1929 4081 1954 4111 c
1989 4061 2242 4133 quinque
2271 4058 2440 4114 libros
2467 4057 2719 4112 Salomo-

204 4159 277 4212 nis
294 4181 319 4210 »
350 4163 767 4222 recensuerunt,
795 4169 999 4225 eosque
1018 4150 1194 4208 secuti
1218 4160 1345 4206 sunt
1370 4148 1620 4220 plerique
1638 4147 1852 4204 mediae
1871 4147 2068 4202 aetatis
2086 4145 2435 4215 interpretes,
2460 4150 2720 4198 Attamen

206 4245 255 4301 S.
282 4245 647 4320 Augustinus
688 4245 899 4309 (Doctr.
944 4239 1139 4296 christ.
1177 4241 1253 4294 11.
1299 4242 1383 4304 8),
1414 4236 1511 4310 qui
1541 4234 1756 4291 duobus
1795 4234 1902 4290 illis
1938 4231 2195 4289 Conciliis
2230 4230 2583 4297 interfuerat,
2609 4229 2721 4285 iam

206 4335 423 4402 monuit,
454 4355 481 4384 α
507 4332 651 4389 duos
671 4329 796 4386 illos
819 4326 1009 4396 libros,
1038 4327 1133 4399 qui
1154 4323 1431 4396 Sapientia
1452 4332 1509 4380 et
1535 4321 1948 4379 Ecclesiasticus
1969 4319 2360 4384 inscribuntur,
2390 4317 2458 4372 de
2482 4317 2720 4388 quadam

209 4420 550 4478 similitudine
594 4417 925 4476 Salomonis
960 4415 1071 4471 dici
1114 4433 1173 4482 n,
1206 4421 1371 4486 atque
1410 4415 1469 4468 S.
1518 4413 1912 4479 Hieronymus
1961 4405 2165 4474 (Praei.
2211 4405 2266 4460 in
2315 4404 2436 4460 libr.
2487 4403 2720 4470 salom.)

216 4530 237 4556 α
262 4509 591 4582 Sapientiam
615 4503 926 4562 Salomonis
953 4523 977 4554 n
1008 4501 1223 4558 vocavit
1244 4501 1631 4572 ψευδεπίγραφον
1657 4495 2210 4565 Ecclesiasticumque
2231 4513 2254 4544 ιι
2285 4494 2559 4562 πανάρετον
2593 4495 2720 4548 Iesu

212 4595 299 4651 filii
339 4596 529 4654 sirach
558 4595 765 4651 librum
802 4613 852 4647 n.
886 4595 1067 4662 Atque
1096 4589 1234 4647 haec
1275 4586 1469 4645 eadem
1507 4594 1765 4658 repetunt
1803 4583 2049 4638 iuniores
2088 4581 2167 4637 illi
2209 4582 2564 4652 interpretes,
2596 4580 2724 4635 licet

216 4701 241 4732 α
264 4687 506 4759 quinque
532 4683 721 4739 libros
748 4680 1083 4736 Salomonis
1110 4698 1136 4729 n
1164 4677 1223 4733 in
1250 4675 1361 4732 suis
1388 4673 1654 4744 catalogis
1682 4685 2008 4727 enumerare
2033 4677 2280 4742 pergant.
