3050 5184
400 349 480 408 64
531 365 701 409 lustr.
737 365 1022 410 'mmmm
1051 363 1552 408 palmus-:monum
1586 380 1665 390 —
1693 363 1823 407 CAP.
1858 365 1901 406 1.
1933 363 2010 406 Dr:
2036 365 2236 410 TEXTU
2265 365 2560 412 REBRMCO
2585 365 2730 408 vm.
2772 364 2920 408 TEST.

403 500 580 563 tores,
615 495 706 566 qui
753 503 816 552 ut
860 504 1044 552 textus
1071 510 1227 550 sacer
1255 495 1414 566 quasi
1447 492 1807 550 immutabilis
1826 535 1833 546 .
1852 493 2180 551 redderetur
2226 495 2455 568 eiusque
2496 497 2729 552 variatio
2764 494 2926 550 omnis

404 580 615 638 facilius
674 582 1046 656 detegeretur,
1093 583 1308 654 singula
1373 582 1637 639 vocabula
1700 579 1997 656 literasque
2046 584 2295 657 singulas
2336 584 2605 641 librorum
2656 597 2931 638 sacrorum

403 684 722 726 numerasse
766 670 1044 727 dicuntur.
1089 671 1156 726 ln
1194 668 1505 727 Thalmude
1551 678 1609 726 et
1648 671 1896 726 Massora
1941 671 2021 726 eis
2056 671 2323 727 lectiones
2380 670 2656 744 quaedam
2692 669 2930 726 hodierni

400 773 584 821 textus
606 767 984 824 attribuuntur
1013 759 1274 849 (1:³7³th
1303 767 1675 830 ablationes,
1705 773 1933 851 0⁷3³?ss
1963 770 2374 835 correctiones,
2410 765 2625 854 ΠΊἹῚΡΞ
2640 771 2932 840 punctam

399 879 437 932 i.
463 895 512 934 e.
537 878 726 936 literae
745 880 964 951 punctis
983 884 1254 948 notatae),
1281 894 1424 950 quae
1445 876 1751 934 admodum
1774 895 1982 951 paucae
2002 889 2131 937 sunt
2148 897 2411 949 numer03
2436 891 2683 938 attamen
2703 886 2931 942 erraret,

403 967 499 1036 qui
537 975 653 1022 toto
695 967 1009 1023 Scribarum
1054 976 1306 1038 tempore
1342 965 1482 1022 nihil
1523 966 1628 1020 nisi
1667 982 1871 1038 paucas
1914 967 2040 1024 illas
2083 969 2345 1025 lectiones
2392 984 2509 1024 esse
2552 967 2933 1024 determinatas
3021 959 3022 972 ³

402 1062 680 1122 censeret,
704 1055 910 1110 etenim
943 1055 1202 1126 quoniam
1231 1054 1310 1110 eis
1337 1052 1737 1110 vocabulorum
1775 1063 1832 1109 et
1848 1055 2134 1111 literarum
2164 1057 2474 1112 numeratio
2504 1055 2744 1112 adscribi
2777 1055 2930 1113 solet,

403 1145 552 1196 recte
583 1141 950 1210 concluditur,
997 1143 1174 1198 multo
1211 1141 1374 1197 latius
1411 1157 1605 1197 eorum
1644 1143 2031 1198 auctoritatem
2069 1158 2185 1198 sese
2220 1143 2545 1200 extendisse.
2578 1147 2663 1198 Ac
2699 1139 2933 1214 profecto
3021 1161 3022 1172 ¹

399 1225 532 1282 inde
559 1243 592 1282 a
621 1243 764 1284 saec.
801 1233 858 1284 5.
887 1245 939 1285 a.
976 1229 1108 1284 Chr.
1143 1245 1318 1300 usque
1355 1227 1426 1285 ad
1461 1228 1629 1284 finem
1659 1245 1799 1285 saec.
1839 1235 1892 1284 2.
1926 1245 1979 1300 p.
2010 1231 2139 1286 Chr.
2172 1231 2499 1286 efformatus
2526 1239 2610 1286 est
2646 1228 2933 1286 hodiernus

402 1317 826 1371 consonantium
847 1311 1031 1372 text'us
1051 1316 1361 1373 hebraicus·
1389 1319 1645 1388 Namque
1670 1316 1886 1372 codices
1908 1317 2007 1384 illi,
2031 1318 2230 1390 quibus
2257 1317 2599 1374 alexandrini
2619 1319 2934 1388 interpretes
3021 1337 3022 1340 ¹

402 1403 486 1457 usi
512 1411 661 1471 sunt,
692 1419 858 1475 quam
889 1405 1138 1474 plurimis
1165 1404 1223 1460 in
1253 1405 1388 1460 locis
1416 1403 1486 1458 ab
1516 1403 1785 1460 hodierno
1814 1412 1967 1460 textu
1998 1405 2258 1461 hebraico
2293 1405 2637 1477 discrepant,
2672 1403 2934 1460 versiones
3021 1407 3022 1410 ’

401 1497 586 1546 autem
627 1492 836 1564 syriaca
867 1501 920 1547 et
951 1507 1181 1564 graecae
1205 1493 1467 1562 Aquilae,
1495 1491 1811 1563 Symmachi
1840 1500 1895 1548 et
1916 1491 2339 1562 TheodotioniS,
2382 1508 2525 1565 quae
2550 1499 2600 1550 1.
2634 1501 2693 1548 ct
2721 1497 2772 1546 2.
2801 1505 2929 1546 saec.

403 1593 457 1649 p.
487 1577 618 1634 Chr.
667 1579 969 1635 adornatae
1005 1587 1163 1648 sunt,
1204 1579 1380 1634 multo
1426 1578 1651 1650 propius
1696 1578 1766 1634 ad
1809 1579 1971 1635 illum
2012 1578 2283 1636 accedunt
2320 1597 2497 1652 eoque
2542 1579 2795 1652 propiuS,
2836 1593 2931 1648 quo

401 1665 738 1721 recentiores
767 1673 914 1722 sunt.
954 1666 1228 1722 Continuo
1274 1667 1440 1738 igitur
1467 1665 1786 1722 Scribarum
1823 1665 2013 1722 labore
2058 1668 2346 1738 paullatim
2379 1677 2607 1724 exortus
2644 1674 2732 1723 est
2767 1673 2933 1721 textus

403 1751 730 1820 hodiernus3
763 1752 1172 1809 rabbinicarum
1209 1762 1396 1809 autem
1433 1753 1751 1809 scholarum
1796 1755 2120 1824 auctoritaS,
2154 1771 2294 1827 quae
2324 1764 2449 1826 post
2477 1755 2930 1827 ierosolymorum

402 1838 834 1895 destructionem
883 1839 985 1895 suit
1025 1856 1255 1913 magna,
1305 1840 1515 1910 effecit,
1546 1850 1610 1896 ut
1645 1842 1704 1896 iu
1740 1857 1933 1898 omnes
1974 1841 2193 1898 codices
2228 1843 2584 1915 reciperetur.
2628 1841 2823 1914 Neque
2856 1848 2930 1893 ta-

401 1942 531 1982 men
577 1925 648 1982 ad
696 1926 984 1983 arbitrium
1031 1927 1252 1984 Scribas
1290 1928 1557 1984 lectiones
1600 1929 1781 1984 varias
1837 1929 2066 2002 elegisse
2104 1938 2201 1985 aut
2248 1947 2332 1999 ea,
2384 1945 2525 2002 quae
2566 1930 2755 1985 minus
2796 1935 2930 1983 recta

403 2012 745 2082 videbantur,
794 2013 1146 2084 emendasse,
1190 2023 1372 2071 textus
1416 2015 1533 2086 ipse
1571 2015 1941 2085 demonstrat,
1992 2017 2053 2071 in
2098 2033 2210 2088 quo
2248 2016 2652 2089 discrepantiae
2697 2017 2929 2072 locorum

406 2101 824 2170 parallelorum,
871 2101 1196 2166 archaismi,
1227 2100 1493 2158 idiotismi
1534 2111 1638 2158 etc.
1682 2112 2098 2173 remanserunt3
2140 2113 2307 2177 atque
2348 2121 2417 2160 ex
2462 2119 2659 2160 eorum
2706 2103 2928 2159 Itturim.

402 2188 742 2245 ‘Fhikkunim
780 2197 885 2244 etc.
916 2189 1050 2244 satis
1087 2198 1344 2261 apparet,
1377 2190 1638 2260 antiquos
1676 2190 1893 2246 codices
1926 2190 1995 2247 ab
2023 2192 2102 2248 eis
2134 2206 2254 2248 esse
2280 2192 2511 2249 collatos
2538 2200 2596 2247 et
2624 2189 2697 2248 ad
2725 2191 2929 2247 illorum

404 2277 790 2332 auctoritatem
817 2285 1032 2332 textum
1057 2291 1176 2332 esse
1201 2277 1577 2332 efformatum.

485 2474 542 2530 4.
571 2503 651 2513 —-
680 2471 1055 2530 TnALuumci
1087 2485 1419 2545 noemam,
1448 2471 1555 2549 qui
1583 2469 1730 2530 inde
1762 2490 1797 2532 a
1832 2489 1995 2532 saec.
2018 2474 2077 2531 3.
2112 2491 2176 2550 p.
2212 2473 2351 2533 Chr.
2380 2490 2581 2551 usque
2614 2471 2695 2533 ad
2730 2473 2790 2532 6.
2818 2485 2931 2530 sae-

404 2567 527 2627 culi
558 2566 810 2626 initium
851 2567 1138 2643 antiquas
1165 2566 1241 2626 de
1275 2567 1438 2644 Lege
1469 2566 1843 2628 traditiones
1868 2567 2069 2628 literis
2099 2568 2572 2646 consignarunt,
2602 2583 2929 2630 consonan-

406 2663 564 2723 tium
593 2667 834 2723 textum
868 2681 904 2722 a
947 2662 1184 2722 Scribis
1213 2667 1548 2740 acceptum
1574 2679 1704 2724 non
1748 2667 1993 2725 tantum
2022 2681 2149 2724 non
2182 2669 2539 2738 mutarunt,
2576 2665 2696 2726 sed
2742 2664 2931 2724 minu-

406 2759 668 2818 tissimis
692 2759 1050 2837 praeceptis
1080 2759 1160 2819 de
1187 2759 1410 2831 mode,
1443 2776 1570 2836 quo
1600 2759 2059 2821 transcribendi
2084 2761 2210 2820 sint
2238 2759 2387 2820 libri
2416 2761 2605 2832 sacri,
2638 2755 2930 2822 stabilitis

405 2855 678 2916 fideliter
705 2859 1157 2916 conservarunt
1181 2859 1244 2915 et
1263 2856 1535 2932 posteris
1562 2857 2079 2928 transmiserunt3
2104 2857 2309 2916 varias
2330 2857 2637 2918 lectiones
2672 2857 2930 2932 college-

404 2957 580 3023 runt,
605 2970 759 3030 quas
787 2953 960 3012 velut
989 2973 1018 3006 «
1051 2952 1391 3029 legendum
1420 2974 1449 3005 »
1493 2949 1649 3042 (ww-p)
1689 2969 1803 3030 pro
1835 2969 1941 3025 eo,
1972 2974 2005 3007 «
2032 2951 2203 3030 quod
2228 2953 2532 3030 scriptum
2562 2953 2645 3013 sit
2673 2978 2702 3008 »
2745 2945 2929 3040 (amp)

405 3065 469 3125 in
509 3066 794 3144 margine
836 3065 1289 3142 exemplarium
1329 3081 1589 3124 suorum
1628 3064 2032 3137 adnotarunt;
2074 3070 2263 3142 atque
2307 3067 2437 3126 suis
2476 3065 2739 3126 demum
2780 3062 2927 3125 curis

403 3160 776 3222 hodiernam
806 3165 1016 3222 textus
1044 3160 1623 3239 pronuntiationem
1653 3160 2092 3221 definiverunt.

472 3291 651 3359 Quam
689 3291 928 3362 plurima
964 3299 1094 3346 sunt
1131 3297 1452 3362 praecepta,
1485 3305 1628 3362 quae
1665 3289 1735 3345 de
1774 3291 2143 3346 voluminibus
2183 3291 2507 3363 praesertim
2534 3291 2796 3366 liturgico
2823 3283 2928 3344 usui

402 3377 686 3434 destinatis
712 3377 1013 3434 traduntur
1034 3378 1090 3432 in
1118 3375 1458 3446 Thalmude3
1484 3377 1677 3433 literae
1704 3377 2033 3446 indicantur,
2062 3394 2203 3449 quae
2235 3377 2392 3434 facile
2420 3377 2685 3434 confundi
2717 3376 2929 3450 possint,

401 3467 562 3534 aliae,
594 3481 737 3538 quae
765 3465 836 3521 ob
878 3473 1058 3522 certas
1097 3466 1337 3521 rationes
1383 3474 1479 3520 aut
1505 3465 1845 3520 maiusculae
1885 3473 1981 3520 aut
2008 3465 2350 3522 minusculae
2395 3475 2490 3521 aut
2523 3481 2821 3538 suspensae
2846 3468 2932 3518 aut

399 3556 649 3610 inversae
685 3562 792 3610 etc.
824 3552 1046 3626 depingi
1080 3551 1338 3610 debeant.
1369 3553 1525 3620 Quae
1564 3553 1747 3608 omnia
1790 3551 2108 3620 ostendunt,
2142 3552 2398 3609 rabbinos
2430 3551 2559 3608 illos
2586 3563 2803 3610 certum
2839 3548 2927 3604 de·

401 3641 730 3714 finitumque
757 3641 1183 3697 consonantium
1210 3649 1422 3697 textum
1451 3655 1586 3712 prae
1622 3640 1799 3696 oculis
1826 3639 2101 3696 habuisse.
2135 3643 2315 3711 Quem
2348 3649 2465 3696 tam
2493 3657 2695 3712 parum
2728 3646 2929 3695 mutare

401 3737 531 3786 sunt
557 3730 694 3798 ausi,
721 3739 784 3784 ut
815 3728 902 3785 vel
923 3729 1072 3800 ipsas
1097 3729 1217 3785 illas
1245 3729 1537 3798 lectione-a,
1572 3744 1708 3799 quas
1734 3727 2140 3799 improbabant,
2168 3744 2279 3784 non
2306 3737 2681 3795 removerent,
2712 3723 2929 3796 sediliis

401 3816 605 3872 relictis
642 3816 1004 3885 adnotarent,
1033 3815 1365 3872 vocabulum
1401 3816 1697 3888 scriptum
1730 3831 1843 3870 non
1872 3829 1991 3870 esse
2032 3814 2505 3886 pronuntiandum
2542 3815 2637 3872 sed
2676 3817 2792 3872 eius
2816 3814 2927 3869 loco

401 3905 636 3960 alterum
663 3904 994 3976 legendum,
1018 3903 1167 3976 quod
1188 3903 1519 3959 indicabant.
1544 3905 1680 3958 Tres
1706 3911 1893 3958 autem
1911 3908 2014 3956 τῶν
2037 3905 2267 3976 Kerjan
2290 3902 2704 3974 distinguuntur
2722 3903 2924 3961 classe&

401 4008 543 4064 quae
576 4007 769 4048 omnes
801 3992 879 4048 illi
916 3992 1086 4049 aetati
1117 3991 1418 4057 debentur3
1450 3987 1733 4045 interdum
1762 3990 1911 4045 enim
1939 3989 2297 4053 vocabulum,
2329 3990 2457 4046 licet
2480 4005 2597 4047 non
2634 3999 2778 4047 esset
2802 3986 2927 4044 scri·

403 4098 576 4160 ptum,
609 4087 904 4161 legendum
939 4093 1274 4143 censuerunt
1302 4079 1480 4177 (avr-i?
1520 4081 1622 4142 έΌἹ
1683 4079 1833 4176 ΊἾΕ),
1875 4085 2155 4142 interdum
2184 4085 2513 4142 vocabulum
2535 4085 2799 4158 scriptum
2826 4095 2925 4138 non

399 4201 511 4275 legi
534 4203 811 4258 iusserunt
851 4192 981 4292 ('⁸.¹P
1019 4180 1124 4292 fib]
1160 4190 1362 4292 2⁷:33),
1393 4200 1573 4255 multo
1601 4199 1818 4270 saepius
1839 4215 1940 4271 pro
1963 4198 2230 4256 vocabulo
2248 4201 2455 4270 scripto
2476 4198 2630 4257 aliud
2648 4195 2925 4272 legendum

401 4331 521 4372 esse
547 4324 886 4372 monuerunt
923 4307 1129 4394 (amaa
1171 4305 1319 4398 ηρ).
1361 4313 1571 4370 Eodem
1594 4321 1865 4383 tempore,
1897 4328 2009 4387 quo
2037 4313 2251 4370 rabbini
2276 4313 2703 4382 palaestinenses
2730 4311 2827 4367 has
2852 4308 2924 4362 le-

399 4421 608 4477 ctiones
648 4423 828 4477 varias
869 4403 1364 4492 collegerunt‚'alii
1405 4416 1621 4474 rabbini
1650 4418 1705 4472 in
1742 4417 2045 4490 Babylonia
2071 4414 2269 4472 eodem
2296 4416 2465 4472 modo
2502 4417 2765 4473 lectiones
2799 4408 2925 4468 indi·

399 4517 623 4578 carunt,
656 4525 794 4580 quas
822 4505 1212 4579 praeferendas
1241 4504 1539 4562 duxerunt.
1573 4507 1955 4577 Utrarumque
2001 4503 2319 4560 scholarum
2364 4503 2735 4570 differentiae,
2767 4509 2922 4572 quum

399 4613 502 4652 nec
527 4597 736 4652 multae
772 4596 884 4652 sint
911 4611 1014 4651 nec
1048 4607 1271 4666 graves,
1305 4593 1696 4664 gravissimum
1724 4592 1995 4666 praebent
2020 4601 2439 4664 argumentum,
2471 4607 2539 4648 eo
2581 4600 2825 4662 tempore
2861 4581 2923 4638 ab

399 4683 654 4742 omnibus
675 4684 896 4740 ludaeis
925 4682 1166 4737 eundem
1189 4681 1613 4738 consonantium
1638 4689 1851 4738 textum
1880 4681 2033 4736 velut
2059 4689 2275 4736 certum
2302 4695 2421 4737 esse
2448 4677 2767 4736 admissum.
