3050 5184
590 340 669 386 aa
707 339 1058 386 navi-amca
1098 319 1514 386 uaaaaicoauu'
1554 339 1860 386 cummi
1905 339 2276 386 smne-runa,
2584 326 2700 384 290

192 477 297 524 toto
320 471 611 538 Psalterio;
636 483 776 542 pura
803 481 1019 528 servata
1050 481 1135 529 est
1165 471 1341 528 forma
1382 472 1441 528 in
1468 476 1565 528 Pe.
1599 476 1818 540 liza-8
1855 475 1973 538 (1³⁸.
2004 478 2104 528 11⁴
2133 471 2316 542 hebr.)
2346 489 2361 526 ε
2393 490 2418 522 ι
2442 475 2510 527 In
2538 473 2701 527 exitu

194 559 361 612 Israel
383 557 459 613 de
484 565 777 631 Aeqypto,
804 587 877 600 --
907 563 1121 615 Domus
1154 559 1333 616 Iacob
1362 557 1438 614 de
1458 558 1680 632 populo
1711 558 2006 627 barbaro,
2043 589 2117 600 —
2142 563 2392 615 Factum
2425 565 2510 614 est
2551 559 2698 614 Iuda

189 649 566 700 sanctuarium
613 650 729 702 eius
742 688 757 711 ‚
785 673 855 688 «-
892 646 1085 704 Israel
1120 648 1437 720 imperium
1481 649 1602 702 eius
1639 667 1665 698 n
1711 650 1818 701 etc.
1868 646 2179 718 Aliquoties
2221 646 2485 717 phraseos
2528 645 2700 701 forma

190 731 419 788 membra
450 731 744 801 differunt,
773 742 835 789 ut
858 733 1149 790 obscurior
1185 734 1254 790 sit
1282 735 1604 806 synonymia
1633 753 1648 788 ε
1685 751 1710 784 c
1735 735 1932 790 sitivit
1961 733 2172 789 anima
2195 749 2330 790 mea
2369 732 2455 788 ad
2483 737 2696 798 Deum,

186 821 347 873 Deum
380 820 607 888 vivum3
645 850 709 862 —
738 822 993 891 Quando
1034 821 1271 876 veniam
1306 827 1363 876 et
1392 821 1694 898 apparebo
1723 825 1862 876 ante
1889 819 2116 893 faciem
2139 820 2288 876 Dei!
2316 841 2342 872 n
2380 821 2493 892 (Ps.
2520 826 2698 888 41,3);

186 905 461 976 aliquoties
492 907 655 964 alteri
678 907 937 964 membro
966 907 1297 964 vocabulum
1318 906 1565 975 additur,
1593 923 1705 979 quo
1731 923 1925 963 seusus
1947 908 2301 979 compleatur
2321 916 2376 963 et
2397 917 2697 980 augeatur:

188 1012 209 1042 ι
236 997 381 1048 Deus
404 994 571 1051 ultor
590 995 831 1050 Domine
852 995 877 1048 !
899 1027 967 1036 —
984 999 1137 1052 Deus
1162 997 1347 1060 ultor,
1378 1011 1617 1067 appare
1636 993 1661 1048 .'
1679 1025 1748 1034 -
1770 995 2085 1062 exactare,
2107 1011 2141 1048 ο
2171 995 2358 1050 iudex
2387 1001 2574 1050 terrae
2592 1037 2606 1058 ,
2631 1027 2696 1036 -

185 1079 349 1136 redde
393 1082 848 1140 retributionem
892 1083 1193 1154 superbis!
1224 1104 1247 1134 ι
1290 1090 1398 1137 etc.
1441 1085 1558 1149 (Px.
1587 1087 1712 1150 98,1
1766 1085 1933 1155 sqq.).
1969 1113 2037 1122 —
2077 1081 2480 1138 Tristichorum
2523 1083 2702 1138 varias

182 1168 373 1237 species
402 1168 575 1226 habes
604 1173 697 1226 Ps.
740 1175 859 1237 1‚1;
894 1173 1039 1242 Sap.
1076 1176 1195 1239 1,1;
1223 1173 1312 1225 Ps.
1351 1175 1509 1238 90,4;
1545 1169 2001 1225 tetroetichorum
2042 1170 2295 1242 exempla
2324 1175 2418 1224 Ps.
2447 1176 2594 1235 90,5.
2634 1176 2698 1238 ὃς

182 1259 263 1310 Ps.
288 1261 441 1324 26,1.
468 1262 530 1325 ὃς
560 1261 733 1314 Pron.
763 1263 947 1321 23,15.
978 1263 1074 1325 16;
1101 1261 1275 1313 Pron.
1310 1262 1517 1324 3342.

244 1406 549 1476 Quoniam
584 1425 732 1468 vero
780 1410 1075 1486 opposita
1124 1407 1433 1486 oppositis
1468 1407 1910 1480 dilucidantur,
1948 1411 2169 1485 poetae
2207 1408 2463 1468 hebraei
2506 1409 2696 1468 etiam

180 1504 507 1564 sententias
541 1506 867 1583 oppositas
904 1503 1219 1582 parallelis
1251 1504 1558 1565 membris
1591 1504 2001 1581 coniungunt.
2036 1503 2152 1574 Qui
2185 1503 2563 1564 eutichem-us
2581 1522 2696 1582 pa-

177 1598 527 1660 rallelismus
556 1601 927 1678 aptissimus
964 1604 1059 1660 est
1089 1601 1439 1679 praeceptis
1476 1600 1818 1660 moralibus
1847 1598 2201 1669 tradendiS,
2233 1604 2536 1676 quatenus
2568 1600 2698 1660 lau—

177 1692 347 1755 dibus
366 1696 795 1774 praemiisque
822 1695 1073 1756 virtutis
1095 1696 1393 1756 vitiorum
1424 1694 1738 1774 vituperia
1775 1699 1840 1754 et
1865 1703 2100 1774 poenas
2134 1713 2461 1774 opponens
2493 1696 2699 1756 effica-

175 1789 293 1850 cius
320 1792 731 1853 commendat
754 1793 1033 1870 priorem
1063 1794 1127 1852 et
1153 1792 1230 1852 ab
1258 1791 1399 1851 aliis
1427 1791 1758 1851 absterret.

235 1896 351 1964 Ipsa
380 1911 484 1952 sua
514 1904 712 1952 natura
758 1895 830 1951 ad
860 1893 1155 1951 distichum
1194 1895 1562 1968 restringitur,
1594 1895 1754 1950 cuius
1783 1894 2032 1966 exempla
2061 1896 2121 1950 in
2158 1893 2471 1952 Proverbiis
2500 1905 2555 1952 ct
2593 1899 2698 1952 Ec-

173 1979 466 2038 clesiastico
494 1981 778 2038 abundant
808 2001 821 2038 :
859 2003 883 2032 α
917 1983 1029 2038 Ubi
1054 1981 1251 2056 fuerit
1274 1983 1579 2054 superbia,
1607 1983 1697 2037 ibi
1725 1983 1834 2037 erit
1865 1989 1920 2037 ec
1946 1983 2340 2050 contumelia3
2365 1985 2468 2038 ubi
2498 1989 2700 2040 autem

172 2067 497 2137 humilitas,
534 2069 626 2124 ibi
652 2077 709 2126 et
736 2071 1053 2141 sapiencia.
1085 2099 1157 2109 —
1185 2068 1554 2142 Simplicitas
1591 2071 1882 2126 iustorum
1919 2069 2135 2141 diripit
2161 2085 2291 2138 eos,·
2319 2080 2378 2125 ec
2401 2072 2698 2143 perversi-

172 2161 257 2210 tas
284 2158 617 2230 impiorum
645 2155 925 2212 devastat
949 2156 1076 2211 utos
1106 2177 1131 2207 n
1167 2164 1271 2212 etc.
1306 2160 1495 2224 (Pr-ov.
1531 2162 1657 2224 11,2
1682 2157 1847 2228 sqq.).
1879 2159 2140 2212 Attamen
2168 2173 2238 2212 ne
2275 2157 2525 2230 longiore
2555 2159 2696 2213 serie

172 2241 554 2307 distichorum,
585 2244 643 2298 in
671 2244 874 2315 quibus
900 2243 1065 2299 verba
1092 2243 1209 2300 fere
1242 2243 1425 2299 verbis
1451 2243 1821 2316 respondent,
1849 2245 2170 2300 monotonia
2209 2244 2568 2316 producatur,
2602 2261 2700 2300 va-

172 2331 254 2384 riis
276 2331 463 2388 modis
490 2331 791 2386 antithesin
819 2346 947 2386 cum
975 2331 1301 2403 synonymia
1329 2332 1698 2404 coniungunt,
1728 2332 1805 2387 ita
1835 2339 1895 2386 ut
1923 2331 2194 2387 sententia
2224 2339 2320 2387 aut
2349 2332 2567 2388 duobus
2595 2333 2698 2387 sti-

170 2416 277 2473 chis
316 2419 643 2492 synonymis
687 2426 1029 2489 proponatur
1071 2427 1129 2473 et
1166 2419 1333 2474 tertio
1374 2418 1700 2474 antithetico
1745 2419 2075 2486 illustretur,
2103 2426 2198 2474 aut
2245 2417 2464 2474 duobus
2508 2419 2700 2475 stichis

170 2508 477 2579 synonymis
522 2505 634 2561 duo
676 2505 982 2562 antithetici
1028 2513 1395 2578 opponantur.
1428 2506 1722 2561 Variarum
1765 2503 2096 2570 formarum,
2146 2519 2286 2577 quae
2335 2505 2438 2561 hac
2484 2506 2711 2562 ratione.

170 2593 503 2662 exoriuntur,
531 2593 789 2663 exempla
820 2592 990 2649 habes
1008 2597 1102 2648 Ps.
1124 2598 1251 2662 53,5
1275 2593 1422 2664 (Duo
1452 2593 1666 2663 priores
1689 2591 2010 2666 synonymi,
2036 2593 2265 2648 ultimus
2295 2593 2694 2661 antitheticus),

170 2683 252 2736 Ps.
282 2685 408 2746 393
442 2682 675 2750 (primus
711 2688 767 2734 et
793 2680 991 2734 tertius
1024 2681 1343 2754 synonymi,
1374 2679 1650 2736 secundus
1683 2679 2093 2750 antitheticus),
2135 2679 2342 2734 Tltren.
2379 2686 2466 2746 1,2
2497 2681 2698 2750 (primo

168 2777 512 2837 opponuntur
552 2766 663 2822 duo
700 2766 1032 2839 synonymi),
1059 2771 1154 2822 Ps.
1188 2773 1348 2832 36,ae
1380 2766 1618 2834 (duobus
1650 2766 1924 2838 prioribus
1971 2765 2294 2839 synonymis
2340 2776 2698 2837 opponuntur

168 2851 265 2908 duo
292 2855 475 2910 ultimi
502 2854 835 2926 synonymi),
866 2857 957 2909 Ps.
994 2859 1123 2920 43,3
1158 2855 1361 2925 (primo
1390 2863 1447 2910 et
1476 2854 1642 2910 tertio
1677 2854 1999 2927 synonymis
2040 2862 2397 2926 opponuntur
2423 2853 2698 2910 secundus

167 2948 215 2994 et
237 2951 471 3012 quartus
497 2941 826 3014 synonymi),
857 2945 994 2998 Luc.
1027 2947 1146 3008 1,51
1182 2941 1381 3012 (primo
1411 2950 1465 2997 et
1500 2949 1700 3014 quarto
1729 2940 2052 3015 synonymis
2081 2948 2440 3011 opponuntur
2467 2939 2580 2997 duo
2608 2942 2697 2996 in-

167 3029 413 3084 termedii
442 3028 779 3102 synonymi).

233 3178 625 3256 Syntheticus
657 3178 1097 3256 paralleli-mus
1125 3180 1385 3240 demum
1410 3179 1669 3239 adhibet
1695 3179 2008 3250 membra,
2033 3193 2191 3255 quae
2222 3179 2358 3239 sola
2376 3183 2692 3239 construc-

164 3273 342 3334 tionis
372 3277 577 3335 sorma
614 3281 721 3334 aut
748 3274 1161 3352 longitudinis
1202 3275 1610 3354 proportione
1643 3275 1808 3334 inter
1843 3293 1910 3334 se
1941 3279 2086 3334 sunt
2110 3275 2362 3334 similia.
2399 3277 2451 3334 A
2485 3275 2692 3336 soluta

164 3371 437 3432 oratione
464 3371 781 3431 interdum
815 3370 968 3431 haec
996 3370 1405 3448 parallelismi
1436 3371 1678 3448 species
1713 3371 1817 3429 vix
1859 3370 2288 3448 distinguitur,
2330 3387 2519 3448 quare
2557 3372 2692 3431 sola

164 3481 277 3524 non
301 3467 485 3528 facile
516 3465 869 3539 adhibetur,
894 3467 1005 3526 sed
1027 3467 1463 3544 parallelismis
1486 3466 1852 3544 synonymis
1874 3467 1971 3525 vel
2004 3466 2390 3526 antitheticis
2415 3468 2692 3528 variatur

164 3567 221 3620 et
246 3562 680 3640 distinguitur.

224 3666 447 3723 Maioris
476 3666 795 3722 variationis
823 3667 997 3739 gratia
1027 3675 1221 3736 poetae
1250 3665 1477 3722 hebraei
1502 3681 1668 3736 saepe
1694 3665 1960 3722 membris
1988 3667 2304 3739 synonymis
2328 3676 2423 3722 aut
2450 3666 2694 3722 antithe-

164 3751 279 3808 ticis
301 3753 577 3826 neglectis
608 3751 843 3809 eandem
866 3753 1198 3810 sententiam
1227 3755 1301 3808 ita
1330 3753 1687 3820 continuant,
1711 3761 1774 3807 ut
1800 3753 2098 3824 phrasibus
2120 3753 2312 3810 eadem
2342 3769 2570 3824 prorsus
2598 3761 2694 3809 aut

166 3837 321 3895 simili
346 3842 547 3897 saltem
574 3840 789 3896 ratione
813 3840 1142 3896 constructis
1166 3855 1287 3895 eam
1314 3841 1608 3910 explicent,
1631 3846 1729 3896 aut
1755 3840 1924 3896 aliam
1953 3840 2250 3912 quamdam
2276 3841 2690 3911 proportionem

166 3923 298 3982 inter
323 3927 545 4000 singula
567 3927 817 3983 membra
846 3927 1159 3984 observent.
1182 3926 1241 3983 Si
1262 3925 1505 3999 perfecta
1537 3927 1918 3982 membrorum
1953 3937 2035 3982 est
2068 3926 2371 3983 similitudo
2395 3935 2492 3980 aut
2525 3927 2692 3982 etiam

167 4011 577 4083 alphabetismo,
602 4013 673 4070 de
703 4030 814 4086 quo
841 4015 1029 4070 statim
1058 4014 1323 4077 dicemus,
1346 4015 1745 4069 sententiarum
1771 4015 2119 4070 concinnitas
2142 4014 2417 4069 indicatur
2446 4023 2500 4068 et
2529 4028 2690 4067 exor-

166 4107 337 4167 natur,
370 4117 469 4172 per
495 4102 685 4173 plures
716 4117 909 4158 versus
934 4108 1031 4158 aut
1058 4102 1275 4173 integra
1304 4100 1552 4157 carmina
1585 4101 1896 4157 continuari
1918 4109 2099 4173 potest
2120 4101 2260 4158 haec
2281 4099 2574 4172 synthesis,
2597 4099 2693 4157 Csr

166 4200 243 4240 ex.
272 4203 354 4259 gr.
382 4194 477 4244 Pe.
514 4194 735 4253 18,8-1o
761 4211 774 4244 :
810 4209 835 4240 α
866 4193 989 4245 Lex
1015 4190 1251 4244 Domini
1274 4189 1680 4244 immaculata
1713 4193 1738 4256 ΙΙ
1769 4203 2034 4245 recreans
2071 4189 2374 4254 animum,·
2412 4190 2689 4242 Testimo-

168 4272 319 4329 nium
338 4275 573 4331 Domini
588 4275 766 4346 fidele
790 4280 814 4343 ll
834 4277 1205 4348 sapientiam
1229 4283 1509 4348 prestans
1536 4276 1834 4346 parvum,-
1857 4277 2136 4332 Iustitiae
2167 4275 2407 4330 Domini
2433 4281 2630 4330 rectae
2662 4276 2684 4342 [Ι

168 4359 547 4428 laetificantes
582 4365 797 4430 0orda,·
830 4367 1219 4436 Praeceptum
1258 4364 1498 4420 Domini
1538 4362 1804 4419 lucidum
1845 4366 1867 4429 ῃ
1911 4362 2257 4418 illuminans
2292 4363 2489 4417 oculos
2525 4382 2550 4412 ιο
2581 4369 2685 4417 etc.

170 4447 343 4520 Longe
370 4448 747 4521 frequentiora
774 4458 964 4506 tamen
992 4459 1121 4506 sunt
1148 4450 1418 4522 exempla,
1450 4451 1511 4505 in
1539 4449 1742 4521 quibus
1769 4448 2066 4522 synthetici
2095 4448 2264 4504 stichi
2289 4465 2418 4505 cum
2441 4448 2687 4506 antithe-

168 4533 280 4588 ticis
300 4536 467 4592 variis
492 4536 676 4593 modis
704 4537 1012 4605 alternant,
1044 4551 1237 4592 omnes
1268 4545 1384 4592 tres
1410 4537 1623 4609 species
1666 4537 1726 4591 in
1755 4550 1862 4590 uua
1891 4535 2120 4608 stropha
2147 4535 2523 4609 pulcherrime
2553 4552 2688 4592 con-

169 4619 333 4692 iungit
359 4623 469 4684 (Ps.
497 4631 650 4692 2⁰³⁷·
679 4629 734 4694 8)
766 4643 781 4679 ε
