3050 5184
791 326 982 370 esaon
1023 326 1158 369 vm.
1207 328 1374 371 Tasr.
1423 327 1701 371 sanctius
1742 316 1801 371 4.
1851 328 1927 371 m·
1970 316 2028 372 5.
2606 318 2681 378 25

123 458 414 526 detulerat,
447 458 824 523 desumsisse;
853 474 1036 531 neque
1064 474 1270 531 negare
1298 459 1445 524 licet,
1478 460 1751 515 Nicaenos
1778 461 1971 515 Patres
1996 458 2283 517 decretum
2323 461 2392 517 de
2426 462 2683 519 omnibus

123 546 400 616 amplioris
431 547 675 603 canonis
701 546 858 601 libris
879 548 938 601 in
957 547 1184 603 ecclesia
1213 548 1364 602 velut
1390 548 1687 617 Scripturis
1716 546 1961 619 legendis
1990 550 2201 605 tulisse.
2224 580 2295 591 —
2323 550 2470 605 Tria
2495 558 2679 608 autem

123 632 376 688 eoncilia
413 633 724 705 afr-icana
763 649 1068 705 paucorum
1095 648 1372 689 annorum
1408 634 1587 704 spatio
1622 635 1861 691 eundem
1904 652 2175 692 canonem
2220 638 2547 709 ampliorem
2592 648 2681 694 ter

122 720 486 790 repetendum
532 720 814 777 duxerunt
863 722 1076 791 (Mami
1113 722 1254 782 Coll.
1299 721 1506 777 Concil.
1560 722 1662 779 111.
1714 724 1858 793 924),
1904 724 2261 795 probabiliter
2286 726 2409 797 quia
2452 726 2505 782 S.
2542 727 2676 783 Hie—

123 810 330 865 runt-mi
367 810 616 880 prologo
645 809 867 881 galeato
890 808 1060 878 (edito
1090 824 1142 865 a.
1171 808 1317 880 390.)
1351 808 1627 865 dubitatio
1654 810 1926 881 quaedam
1954 811 2023 866 de
2063 814 2289 867 canonis
2318 814 2528 869 ambitu
2555 821 2675 870 erat

121 906 322 953 exorta.
345 896 444 953 Ob
473 896 722 953 eandem
747 895 896 952 enim
924 912 1148 953 causam
1175 898 1342 953 etiam
1371 897 1581 953 amicus
1610 898 1835 971 quidam
1861 900 1917 955 S.
1950 901 2294 971 Hieronymi,
2323 905 2379 958 S.
2406 906 2675 975 Exsupe-

126 990 242 1038 rius
277 986 484 1040 Totos.
527 983 604 1041 de
645 984 884 1056 genuino
919 1000 1130 1041 canone
1158 986 1214 1040 S.
1250 989 1652 1041 Innocentium
1685 991 1731 1043 I.
1759 988 2126 1061 interrogasse
2156 989 2374 1045 videtur
2406 999 2572 1062 atque
2607 990 2675 1046 ab

127 1086 186 1123 eo
219 1072 378 1127 illum
423 1072 752 1143 catalogum
797 1072 1007 1142 accepit
1053 1072 1274 1142 (Mansi
1319 1074 1425 1127 111.
1476 1079 1651 1141 1040),
1685 1090 1852 1145 quem
1887 1076 1999 1131 iam
2046 1075 2273 1147 triginta
2314 1077 2473 1132 annis
2516 1084 2673 1133 antea

141 1167 188 1211 ὃ.
211 1163 510 1214 Damasus
549 1159 805 1215 statuisse
841 1168 1097 1215 censetur
1138 1158 1243 1231 (cl'r
1286 1159 1454 1215 Thiel
1489 1161 1768 1231 Epistolae
1805 1164 1969 1219 Rom.
2017 1163 2221 1220 Pontis.
2264 1180 2320 1235 p.
2363 1166 2473 1235 56).
2518 1164 2673 1220 Circa

149 1246 264 1301 iam
295 1256 546 1319 tempus
573 1251 630 1305 S.
663 1248 1032 1319 Anqustinus
1071 1263 1293 1319 quoque
1325 1249 1537 1317 (Doctr.
1582 1249 1775 1305 christ.
1820 1251 1897 1305 11.
1947 1254 2019 1320 8),
2072 1252 2167 1324 qui
2213 1252 2391 1307 tribus
2434 1252 2675 1309 conciliis

157 1334 370 1391 arianis
405 1336 766 1403 interfuerat,
798 1334 1037 1391 eundem
1063 1352 1331 1391 canonem
1353 1334 1545 1391 edidit.
1567 1368 1641 1378 —
1658 1336 1744 1393 Ad
1771 1338 2055 1395 Orientem
2086 1348 2435 1395 transeuntes
2459 1348 2675 1412 praeter

159 1424 430 1479 imnum
466 1424 762 1480 decretum
793 1424 960 1479 etiam
991 1428 1046 1481 S.
1087 1426 1482 1495 chrysostomi
1504 1425 1773 1497 synopsin
1804 1428 1861 1482 S.
1894 1428 1951 1483 S.
1994 1428 2230 1500 allegare
2269 1443 2585 1499 possumus,
2616 1428 2673 1483 in

147 1527 224 1579 qm
251 1510 760 1569 deuterocanoniei
797 1509 924 1566 libri
961 1512 1400 1583 protocanonicis
1428 1521 1560 1569 sunt
1595 1514 1932 1584 interpositi3
1970 1510 2249 1587 praecipui
2272 1524 2460 1571 tamen
2487 1516 2671 1571 orien-

136 1601 246 1655 tales
277 1610 468 1656 testes
521 1609 652 1655 suut
698 1608 937 1672 quatuor
975 1600 1317 1656 celeberrimi
1361 1616 1589 1673 graecae
1635 1602 1905 1658 versionis
1945 1602 2195 1671 codices,
2248 1619 2484 1676 quorum
2536 1603 2669 1670 dua,

133 1692 454 1743 rationum
487 1696 547 1743 et
573 1689 920 1753 Sinaitz'cus,
951 1704 1094 1743 saec.
1124 1695 1201 1757 4.,
1246 1688 1358 1744 duo
1401 1688 1508 1758 alii,
1554 1689 2007 1747 Alexandrinus
2042 1700 2097 1748 et
2131 1692 2427 1765 Ephraem
2465 1707 2664 1757 resor„

127 1790 254 1830 saec.
277 1782 338 1831 5.
376 1776 596 1831 exarati
627 1777 772 1831 inter
799 1775 960 1847 primi
995 1784 1052 1832 et
1090 1775 1319 1832 secundi
1365 1778 1593 1833 canonis
1632 1778 1805 1833 libros
1848 1794 1965 1834 non
2010 1778 2373 1852 distinguunt.
2422 1780 2671 1849 Quorum

125 1864 510 1920 testimonium
539 1864 818 1919 versiones
841 1864 1176 1937 aethiopica
1203 1873 1260 1920 et
1286 1880 1545 1921 armena
1572 1866 1907 1922 confirmant
1932 1875 1989 1923 et
2010 1867 2398 1935 corroborant,
2436 1884 2575 1939 quae
2603 1882 2669 1922 ex

123 1953 328 2017 graecis
369 1952 792 2022 exemplaribus
829 1968 972 2009 saec.
1003 1958 1055 2008 4.
1097 1961 1153 2009 et
1178 1958 1232 2009 5.
1267 1952 1596 2023 adornatae,
1634 1970 1806 2026 quum
1836 1963 2067 2011 cunctos
2103 1955 2273 2012 libros
2304 1972 2489 2011 sacros
2516 1970 2671 2011 com-

123 2042 462 2109 plectantur,
494 2042 628 2095 satis
660 2041 891 2109 docent,
923 2041 1242 2097 orientalem
1271 2042 1562 2097 ecclesiam
1598 2056 1725 2097 cum
1755 2041 2087 2099 occidentali
2114 2044 2173 2099 in
2198 2042 2550 2116 agnoscendo
2578 2059 2671 2099 ca-

121 2145 260 2183 none
289 2144 406 2199 per
429 2130 620 2183 Patras
645 2130 816 2184 trium
839 2127 1084 2199 priorum
1109 2128 1456 2186 saeculorum
1487 2130 1695 2186 tradito
1723 2131 2083 2187 consensisse.

195 2311 256 2364 7.
287 2338 384 2349 —
406 2307 702 2365 Attamen
729 2304 830 2365 his
853 2307 1236 2383 argumentis
1257 2324 1384 2366 non
1408 2307 1683 2367 convicti
1710 2307 2425 2370 deuterocanonicorum
2450 2310 2669 2371 adver—

122 2404 270 2462 sarii
311 2401 484 2462 alios
525 2402 737 2462 Patres
784 2419 1016 2479 eosque
1058 2404 1271 2481 magni
1314 2404 1589 2463 nominis
1636 2403 1985 2481 appellant,
2021 2423 2177 2482 quos
2220 2406 2285 2465 in
2324 2406 2575 2467 Oriente
2611 2413 2673 2467 et

121 2500 476 2559 Occidente
493 2499 828 2559 arctiorem
840 2516 1138 2559 canonem
1153 2500 1673 2577 palaestinensem
1688 2501 1894 2562 solum
1905 2502 2235 2579 agnovisse
2260 2504 2667 2565 contendunt.

123 2596 242 2655 Sed
269 2596 660 2673 praeprimis
692 2594 1013 2656 orientales
1045 2592 1256 2657 Patres
1275 2643 1288 2667 ‚
1322 2596 1438 2658 SS.
1473 2596 1902 2673 Athanasium,
1938 2598 2234 2677 Cyrillum
2268 2599 2452 2660 Ieros.
2471 2646 2487 2673 ,
2520 2598 2674 2678 Epi-

121 2692 457 2769 phaniam,
487 2692 836 2771 Greqorium
873 2690 1058 2765 Naz„
1085 2693 1203 2754 etsi
1243 2694 1569 2754 interdum
1606 2695 1821 2755 minus
1855 2699 2145 2755 accurate
2189 2696 2267 2756 de
2315 2713 2548 2759 canone
2577 2698 2670 2757 lo-

126 2794 430 2867 quantur,
479 2789 798 2849 immerito
845 2793 1058 2850 tamen
1099 2789 1809 2851 deuteroeanonicorum
1858 2791 2233 2852 adversariis
2279 2793 2674 2855 adnumerari

127 2891 428 2964 apparet,
462 2886 518 2945 si
543 2890 675 2947 tota
708 2903 924 2946 eorum
953 2886 1176 2965 agendi
1208 2892 1270 2946 et
1299 2887 1604 2964 loquendi
1633 2888 1791 2947 ratio
1822 2888 2273 2949 consideratur.

199 3011 258 3065 S.
289 3008 670 3065 Athanasius
698 3012 778 3063 M.
813 3008 1000 3079 (Epist.
1047 3008 1167 3063 fest.
1210 3012 1321 3080 39.)
1351 3018 1464 3065 tres
1505 3009 1771 3065 librorum
1810 3011 2013 3067 classes
2056 3009 2367 3083 distinguit3
2398 3012 2454 3067 in
2502 3013 2677 3083 prima

135 3096 332 3167 viginti
365 3094 512 3151 duos
543 3095 710 3151 libros
753 3105 1071 3162 enumerat,
1113 3112 1188 3151 sc.
1224 3097 1681 3167 protocanonicos
1710 3112 1903 3153 omnes
1932 3100 2148 3153 omisso
2173 3099 2214 3155 l.
2246 3100 2465 3157 Esther
2486 3110 2540 3157 et
2565 3102 2677 3157 ad-

135 3184 266 3241 dito
295 3184 341 3239 Ι.
381 3184 653 3249 Bai-ach,
701 3204 726 3234 ιι
759 3183 816 3239 hi
843 3192 990 3253 sunt,
1020 3184 1217 3256 inquit,
1262 3185 1454 3241 salutis
1490 3184 1700 3253 fontes3
1745 3186 1811 3241 in
1839 3186 1933 3241 Itis
1964 3187 2107 3243 solis
2124 3188 2372 3259 pietatis
2402 3189 2681 3245 doctrina

137 3273 404 3339 docetur,
424 3288 592 3327 nemo
619 3272 685 3327 iis
708 3270 879 3328 addat
905 3280 1003 3328 aut
1020 3271 1228 3345 aliquid
1258 3273 1329 3329 ab
1357 3272 1422 3328 iis
1450 3272 1707 3329 detrabat
1729 3293 1777 3329 ι.
1801 3275 2051 3330 Alteram
2077 3275 2195 3331 eius
2219 3276 2451 3333 classem
2471 3278 2678 3333 consti-

139 3369 300 3415 tuunt
327 3358 462 3415 libri
489 3360 598 3427 illi,
630 3379 654 3411 ι
681 3360 788 3433 qui
812 3363 874 3415 in
901 3376 1176 3417 canonem
1204 3360 1436 3433 quidem
1468 3376 1585 3416 non
1608 3369 1745 3419 sunt
1771 3364 1975 3429 relati,
2006 3363 2112 3419 sed
2144 3380 2287 3436 quos
2310 3368 2525 3423 Patres
2555 3372 2677 3421 sta-

143 3456 378 3505 tuerunt
427 3447 700 3520 leyendos
745 3449 854 3515 iis,
899 3448 1002 3521 qui
1023 3464 1234 3521 -nuper
1275 3454 1648 3505 accesserunt
1692 3455 1749 3505 et
1793 3450 2158 3508 catechizari
2209 3458 2387 3526 atque
2428 3454 2677 3527 pietatis

141 3537 478 3592 doctrinam
505 3536 726 3591 discere
748 3538 982 3592 student
1011 3556 1030 3591 .·
1054 3536 1362 3609 Sapientia
1388 3536 1721 3594 Salomonis
1744 3543 1799 3593 et
1826 3538 2145 3610 Sapientia
2174 3540 2406 3609 sirach,
2441 3542 2675 3610 Esther,

147 3626 368 3695 Iudith,
412 3624 658 3688 Tobios,
691 3623 944 3680 doctrina
975 3641 1116 3697 quae
1145 3634 1373 3680 vocatur
1399 3626 1794 3697 Apostolorum
1826 3634 1883 3681 et
1910 3627 2143 3706 Pastor-⁴
2170 3650 2220 3683 n.
2252 3630 2435 3685 Tertia
2458 3631 2685 3687 demum

145 3714 324 3769 classis
357 3733 384 3763 ι
415 3713 818 3786 apocryphos,
849 3713 953 3786 qui
987 3720 1123 3769 sunt
1154 3713 1577 3769 haereticorum
1610 3721 1945 3771 commenta
1966 3736 1993 3767 n
2030 3715 2427 3787 complectitur.
2460 3748 2532 3759 —
2560 3720 2685 3775 Nou

145 3801 270 3856 satis
295 3810 562 3857 accurate
587 3803 643 3857 S.
673 3802 973 3856 Doctorem
1011 3802 1162 3873 loqui
1191 3800 1416 3857 evidens
1457 3810 1568 3869 est,
1598 3818 1769 3874 quum
1798 3802 1853 3859 iu
1882 3804 2021 3860 solis
2040 3806 2284 3879 primae
2322 3806 2510 3863 classis
2536 3808 2687 3863 libris

157 3913 174 3937 a
193 3889 410 3960 pietatis
436 3887 750 3945 doctrinam
780 3910 808 3937 >³
841 3887 918 3955 (τὸ
940 3892 1022 3955 τῆς
1053 3888 1295 3951 stateem
1318 3889 1688 3957 διδασκαλεῖον)
1721 3890 1905 3947 doceri
1928 3890 2075 3947 dicat
2090 3934 2105 3961 ‚
2138 3903 2193 3949 et
2210 3893 2574 3950 nihilominus
2594 3912 2686 3951 ca-

147 3976 510 4045 techumenis,
535 3976 626 4048 qni
652 3994 676 4029 ι
699 3976 914 4048 pietatis
941 3976 1253 4033 doctrinam
1273 3997 1297 4028 »
1327 3977 1431 4049 (τὸν
1455 3981 1543 4045 τῆς
1564 3978 1805 4041 εὖσεὸείας
1832 3978 2011 4050 λόγον)
2036 3979 2251 4038 discere
2268 3982 2508 4048 student,
2531 3982 2687 4039 alte-

154 4068 262 4121 rius
285 4066 486 4122 classis
513 4065 685 4121 libros
709 4066 952 4137 praelegi
978 4064 1182 4122 iubeat.
1213 4066 1358 4121 Hinc
1387 4066 1553 4121 etiam
1583 4067 1691 4121 iam
1718 4076 1895 4138 patet,
1924 4084 2053 4125 eum
2076 4070 2311 4125 arctiore
2337 4085 2499 4125 sensu
2526 4086 2690 4127 voca·-

155 4156 328 4211 bulum
358 4156 610 4210 canonis
638 4151 898 4221 definire,
928 4162 990 4208 ut
1017 4154 1268 4209 canonici
1296 4154 1345 4208 ei
1369 4156 1479 4209 sint
1507 4154 1591 4210 illi
1617 4154 1718 4211 soli
1759 4154 1918 4224 libri,
1948 4156 2041 4228 qui
2070 4174 2137 4212 ex
2171 4173 2273 4212 usu
2302 4156 2689 4214 alexandrinae

155 4244 402 4299 eeclesiae
436 4241 570 4297 solis
595 4239 850 4297 fidelibus
879 4240 939 4296 in
965 4239 1076 4297 fide
1104 4240 1402 4297 christiana
1433 4242 1707 4313 provectis
1736 4243 2251 4316 praelegebantur⁸.
2286 4244 2474 4316 Longe
2508 4253 2693 4301 autem

209 4428 270 4491 (4]
295 4430 370 4479 De
395 4427 662 4476 Doctrina
688 4424 1064 4488 Apostolorum
1096 4429 1148 4475 et
1175 4428 1418 4485 Pastore,
1449 4440 1609 4491 quum
1633 4426 1697 4477 ad
1728 4429 1887 4478 Vetus
1913 4430 2049 4478 Test.
2081 4441 2182 4478 non
2216 4428 2519 4493 pertineant,
2556 4429 2690 4481 infra

159 4506 200 4569 (5
229 4514 300 4565 10,
331 4520 382 4571 p.
415 4510 501 4568 52)
528 4505 777 4556 dicemus.

211 4588 272 4651 ξδ’)
297 4588 376 4637 Ex
401 4587 550 4649 Oria.
581 4584 634 4635 iu
661 4586 814 4635 Num.
842 4584 979 4635 hom.
1009 4590 1120 4646 27,ί
1152 4584 1343 4644 elucet,
1376 4586 1477 4635 iam
1506 4584 1597 4635 diu
1628 4590 1749 4636 ante
1778 4588 1830 4637 S.
1858 4586 2122 4637 Athanasii
2150 4590 2367 4639 aetatem
2396 4590 2451 4640 in
2482 4590 2693 4641 ecclesia

161 4665 476 4717 alexandrina
511 4679 668 4715 usum
705 4663 1006 4723 invaluisse,
1038 4667 1098 4714 ut
1134 4662 1388 4715 faciliores
1425 4666 1637 4728 quidam
1679 4665 1795 4715 libri
1832 4666 1929 4717 soli
1964 4666 2339 4720 catechumenis
2382 4670 2693 4733 legerentur.
