3050 5184
394 267 513 325 376
595 280 671 324 ns
712 281 851 324 ver.
886 280 1140 331 resurr.
1174 280 1362 325 uanis
1398 278 1803 325 Pnornn'ncis.
1838 296 1916 305 —
1946 278 2079 321 car.
2115 278 2185 320 ιι.
2221 277 2296 320 ns
2336 276 2656 321 morasus
2697 274 2890 319 ιεΑιΑε.

401 415 499 483 7,1
538 430 713 491 sqq.;
746 414 883 485 13‚1
922 412 1073 491 etc.)
1099 412 1351 473 docent.
1400 412 1645 489 Integer
1681 414 1929 482 autem,
1972 410 2122 471 licet
2165 410 2500 487 pericopae
2541 408 2806 487 singulae
2830 406 2896 466 de

399 508 588 568 variis
617 509 914 569 thematis
942 513 1155 587 agant,
1185 509 1265 569 ad
1292 525 1488 569 unum
1514 508 1703 567 finem
1735 506 2033 567 collineat
2067 523 2314 584 unaque
2354 505 2496 566 idea
2524 506 2783 583 regitur;
2813 508 2896 561 to-

400 609 536 665 tum
565 606 737 665 enim
767 606 906 665 eius
928 609 1368 682 argumentum
1387 604 1515 664 illis
1536 604 1747 663 verbis
1769 601 2220 679 comprehendi
2240 606 2410 662 recte
2429 603 2743 669 asseritur,
2765 614 2900 677 quae

405 702 699 779 Rupertus
731 700 887 761 Tuit.
912 702 1157 761 vocavit
1178 724 1208 754 «
1240 701 1521 761 edictum
1551 700 1788 777 gratiae
1821 723 1850 755 »
1889 718 1904 759 :
1935 722 1967 753 «
1996 700 2143 761 Sion
2170 702 2236 757 in
2263 699 2488 758 iudicio
2525 699 2835 758 redimetur
2857 701 2900 754 et

402 802 663 857 conversi
690 802 815 856 eius
837 802 902 855 in
930 801 1161 857 iustitia
1210 820 1240 852 »
1274 796 1488 876 (137).

472 924 523 973 A
549 921 670 974 Deo
696 918 925 987 missuS‚
952 927 1015 975 ut
1044 920 1309 990 populum
1341 937 1366 971 ‹
1398 917 1471 974 ad
1499 921 1706 991 Legem
1737 927 1792 974 et
1820 919 2198 975 testimonium
2229 938 2254 969 a
2293 919 2360 987 (8,
2371 922 2458 989 20)
2483 925 2794 983 revocaret,
2823 932 2904 986 pro

404 1021 631 1062 munere
659 1022 759 1061 suo
788 1006 939 1061 iuxta
966 1006 1285 1063 auditorum
1314 1006 1668 1063 necessitates
1696 1022 1792 1063 eos
1819 1020 1948 1061 mox
1972 1006 2294 1077 obiurgare,
2327 1020 2455 1062 mox
2481 1005 2773 1071 consolari,
2798 1018 2904 1057 mox

405 1090 720 1149 confortare
741 1092 962 1163 debuit3
989 1094 1347 1150 nihilominus
1369 1095 1649 1167 integrum
1675 1094 1791 1150 eius
1819 1092 2024 1149 librum
2057 1114 2083 1143 α
2115 1082 2548 1149 consulationem
2575 1113 2600 1143 n
2623 1106 2758 1159 esse,
2785 1098 2908 1145 recte

402 1180 514 1235 iam
548 1190 887 1237 monuerunt
918 1182 1295 1251 Thalmudici3
1331 1191 1498 1254 atque
1535 1181 1654 1237 iure
1696 1181 1866 1237 isaias
1905 1189 2131 1237 vocatur
2153 1180 2446 1252 propheta
2483 1178 2910 1235 misericordiae

406 1268 665 1325 divinae.
690 1270 833 1324 Nam
861 1268 1125 1326 iudicium
1154 1269 1379 1342 quidem
1400 1270 1694 1325 annuntiat
1721 1269 1846 1326 filiis
1874 1268 2045 1325 Israel
2068 1276 2125 1323 et
2147 1268 2430 1339 gentibus,
2463 1269 2559 1323 sed
2587 1268 2842 1323 iudicium
2869 1274 2912 1320 et

405 1370 643 1426 poenae,
689 1356 789 1412 etsi
828 1358 885 1412 in
931 1357 1214 1413 interitum
1257 1359 1368 1413 sint
1412 1366 1862 1424 occaecatorum‚
1893 1356 1953 1413 in
1997 1358 2234 1413 salutem
2279 1365 2442 1411 erunt
2483 1356 2759 1427 reliquii3‚
2795 1368 2911 1425 quae

406 1444 742 1514 poenitentia
766 1454 887 1501 acta
919 1444 991 1501 ad
1026 1446 1330 1503 Dominum
1367 1446 1548 1501 Deum
1586 1462 1748 1501 suum
1785 1452 2152 1508 revertentur,
2183 1453 2348 1516 atque
2377 1444 2568 1516 populi
2604 1444 2806 1499 ethnici
2829 1442 2914 1512 ipsi

408 1546 630 1602 quoque
672 1548 788 1589 non
827 1532 1199 1600 destruentur,
1234 1534 1340 1589 nisi
1386 1541 1448 1588 ut
1491 1548 1687 1589 eorum
1731 1533 1996 1603 reliquiae
2039 1523 2329 1603 participes
2369 1532 2508 1588 fiant
2543 1532 2914 1588 beneficiorum

328 1640 333 1645 ·
405 1619 561 1690 regni
588 1620 930 1690 messianici,
956 1620 1107 1693 quod
1141 1620 1201 1676 in
1243 1620 1489 1691 priorum
1529 1635 1827 1693 regnorum
1861 1622 2034 1676 ruinis
2073 1628 2321 1676 erectum
2354 1636 2468 1675 non
2504 1618 2848 1692 dissipabitur
2871 1618 2915 1672 in

407 1714 717 1762 aeternum.
754 1710 895 1763 Novi
934 1712 1121 1764 autem
1162 1708 1315 1780 regni
1364 1717 1617 1764 centrum
1647 1709 1754 1764 erit
1783 1709 2085 1764 Ierusalem
2109 1707 2224 1779 (23
2251 1708 2399 1780 sqq.)
2429 1708 2661 1779 eiusque
2688 1724 2782 1763 rex
2810 1720 2916 1777 pro-

407 1793 692 1866 gredietur
718 1809 785 1851 ex
815 1792 950 1851 Iuda
984 1796 1093 1867 (4‚2
1132 1798 1292 1863 etc.);
1318 1794 1443 1852 ideo
1472 1798 1656 1852 omnia
1688 1796 1969 1862 vaticinia,
1998 1796 2164 1851 etiam
2190 1796 2315 1862 illa,
2347 1810 2490 1866 quae
2515 1795 2587 1850 de
2632 1795 2918 1867 longinquis

407 1881 659 1953 gentibus
687 1891 889 1957 agunt,
915 1884 1213 1956 propheta,
1243 1893 1306 1940 ut
1332 1900 1527 1940 eorum
1555 1884 1820 1940 unitatem
1851 1884 2116 1952 insinuet,
2153 1884 2404 1939 inscribit
2433 1904 2459 1933 α
2494 1884 2568 1939 de
2597 1884 2756 1940 Iuda
2786 1881 2919 1937 etde

406 1972 723 2027 Ierusalem
751 1992 774 2025 ι
810 1972 959 2043 (1‚1)‚
989 1974 1189 2045 quippe
1216 1972 1287 2028 ad
1316 1988 1458 2044 quae
1481 1988 1612 2029 vere
1636 1970 1965 2028 reserantur.

484 2142 544 2198 2.
577 2174 655 2183 -
689 2140 887 2211 Ord0,
918 2159 1042 2218 quo
1072 2142 1363 2202 vaticinia
1405 2140 1600 2201 Isaiae
1641 2145 1785 2201 sunt
1809 2140 2152 2219 disposita,
2179 2158 2305 2200 non
2341 2144 2438 2201 est
2474 2157 2652 2201 mere
2684 2140 2920 2200 chrono-

405 2236 643 2312 logicus
663 2282 678 2309 ,
708 2237 817 2296 sed
848 2238 936 2297 ita
966 2255 1041 2297 ex
1070 2242 1439 2316 argumento
1464 2238 1700 2316 petitus
1718 2283 1732 2310 ,
1766 2242 1833 2297 ut
1857 2237 2068 2315 aliqua
2086 2238 2392 2315 temporis
2411 2236 2571 2297 ratio
2599 2238 2687 2297 sit
2703 2236 2915 2297 habita.

482 2377 507 2407 α
548 2358 740 2428 Usque
777 2356 848 2413 ad
885 2358 1055 2414 finem
1092 2358 1221 2415 libri
1250 2359 1515 2429 scriptum
1551 2358 1776 2427 referri,
1813 2357 1949 2430 quid
1989 2358 2221 2413 seorsim
2259 2358 2362 2413 sub
2401 2359 2535 2413 Ozia
2575 2368 2635 2413 et
2673 2357 2802 2430 quid
2837 2356 2922 2411 sub

405 2444 661 2501 Ioatham
680 2453 737 2501 et
761 2443 891 2517 quid
910 2446 1013 2503 suh
1036 2447 1227 2503 Achaz
1248 2456 1305 2502 et
1322 2446 1459 2520 quid
1476 2446 1579 2502 sub
1601 2446 1836 2502 Ezechia
1860 2445 2161 2517 prophetae
2182 2454 2328 2501 esset
2353 2447 2666 2501 revelatum
2697 2468 2722 2497 n
2741 2488 2756 2513 ‚
2779 2454 2920 2515 puta-

403 2532 480 2587 vit
504 2534 563 2587 S.
594 2536 983 2604 Hieronymus
1010 2536 1101 2605 (In
1132 2536 1203 2590 Is,
1238 2536 1377 2605 m),
1417 2550 1582 2606 quem
1615 2535 1710 2590 alii
1741 2543 2070 2605 sequuntur.
2096 2539 2169 2588 At
2199 2548 2396 2605 parum
2425 2542 2574 2589 recte
2605 2534 2748 2590 haec
2775 2531 2919 2588 asseri

402 2619 747 2697 clarum-est,
775 2620 1057 2694 siquidem
1082 2623 1253 2679 oziae
1296 2638 1465 2695 regno
1512 2624 1632 2678 sola
1679 2622 2012 2678 adscribitur
2054 2622 2190 2676 visio
2219 2638 2270 2677 c.
2311 2628 2389 2688 6.,
2421 2621 2684 2676 loatham
2727 2623 2782 2676 in
2819 2620 2922 2674 solo

400 2707 559 2763 titulo
591 2709 717 2778 (1‚1)
746 2709 1083 2777 nominatur,
1117 2720 1368 2782 tempore
1393 2710 1587 2766 Achaz
1617 2708 1765 2766 edita
1791 2709 2108 2765 indicantur
2137 2715 2221 2775 7‚1
2255 2722 2377 2779 sqq.
2406 2717 2463 2764 et
2493 2714 2783 2774 14,28·32,
2811 2710 2920 2763 Eze-

400 2796 555 2851 chiae
588 2796 789 2855 iterum
828 2813 1035 2854 nomen
1071 2798 1130 2853 in
1166 2799 1329 2853 titulo
1364 2803 1584 2853 tantum
1619 2802 1676 2853 et
1709 2800 1766 2854 in
1803 2797 2070 2853 relatione
2105 2796 2365 2852 historica
2393 2798 2658 2869 (as-39.)
2687 2798 2915 2868 ponitur:

399 2897 565 2954 porro
604 2886 865 2958 prologus
894 2886 998 2954 (1‚1
1032 2886 1177 2957 sqq.)
1203 2896 1261 2942 et
1288 2886 1548 2941 vaticinia
1576 2886 1860 2957 sequentia
1889 2888 2095 2955 (2.-5.),
2124 2899 2298 2956 quum
2337 2885 2488 2956 prior
2523 2884 2594 2940 ad
2637 2883 2918 2943 Ezechiae,

398 2972 504 3027 alia
544 2970 614 3027 ad
659 2972 910 3029 loatham
947 2988 1181 3045 regnum
1216 2975 1493 3044 pertinere
1542 2972 1846 3038 videantur,
1881 2973 2087 3027 visione
2111 2988 2162 3027 c.
2201 2978 2256 3027 6.
2298 2979 2428 3027 sunt
2471 2974 2784 3028 recentiora
2827 2980 2917 3025 etc.

396 3060 511 3113 Nec
552 3059 857 3115 secundum
904 3076 1073 3133 regna
1115 3062 1283 3134 igitur
1322 3076 1425 3117 nec
1468 3059 1663 3116 ordine
1706 3061 2098 3133 chronologico
2137 3060 2432 3116 conciones
2460 3068 2591 3115 sunt
2621 3058 2916 3131 dispositae.

396 3146 623 3201 Rectius
645 3150 705 3203 S.
734 3148 987 3204 Thomas
1003 3163 1071 3204 ex
1096 3158 1423 3221 argumento
1450 3148 1717 3205 desumsit
1741 3147 2022 3204 divisionis
2038 3149 2334 3214 rationem,
2361 3154 2528 3219 atque
2556 3147 2708 3204 duae
2737 3156 2918 3219 partes,

398 3249 536 3304 quas
564 3234 814 3290 distinxit
842 3238 889 3304 (‹
917 3236 975 3291 in
1000 3238 1179 3307 priore
1209 3237 1433 3307 ponitur
1456 3238 1812 3293 comminatio
1849 3236 2068 3293 divinae
2095 3235 2336 3291 iustitiae
2373 3236 2446 3291 ad
2485 3236 2768 3291 excidium
2809 3248 2920 3303 pee-

402 3329 655 3377 catorum
702 3328 895 3389 1.·39.‚
938 3324 1001 3378 in
1026 3324 1267 3381 secunda
1312 3325 1618 3381 consolatio
1645 3324 1864 3380 divinae
1909 3322 2319 3380 misericordiae
2361 3322 2432 3378 ad
2475 3324 2920 3379 resurrectionem

402 3408 673 3464 iustorum
698 3416 916 3467 aiu-66.
950 3414 1021 3481 n),
1054 3410 1219 3467 hodie
1256 3412 1327 3467 ab
1364 3412 1624 3469 omnibus
1650 3412 1768 3468 fere
1803 3420 2198 3484 agnoscuntur,
2229 3412 2330 3467 etsi
2369 3411 2490 3468 aliis
2526 3411 2716 3467 verbis
2749 3422 2920 3466 earum

400 3505 724 3567 argumenta
749 3497 1109 3555 definiuntur.
1144 3499 1588 3557 controvertitur
1615 3510 1802 3556 tamen
1818 3542 1831 3568 ‚
1863 3516 1998 3555 num
2038 3500 2328 3571 pericopae
2355 3498 2658 3554 historicae
2683 3500 2918 3571 (aa-39³

402 3583 567 3652 priori
608 3600 681 3639 an
726 3587 887 3641 alteri
922 3600 995 3641 an
1038 3588 1221 3643 neutri
1260 3589 1401 3658 parti
1442 3589 1556 3643 sint
1596 3587 2009 3653 attribuendae;
2050 3586 2256 3648 rectius
2281 3586 2364 3642 illi
2391 3586 2670 3652 sentiunt,
2705 3587 2799 3658 qui
2823 3584 2920 3639 duo

402 3671 583 3741 priora
612 3674 792 3744 capita
825 3674 931 3743 (36.
960 3676 1067 3746 37.)
1106 3676 1301 3746 prioris
1326 3677 1495 3745 partis
1526 3676 1860 3742 clausulam,
1889 3676 2000 3729 duo
2028 3674 2244 3746 reliqua
2271 3674 2384 3744 (38.
2417 3676 2532 3745 39.)
2561 3671 2918 3730 introductio·

402 3775 528 3816 nem
559 3760 787 3816 alterius
822 3760 1031 3817 dicunt.
1065 3764 1253 3819 Altera
1288 3764 1664 3820 controversia
1691 3772 1776 3821 est
1815 3758 2094 3819 de'totius
2130 3762 2256 3818 libri
2297 3761 2556 3831 exordio,
2583 3760 2740 3832 quod
2781 3762 2920 3829 longe

404 3847 651 3919 plerique
678 3850 799 3905 solo
827 3864 913 3922 cp.
948 3856 999 3907 1.
1032 3850 1243 3907 absolvi
1268 3859 1483 3915 tenent,
1512 3868 1618 3907 nos
1645 3866 1774 3907 cum
1801 3850 1918 3906 aliis
1946 3865 2122 3920 usque
2151 3848 2224 3905 ad
2251 3864 2339 3919 cp.
2371 3857 2427 3905 6.
2457 3838 2828 3905 extendimus,

478 4020 537 4077 3.
569 4052 648 4061 —
677 4020 1043 4097 Argumenti
1073 4025 1137 4081 et
1176 4019 1417 4079 ordinis
1449 4020 1611 4079 ratio
1651 4037 1728 4079 ex
1754 4019 1925 4079 brevi
1957 4018 2079 4079 hoc
2115 4018 2311 4078 totius
2349 4019 2560 4096 operis
2599 4017 2920 4095 conspectu

401 4113 627 4174 clarius
658 4116 1028 4177 innotescet.

474 4238 890 4295 lxnonuc‘rro
936 4254 1312 4296 ‘ruminum
1358 4241 1461 4307 (1,1
1480 4242 1655 4309 -6,13)
1698 4246 2012 4312 utrumque
2054 4237 2198 4293 libri
2237 4242 2656 4311 aryumentum
2703 4235 2922 4291 indicat

400 4326 633 4393 eiusque
658 4326 859 4381 innuit
887 4328 1316 4383 auctoritatem
1340 4334 1397 4381 et
1425 4326 1687 4400 fructus,
1716 4343 1861 4401 quos
1883 4325 2277 4399 producturus
2300 4325 2382 4380 sit
2405 4326 2565 4381 inter
2591 4324 2858 4379 Iudaeos.

474 4417 524 4467 1.
556 4414 767 4468 Concio
785 4416 991 4485 prima
1006 4422 1416 4487 arqumentum
1433 4416 1915 4471 comminativum
1941 4415 2196 4486 explieat
2223 4417 2270 4480 (1
2283 4418 2474 4480 ,2-31).
2503 4411 2730 4480 —Quia
2758 4422 2920 4481 popu-

646 4500 733 4554 lus
759 4500 1165 4559 calamitatibus
1192 4502 1265 4559 ad
1284 4505 1466 4558 Deum
1488 4517 1604 4558 non
1631 4511 1717 4559 est
1737 4501 1998 4558 reductus
2024 4506 2068 4569 (1
2083 4501 2244 4568 ,2-10)
2275 4516 2340 4555 ae
2361 4498 2564 4556 frustra
2587 4513 2744 4555 mere
2761 4504 2921 4551 exter-

648 4587 733 4641 nis
758 4588 873 4642 suis
898 4588 1092 4647 ritibus
1120 4590 1351 4647 confidit
1376 4592 1664 4662 (ml-20),
1691 4604 1888 4646 severo
1915 4588 2117 4645 iudicio
2153 4586 2457 4647 redimetur
2481 4588 2613 4645 Sion
2639 4582 2916 4655 (lai-30).
