3050 5184
357 251 473 310 336
598 265 671 308 nr:
698 265 836 308 vsr.
872 265 1034 309 ‘ras-r.
1064 261 1260 308 nnius
1286 259 1646 306 amitermis.
1673 279 1750 288 —
1776 259 1905 304 mr.
1939 261 2018 304 1v.
2053 246 2111 302 2.
2147 258 2224 302 ns
2250 258 2304 302 1..
2337 251 2784 299 ECCLESIASTAE.

358 405 524 468 atque
552 412 583 451 a
612 394 913 452 rebellione
940 395 1179 451 retinere
1202 393 1459 456 voluisse,
1488 400 1586 446 aut
1603 391 1670 446 iis
1689 390 2014 462 explicasse,
2035 389 2368 462 quibusnam
2395 385 2637 459 peccatis
2666 397 2886 455 regnum

356 482 637 540 iudaieum
669 485 737 539 ad
768 483 1053 538 interitum
1078 490 1224 538 esset
1246 479 1548 538 adductum
1574 487 1680 534 etc.
1711 479 1902 534 Multis
1935 479 2086 534 enim
2107 477 2342 534 saeculis
2365 482 2494 531 ante
2517 472 2680 544 regni
2707 471 2885 526 interi-

356 579 477 626 tum
506 572 875 627 Ecclesiasten
908 586 1067 626 suam
1094 569 1417 626 concionem
1444 565 1700 622 habuisse
1725 567 1910 622 statim
1937 565 2313 622 ostendemus.

658 781 691 860 ξ
724 781 827 842 15.
866 813 955 823 —
981 776 1078 838 De
1116 771 1273 840 libri
1300 770 1746 837 Ecclesz'astae
1785 769 2042 860 orz'qz'ne
2080 781 2145 835 et
2176 766 2599 834 auctoritate.

440 988 494 1044 1.
529 1020 607 1028 —
638 986 863 1046 Contra
891 982 1229 1044 inodernos
1254 980 1671 1042 heterodoxos
1696 981 1826 1040 fere
1857 997 2076 1040 omnes
2103 983 2168 1040 et
2193 977 2531 1038 nonnullos
2555 975 2889 1036 catholicos

358 1080 734 1158 interpretes
764 1081 1021 1140 omnino
1042 1079 1385 1140 tenendum
1411 1077 1685 1149 videtur,
1715 1077 2112 1136 Salomonem
2141 1075 2286 1136 libri
2313 1073 2734 1134 Ecclesiastae
2761 1088 2890 1132 esse

358 1181 713 1251 auctorem;
746 1175 899 1237 haec
925 1176 1097 1238 enim
1123 1175 1434 1235 sententia
1462 1177 1790 1234 constante
1820 1176 1884 1232 et
1907 1173 2184 1232 unanimi
2215 1171 2511 1248 antiquae
2541 1185 2890 1246 synagogae

358 1277 422 1333 et
450 1272 765 1332 Ecclesiae
794 1273 1019 1333 nititur
1046 1271 1390 1332 traditione
1420 1275 1606 1347 atque
1635 1268 1801 1329 claro
1823 1268 1964 1328 libri
1993 1268 2072 1328 de
2103 1285 2168 1328 se
2194 1269 2334 1346 ipso
2358 1265 2728 1328 testimonio
2749 1282 2892 1324 con-

357 1370 655 1429 firmatur.

426 1481 561 1538 Inde
584 1497 615 1536 a
638 1481 815 1538 Grotii
843 1490 1113 1554 tempore,
1138 1482 1232 1554 qui
1254 1481 1465 1554 primus
1488 1479 1773 1535 Salomoni
1793 1477 2000 1534 librum
2028 1476 2380 1545 abiudicavit,
2411 1478 2469 1532 in
2493 1475 2892 1532 diversissimas

354 1569 423 1625 de
452 1569 569 1625 eius
594 1569 808 1642 origine
834 1571 1132 1626 sententias
1160 1567 1414 1624 abierunt
1443 1582 1636 1622 omnes
1658 1568 1985 1637 interpretes
2009 1565 2108 1635 illi,
2143 1565 2238 1637 qui
2261 1565 2490 1620 internis
2515 1565 2700 1636 potius
2726 1563 2892 1619 ratio-

353 1655 521 1712 nibus
550 1673 719 1729 quam
743 1656 1021 1714 historicis
1046 1657 1378 1713 testimoniis
1407 1655 1475 1710 de
1506 1655 1778 1712 librorum
1815 1653 2098 1710 authentia
2134 1653 2406 1709 iudicant.
2441 1657 2484 1708 A
2523 1659 2706 1707 morte
2733 1652 2890 1708 Salo·-

352 1745 533 1800 monis
562 1745 711 1800 enim
736 1759 912 1816 usque
934 1743 1005 1800 ad
1041 1744 1269 1800 Domini
1296 1745 1365 1800 N.
1412 1743 1760 1798 nativitatem
1801 1758 1916 1797 non
1951 1741 2227 1796 invenitur
2254 1741 2563 1806 saeculum,
2607 1755 2720 1810 quo
2747 1753 2890 1794 unus

353 1833 560 1888 alterve
587 1831 797 1888 librum
824 1841 1075 1888 exortum
1104 1847 1222 1887 esse
1242 1847 1359 1887 non
1386 1839 1632 1901 putaret,
1659 1830 1823 1902 longe
1847 1829 2094 1901 plerique
2115 1837 2303 1884 tamen
2333 1825 2679 1896 heterodoxi,
2705 1826 2892 1898 paucis

353 1917 823 1975 consentientibus
846 1918 1163 1986 catholicis,
1195 1919 1384 1973 exsilio
1412 1917 1741 1991 babylonico
1781 1919 1977 1973 saltem
2008 1931 2134 1972 eum
2179 1915 2346 1972 hodie
2391 1913 2583 1971 dicunt
2610 1915 2890 1972 recentio-

352 2022 490 2062 rem.
518 2009 722 2064 Contra
748 2023 886 2078 quos
922 2008 1041 2063 eius
1082 2007 1478 2062 salomonicam
1506 2006 1776 2078 originem
1820 2005 2118 2062 asserimus
2155 2004 2478 2076 praeprimis
2515 2002 2588 2059 ob
2629 2001 2892 2074 antiquae

352 2094 664 2150 traditionis
693 2095 1109 2163 auctoritatem3
1150 2093 1220 2150 de
1262 2109 1371 2164 qua
1412 2093 1713 2150 traditione
1755 2093 2002 2149 unanimi
2030 2101 2088 2148 et
2122 2101 2409 2148 constante
2447 2099 2633 2146 autem
2671 2099 2894 2146 constat

350 2183 436 2253 a.)
466 2182 608 2250 loco,
638 2198 805 2255 quem
828 2182 1191 2238 Ecclesiastes
1212 2183 1269 2237 in
1299 2181 1557 2238 omnibus
1580 2183 1820 2255 antiquis
1843 2179 2113 2237 librorum
2131 2193 2419 2236 sacrorum
2444 2178 2713 2250 catologis
2733 2193 2893 2234 occu-

352 2278 464 2341 pat.
506 2269 719 2325 Medius
748 2270 898 2327 enim
926 2271 1077 2325 inter
1100 2268 1239 2326 duos
1282 2270 1421 2327 alios
1452 2269 1626 2325 libros
1662 2268 2029 2325 salomonicos
2065 2268 2276 2339 positus
2303 2283 2428 2322 cum
2457 2265 2633 2337 iisque
2671 2281 2892 2338 semper

349 2357 679 2413 coniunctus
721 2367 839 2414 erat
877 2373 1051 2430 quum
1089 2357 1239 2430 apud
1279 2357 1514 2414 Iudaeos
1560 2357 1988 2429 palaestinenses
2033 2353 2264 2411 testibus
2291 2352 2696 2410 Thalmudistis
2723 2363 2890 2425 atquc

348 2445 404 2501 S.
440 2445 736 2514 Melitone,
767 2446 1029 2519 Origene,
1062 2445 1117 2501 S.
1162 2445 1489 2517 Epiphanio,
1524 2446 1579 2501 S.
1621 2445 1995 2516 Hieronymo,
2033 2451 2152 2498 tum
2193 2441 2341 2514 apud
2379 2441 2619 2498 Iudaeos
2661 2441 2886 2497 alexan-

348 2531 540 2588 drinos
566 2534 701 2590 etin
728 2535 968 2590 Ecclesia
997 2531 1233 2589 testibus
1256 2532 1514 2590 Patribus
1539 2531 1824 2598 omnibuS,
1856 2533 1951 2603 qui
1988 2530 2403 2587 alexandrinam
2431 2529 2747 2586 versionem
2787 2529 2886 2584 ad-

348 2619 663 2676 hibuerunt.
698 2620 783 2678 Ob
811 2622 1131 2694 liturgicum
1161 2621 1453 2677 dumtaxat
1480 2636 1644 2676 usum
1673 2620 1913 2676 iuniores
1943 2618 2158 2676 rabbini
2196 2634 2326 2674 eum
2349 2634 2416 2674 ex
2452 2619 2576 2674 loco
2607 2617 2889 2689 primitivo

346 2717 721 2778 removerunt,
748 2720 809 2765 ut
838 2725 965 2764 eum
994 2724 1121 2765 cum
1149 2709 1269 2764 aliis
1292 2717 1532 2779 quatuor
1557 2705 1788 2774 libellis,
1821 2723 1958 2779 quos
1991 2705 2165 2762 statis'
2185 2705 2378 2761 diebus
2404 2706 2463 2760 in
2494 2722 2780 2779 synagoga
2811 2706 2884 2762 lc-

346 2805 502 2868 gunt,
524 2813 639 2853 uuo
662 2797 941 2853 volumine
965 2795 1520 2867 comprehenderent.
1553 2795 1630 2863 b.)
1649 2795 1936 2850 Accedunt
1965 2795 2169 2850 diserta
2198 2793 2556 2850 rabbinorum
2576 2802 2633 2849 et
2655 2795 2884 2850 Patrum

342 2885 677 2941 testimonia.
716 2905 741 2936 ιι
771 2885 1051 2951 Hebraei,
1084 2883 1263 2954 inquit
1289 2885 1347 2940 S.
1378 2885 1769 2954 Hieronymus
1795 2883 1872 2950 (in
1898 2883 2079 2938 Eccle.
2113 2886 2278 2950 1,12)‚
2309 2881 2464 2936 aiunt
2491 2879 2642 2937 hunc
2681 2881 2882 2937 librum

342 2988 463 3029 esse
485 2973 795 3030 Salomonis
824 2970 1221 3044 poenitentiam
1249 2971 1463 3042 agentis
1492 2991 1518 3022 ι)
1544 2971 1586 3038 ¹,
1620 2991 1645 3021 α
1675 2985 1855 3042 neque
1877 2985 2114 3040 usquam
2139 2973 2196 3023 in
2225 2969 2536 3025 Thalmude
2571 2969 2715 3024 alius
2747 2972 2882 3024 Pro-

345 3058 677 3135 verbiorum,
709 3060 949 3129 Cantici,
980 3059 1346 3114 Ecclesiastae
1386 3067 1584 3114 auctor
1610 3058 1928 3129 agnoscitur
1963 3065 2185 3127 praeter
2223 3057 2578 3114 Salomonem
2605 3078 2632 3108 ι
2679 3061 2884 3123 (Marx

341 3146 586 3204 Traditio
614 3146 975 3204 rabbinorum
998 3146 1069 3203 de
1092 3147 1217 3204 libr.
1246 3162 1383 3203 sacr.
1419 3145 1634 3219 origine
1667 3163 1716 3216 p.
1735 3145 1844 3216 51).
1875 3147 2109 3201 Patrum
2137 3145 2448 3201 testimonia
2472 3143 2674 3200 afferre
2695 3160 2883 3216 super·

341 3233 517 3290 fluum
544 3243 645 3304 est,
674 3236 935 3307 quoniam
965 3251 1160 3290 eorum
1188 3249 1491 3290 consensus
1518 3250 1551 3290 a
1577 3233 1728 3288 nullo
1763 3233 1824 3287 in
1848 3231 2080 3289 dubium
2111 3240 2357 3288 vocatur.
2402 3236 2475 3300 c.)
2504 3231 2882 3288 Traditionem

342 3336 471 3378 vero
493 3321 636 3380 hanc
662 3322 1041 3378 testimonium
1070 3322 1193 3378 libri
1220 3321 1393 3394 ipsius
1421 3321 1733 3378 confirmat.
1761 3321 1877 3377 Etsi
1911 3322 2058 3377 enim
2089 3321 2147 3376 in
2173 3320 2527 3391 inscriptione
2553 3336 2772 3376 nomeu
2793 3322 2886 3376 Sa·

340 3409 581 3467 lomonis
606 3425 721 3466 non
750 3419 1009 3481 ponatur,
1038 3412 1155 3466 eius
1193 3427 1459 3482 persona
1485 3418 1676 3465 tamen
1705 3409 1854 3466 clare
1891 3408 2221 3465 describitur
2259 3413 2308 3476 (α
2349 3407 2500 3463 filius
2537 3407 2754 3478 David,
2791 3424 2884 3463 rex

342 3497 647 3553 Ierusalem
672 3502 723 3566 n)
752 3506 920 3569 atque
946 3498 1145 3554 eadem
1166 3498 1381 3554 ratione
1404 3497 1762 3554 Ecclesiastes
1785 3497 1842 3552 in
1863 3504 1982 3552 tota
2005 3497 2270 3552 concione
2293 3511 2354 3551 se
2379 3496 2742 3552 Salomonem
2769 3513 2888 3552 esse

336 3583 521 3656 prodit
550 3585 715 3655 (1,12.
750 3591 845 3655 163
871 3591 966 3652 2,4
988 3601 1149 3656 sqq.;
1184 3591 1308 3654 12,9
1332 3590 1500 3656 sqq.).
1535 3585 1726 3656 Neque
1757 3584 1894 3640 haee
1929 3605 1954 3636 α
1981 3585 2070 3655 pia
2099 3582 2292 3640 fraude
2322 3605 2349 3635 ι
2386 3589 2445 3639 et
2475 3603 2502 3634 α
2530 3584 2752 3652 poetica
2787 3584 2884 3638 iic-

334 3673 485 3728 tione
514 3694 541 3724 1·
575 3672 838 3743 explicari
878 3682 1127 3744 possunt,
1158 3689 1267 3745 qua
1308 3673 1587 3730 recentior
1623 3681 1819 3729 auctor
1863 3687 2156 3743 personam
2195 3672 2507 3728 Salomonis
2543 3670 2794 3728 induerit
2827 3681 2878 3726 et

336 3775 465 3816 suas
490 3760 792 3816 sententias
814 3760 915 3816 sub
945 3760 1064 3816 eius
1090 3761 1318 3816 nomine
1350 3768 1407 3816 et
1447 3760 1776 3816 auctoritate
1815 3760 2198 3816 venditaverit.
2229 3757 2516 3814 Eiusmodi
2545 3759 2698 3814 enim
2741 3781 2767 3810 α
2796 3760 2882 3830 pia

340 3847 491 3904 fraus
516 3870 542 3900 n
569 3857 627 3905 et
651 3868 675 3900 α
696 3849 847 3904 fictio
877 3848 1089 3920 poetica
1114 3869 1168 3917 n,
1192 3863 1302 3918 qua
1327 3849 1564 3904 lectores
1587 3847 1645 3903 in
1663 3847 2076 3904 ineluctabilem
2094 3862 2342 3902 errorem
2360 3846 2730 3916 inducuntur,
2757 3863 2880 3903 cum

338 3936 465 3992 libri
484 3936 843 4009 inspiratione
864 3951 975 3992 non
1006 3935 1391 3992 conciliantur.
1416 3937 1614 4007 Neque
1633 3935 1706 3992 ad
1731 3957 1755 3986 α
1787 3936 1940 4007 piam
1960 3933 2214 3992 fraudem
2237 3955 2262 3986 ι)
2289 3933 2664 3991 excusandam
2689 3936 2878 3990 iuvant

336 4027 585 4098 exempla
612 4026 681 4081 ab
709 4023 1036 4081 adversariis
1072 4023 1272 4092 allata;
1304 4022 1434 4079 libri
1462 4025 1614 4079 enim
1654 4023 1968 4094 Sapientiae
2007 4031 2200 4080 auctor
2229 4039 2504 4095 nusquam
2531 4038 2591 4078 se
2620 4024 2880 4079 Salomo-

398 4175 464 4238 (1)
492 4172 699 4223 Librum
724 4187 753 4224 a
778 4175 1085 4238 poenitente
1104 4185 1231 4223 sene
1252 4174 1538 4224 Salomone
1563 4186 1670 4224 esse
1697 4173 2068 4237 conscriptum,
2095 4172 2348 4222 sententia
2374 4176 2452 4222 est
2473 4173 2630 4222 etiam
2655 4173 2878 4222 nonnul-

336 4251 501 4302 lorum
536 4252 885 4318 antiquiorum
922 4255 975 4302 et
1002 4252 1366 4302 modernorum
1396 4253 1764 4316 interpretum,
1800 4251 1890 4302 sed
1927 4265 2106 4315 parum
2142 4249 2435 4315 probabilis.
2470 4271 2494 4294 σι
2524 4253 2704 4314 Neque
2739 4252 2876 4302 enim

336 4330 505 4386 video,
542 4331 713 4396 inquit
742 4336 877 4383 reete
909 4329 1256 4395 Bonsrerius,
1290 4345 1393 4395 quo
1420 4335 1720 4394 argumento
1749 4345 1811 4382 ex
1837 4331 2141 4381 Ecclesiaste
2167 4329 2414 4392 probetur
2439 4329 2730 4381 Salomonis
2757 4345 2874 4394 poe-

337 4408 579 4473 nitent1a3
611 4424 861 4475 nusquam
890 4411 1027 4460 enim
1054 4410 1117 4460 de
1139 4423 1369 4461 amorum
1403 4410 1785 4476 impuritatibus
1809 4415 1859 4460 et
1889 4410 2066 4460 insana
2101 4409 2318 4460 mollitie
2342 4408 2592 4473 loquitur,
2619 4423 2870 4473 nusquam

334 4487 673 4547 idololatriae,
710 4503 961 4554 nusquam
994 4491 1187 4554 peccati
1212 4491 1291 4540 sui
1326 4491 1477 4540 etiam
1508 4489 1562 4539 in
1604 4503 1784 4552 genere
1817 4489 2033 4549 mentio,
2071 4502 2323 4553 nusquam
2359 4485 2603 4548 verbum,
2635 4489 2776 4553 quod
2807 4489 2878 4539 de

334 4568 567 4618 admissis
588 4570 805 4632 peccatis
832 4583 1007 4619 verum
1042 4569 1198 4620 animi
1228 4569 1451 4620 dolorem
1481 4569 1729 4633 exprimat
1759 4589 1801 4620 ιι.
