3050 5184
978 947 1864 1061 APPENDICES

446 1241 495 1298 Ι.
532 1274 605 1286 -
640 1241 743 1296 DE
778 1241 1059 1296 131va
1094 1241 1149 1297 S.
1188 1241 1774 1298 SCRIPTURABUM
1809 1235 2345 1298 INSPIRATIONE
2357 1243 2398 1302 ¹.

223 1465 281 1522 1.
308 1495 392 1508 —
430 1485 461 1518 α
502 1463 747 1524 Veteris
779 1466 845 1524 et
880 1461 1037 1522 Novi
1073 1461 1468 1524 Testamenti
1506 1462 1704 1523 libros
1733 1463 2016 1542 integros
2051 1479 2194 1524 cum
2230 1463 2532 1524 omnibus
2569 1463 2702 1524 suis

138 1559 455 1638 partibus,
488 1543 678 1638 prout
704 1559 771 1618 in
806 1559 1157 1620 Tridentini
1184 1559 1448 1620 Concilii
1478 1559 1738 1620 decreto
1769 1559 1952 1638 (seSS.
1989 1563 2046 1620 4.
2083 1559 2162 1620 de
2185 1577 2410 1622 canon.
2439 1559 2702 1640 Script.)

135 1661 554 1718 recensentur
582 1657 739 1718 etin
756 1656 957 1716 veteri
978 1656 1231 1734 vulgata
1258 1657 1453 1718 latina
1486 1656 1767 1718 editione
1797 1656 2111 1717 habentur
2133 1681 2192 1727 n,
2216 1679 2245 1710 «
2277 1657 2560 1718 Ecclesia
2587 1675 2703 1734 pro

140 1754 343 1814 sacris
374 1757 439 1814 et
467 1754 786 1815 canonicis
814 1753 1036 1824 habet,
1069 1770 1195 1813 non
1236 1753 1381 1814 ideo
1418 1754 1593 1831 quod
1625 1754 1757 1814 sola
1793 1753 2068 1814 humana
2105 1753 2412 1814 industria
2446 1755 2704 1814 concin-

138 1851 311 1919 nati,
362 1869 477 1912 sua
521 1850 751 1912 deinde
790 1850 1164 1911 auctoritate
1204 1852 1331 1910 sint
1368 1851 1733 1928 approbati;
1781 1869 1900 1910 nec
1938 1851 2082 1912 ideo
2125 1851 2478 1922 dumtaxat,
2535 1852 2702 1928 quod

141 1947 603 2008 revelationem
634 1947 770 2008 sine
797 1965 1007 2008 errore
1035 1947 1426 2019 contineant;
1452 1947 1564 2007 sed
1585 1951 1921 2026 propterea
1946 1947 2114 2026 quod
2146 1947 2385 2026 Spiritu
2416 1948 2478 2007 S.
2511 1945 2704 2027 inspi-

140 2049 327 2105 rante
371 2044 713 2122 conscripti
753 2046 957 2104 Deum
1009 2044 1245 2104 habent
1282 2047 1640 2114 auctorem,
1689 2047 1878 2122 atque
1922 2049 1992 2106 ut
2031 2046 2188 2105 tales
2233 2044 2354 2122 ipsi
2390 2046 2704 2108 Ecclesiae

142 2141 364 2202 traditi
395 2145 542 2202 sunt
570 2165 599 2196 »
629 2139 835 2220 (Cone.
874 2142 1061 2202 Vatic.
1095 2159 1249 2202 sess,
1280 2143 1338 2200 3.
1370 2141 1637 2201 Constit.
1668 2141 1746 2200 de
1772 2141 1895 2200 fide
1922 2158 2022 2220 cp.
2054 2137 2114 2218 2)
2147 2158 2160 2200 :
2190 2159 2383 2218 quare
2420 2165 2448 2194 «
2479 2143 2532 2201 si
2561 2143 2706 2219 quis

142 2239 212 2298 S.
262 2237 623 2316 Scripturae
665 2239 863 2298 libros
912 2237 1189 2315 integros
1238 2255 1380 2298 cum
1425 2237 1726 2298 omnibus
1777 2239 1910 2298 suis
1958 2239 2280 2316 partibuS,
2331 2242 2520 2316 prout
2561 2239 2705 2300 illos

141 2337 208 2396 S.
248 2334 616 2396 Tridentina
646 2333 935 2412 Synodus
977 2333 1321 2406 recensuit,
1358 2351 1490 2411 pror
1512 2334 1704 2394 sacris
1745 2340 1808 2395 et
1844 2334 2162 2395 canonicis
2195 2353 2321 2396 non
2349 2336 2706 2414 susceperit

143 2437 257 2494 aut
280 2448 393 2492 eos
418 2430 725 2492 divinitus
756 2430 1094 2508 inspiratos
1120 2449 1261 2492 esse
1286 2431 1633 2508 negaverit,
1661 2432 1994 2493 anathema
2021 2431 2106 2492 sit
2135 2453 2176 2486 ».
2201 2430 2269 2510 (1.
2291 2450 2344 2492 c.
2368 2449 2507 2492 can.
2542 2435 2600 2492 3.
2626 2432 2704 2493 de

144 2525 400 2607 revel.).

216 2707 325 2762 His
352 2705 535 2762 verbis
560 2707 759 2761 Patres
782 2703 1039 2760 Vaticani
1064 2703 1349 2776 antiquam
1375 2703 1547 2760 fidem
1575 2703 1814 2760 decretis
1841 2705 2090 2776 priorum
2117 2703 2490 2762 conciliorum
2527 2714 2583 2761 et
2608 2707 2704 2762 SS.

144 2793 485 2850 Pontificum
514 2793 627 2848 iam
658 2792 1003 2848 enuntiatam
1032 2792 1345 2862 expressius
1370 2791 1742 2864 disertiusque
1767 2800 1960 2849 contra
1991 2808 2166 2850 novos
2191 2809 2410 2850 errores
2437 2792 2707 2850 definien-
2799 2790 2806 2796 ’

141 2891 231 2938 tes
254 2881 645 2949 declararunt,
670 2897 771 2936 cur
794 2880 952 2936 libris
976 2879 1089 2935 illis
1104 2921 1118 2948 ,
1142 2895 1283 2950 quos
1312 2881 1485 2936 Cone.
1516 2878 1672 2936 Trid.
1705 2895 1806 2952 pro
1828 2881 2000 2936 sacris
2019 2889 2076 2936 et
2102 2881 2386 2938 canonicis
2408 2879 2707 2952 suscipien-

140 2970 251 3027 dos
278 2983 401 3026 esse
418 2968 717 3036 docuerat,
744 2967 945 3038 duplex
976 2966 1069 3023 hic
1096 2966 1390 3024 character
1412 2975 1786 3039 competeret,
1811 2971 1874 3022 ut
1897 2967 2168 3041 dignitate
2189 2984 2306 3025 non
2331 2969 2514 3024 minus
2540 2984 2706 3040 quam

208 3157 279 3219 (1)
306 3155 553 3205 Doctrina
582 3152 648 3202 de
675 3152 1029 3218 inspirationis
1053 3152 1435 3216 scripturarum
1472 3151 1716 3211 veritate,
1749 3155 1962 3210 natura,
1993 3152 2296 3202 extensione
2331 3152 2386 3202 in
2423 3151 2708 3216 dogmatica

141 3235 359 3300 quidem
382 3233 634 3296 theologia
662 3233 773 3282 iure
796 3231 979 3282 merito
1004 3245 1155 3282 suum
1176 3231 1273 3282 sibi
1300 3231 1530 3282 vindicat
1555 3231 1742 3288 locum,
1765 3234 1920 3296 atque
1945 3245 2048 3280 non
2076 3233 2280 3282 tantum
2306 3231 2592 3295 antiquitus
2619 3231 2710 3282 sed

143 3315 305 3366 hodie
329 3325 584 3377 quoquea
612 3311 894 3374 theologIae
916 3310 1229 3374 dogmaticae
1256 3310 1552 3370 lectoribus,
1583 3309 1773 3374 quibus
1799 3310 1864 3360 de
1890 3308 2094 3360 divinae
2125 3310 2452 3362 revelationis
2479 3310 2712 3360 sontibus

141 3393 399 3460 agendum
426 3395 521 3452 est,
552 3391 855 3456 plerumque
882 3391 1155 3456 exponitur
1176 3389 1269 3454 (ct'r
1291 3403 1371 3440 ex.
1402 3403 1476 3450 gr.
1502 3403 1564 3438 ex
1595 3388 1961 3438 recentissimis
1991 3405 2002 3436 :
2035 3392 2152 3440 Em.
2183 3390 2479 3440 Franzelin
2503 3391 2576 3438 De
2605 3389 2707 3438 div.

140 3472 342 3525 Tradit.
380 3475 431 3520 et
467 3469 654 3534 script.
689 3469 779 3520 Ed.
807 3477 855 3521 2.
890 3472 1080 3520 Romae
1121 3475 1242 3519 1875
1273 3483 1325 3532 p.
1361 3475 1451 3520 312
1490 3481 1624 3533 sqq„
1655 3471 1768 3518 Em.
1802 3469 2068 3518 Mazzella
2103 3471 2174 3518 De
2202 3467 2380 3518 virtut.
2419 3468 2575 3519 intus.
2613 3467 2708 3518 Ed.

143 3561 195 3604 2.
235 3555 439 3602 Romae·
467 3553 587 3599 1879
622 3563 669 3612 p.
704 3555 793 3598 507
833 3563 963 3612 sqq„
1001 3551 1045 3598 1.
1078 3551 1155 3600 M.
1197 3547 1468 3599 Scheeben
1502 3546 1787 3597 Handbuch
1833 3547 1924 3598 der
1969 3547 2254 3610 Dogmatik.
2301 3547 2548 3610 Freiburg
2595 3551 2710 3597 1873

140 3637 185 3683 1.
214 3647 263 3695 p.
306 3635 394 3680 109
421 3643 555 3694 sqq..
597 3631 640 3678 1.
660 3631 725 3678 B.
752 3628 1019 3678 Heinrich
1044 3630 1276 3690 Dogmat.
1303 3627 1591 3689 Theologie.
1623 3626 1790 3676 Mainz
1823 3630 1959 3676 1878.
1985 3631 2025 3678 1.
2057 3641 2105 3692 p.
2135 3631 2226 3678 738
2247 3641 2382 3692 sqq.,
2403 3631 2470 3678 Η.
2504 3629 2716 3678 Hurter

141 3717 200 3766 S.
216 3715 259 3764 1.
290 3707 563 3774 compend.
597 3707 753 3757 theol.
780 3708 999 3769 dogmat.
1026 3708 1121 3757 Ed.
1150 3712 1197 3758 ⁴.
1230 3707 1517 3770 Oeniponte
1553 3710 1690 3756 1883.
1722 3707 1763 3755 1.
1793 3719 1843 3770 p.
1878 3710 1968 3756 156
1991 3719 2124 3771 sqq.,
2157 3709 2226 3758 H.
2257 3707 2495 3769 The-oph.
2527 3707 2710 3756 Simar

140 3789 333 3844 Lebrb.
368 3790 463 3840 der
490 3791 721 3850 Dogmat.
762 3785 1007 3849 Freiburg
1048 3791 1183 3837 1880.
1216 3799 1265 3849 p.
1298 3790 1327 3835 8
1366 3799 1479 3849 sqq.
1515 3785 1658 3848 etc.).
1694 3787 1752 3834 In
1777 3783 1915 3834 baud
1944 3785 2121 3849 paucis
2144 3789 2318 3835 tamen
2351 3783 2629 3835 academiis
2659 3789 2714 3836 et

142 3869 436 3924 seminariis
466 3865 821 3918 ecclesiasticis
858 3864 1151 3928 nuperrime
1180 3878 1306 3915 usus
1334 3864 1576 3924 invaluit,
1603 3867 1666 3914 ut
1693 3865 1746 3914 S.
1777 3864 2068 3927 scripturae
2096 3863 2373 3914 lectoribus
2400 3864 2526 3914 baec
2551 3875 2712 3926 quae-

140 3952 251 4003 stio
278 3947 673 4011 relinqueretur,
696 3945 789 4011 qui
816 3957 927 3994 eam
950 3957 1069 3994 cum
1092 3943 1209 3994 aliis
1234 3944 1301 3995 ad
1320 3943 1762 3994 Introductionem
1781 3941 1987 4008 proprie
2014 3942 2398 4007 pertinentibus
2426 3945 2712 3994 tractarent

140 4027 573 4091 auditoribusque
609 4025 717 4075 suis
758 4026 1081 4088 exponerent.
1116 4026 1433 4088 Quapropter
1466 4023 1748 4074 amicorum
1787 4021 2184 4082 nonnullorum,
2219 4021 2309 4087 qui
2343 4023 2442 4072 hoc
2472 4035 2708 4086 compen·

141 4110 296 4160 dium
323 4107 379 4158 in
407 4105 515 4157 suis
536 4102 961 4170 praelectionibus
994 4103 1141 4166 sequi
1168 4107 1475 4167 coeperunt,
1505 4103 1643 4154 votis
1680 4103 1956 4154 obsecutus
1983 4103 2254 4168 praecipua
2281 4101 2344 4154 de
2371 4101 2710 4165 inspiratione

140 4187 317 4254 capita
338 4182 756 4236 commentariolo
784 4181 1262 4246 comprehendenda
1285 4183 1621 4249 addendaque
1648 4181 1792 4232 duxi.
1824 4183 1884 4230 In
1907 4193 2012 4245 quo
2043 4180 2398 4232 concinnando
2422 4181 2577 4232 duces
2602 4182 2710 4232 sere

144 4270 362 4320 secutus
387 4277 503 4314 sum
534 4261 747 4312 eximios
783 4261 1072 4325 theologos,
1107 4275 1237 4327 quos
1274 4262 1503 4326 proxime
1537 4261 1824 4320 nominavi3
1860 4264 2058 4322 praeter
2081 4275 2212 4325 quos
2251 4275 2312 4311 ex
2343 4259 2710 4311 recentissimis

144 4345 377 4400 conferri
398 4345 663 4392 merentur
686 4343 729 4390 1.
762 4341 1027 4403 Klautyen
1056 4343 1108 4392 S.
1132 4343 1170 4391 Ι.
1202 4341 1473 4405 Theologie
1500 4341 1596 4392 der
1621 4339 1829 4390 Vorzeit
1852 4339 1948 4390 Ed.
1981 4346 2029 4390 2.
2061 4343 2292 4391 munster
2319 4343 2455 4390 1887.
2489 4342 2529 4390 1.
2563 4354 2615 4404 p.
2646 4343 2708 4390 48

144 4441 287 4493 sqq.;
314 4421 557 4474 eiusdem
580 4425 634 4471 P.
656 4419 815 4469 Lessii
837 4419 899 4470 de
926 4419 1101 4470 divina
1126 4419 1353 4486 inspirat.
1380 4421 1620 4472 doctrina
1642 4420 1901 4470 illustrata
1919 4421 1972 4469 et
1992 4419 2272 4483 ponderata
2295 4419 2367 4472 (in
2395 4422 2454 4470 G.
2477 4418 2708 4469 schnee-

148 4519 323 4559 mmm
353 4503 466 4554 SJ.
493 4503 741 4551 controv.
772 4496 837 4548 de
865 4497 971 4550 div.
1002 4501 1129 4561 grat.
1156 4499 1391 4564 Friburgi
1426 4503 1560 4553 1881.
1587 4515 1634 4564 p.
1670 4504 1760 4550 465
1793 4500 1948 4562 sqq.)‚
1981 4511 2040 4548 ac
2064 4498 2336 4562 praecipue
2363 4501 2455 4548 Fr.
2490 4498 2708 4548 schmitt

144 4589 213 4640 de
234 4581 591 4648 inspirationis
614 4578 897 4630 Bibliorum
918 4579 971 4628 vi
999 4581 1051 4629 et
1074 4580 1292 4632 ratione.
1312 4581 1548 4630 Brixinae
1571 4583 1708 4630 1885.
1732 4605 1794 4616 -
1813 4578 2092 4629 Historiam
2117 4576 2380 4629 doctrinae
2402 4575 2466 4628 de
2487 4577 2710 4642 inspira-

146 4669 293 4720 tione
314 4663 491 4716 narrat
518 4664 579 4712 Ρ.
611 4657 834 4710 Dausclt
858 4657 945 4710 die
972 4655 1486 4725 Solu-istiuspiration.
1516 4659 1762 4724 Freiburg
1791 4662 1931 4712 1891.

1385 4743 1476 4790 628
