3050 5184
338 314 457 373 380
537 330 610 374 ΒΕ
648 330 785 373 var.
836 330 1089 374 rasum.
1121 294 1313 375 uatus
1345 330 1744 375 PROPERTICIS.
1777 346 1856 357 --
1884 327 2014 374 cAP.
2046 328 2111 371 ιι.
2147 326 2222 371 na
2261 322 2592 369 Paomis-rm
2633 320 2829 364 isaias.

582 462 883 517 resistentis
909 461 967 517 in
994 462 1321 517 memoriam
1358 477 1626 517 revocans
1654 462 1837 517 Deum
1865 468 2076 527 exorat,
2111 467 2171 513 ut
2203 457 2350 513 hanc
2387 455 2620 528 gloriam
2653 452 2836 508 nihilo-

583 550 762 605 minus
790 552 994 621 populo
1014 548 1279 605 concedat
1301 550 1786 621 (63‚1-64,11);-
1812 548 1871 604 in
1897 550 2156 621 septima
2186 546 2338 601 Deus
2365 541 2708 615 praecedenti
2736 555 2840 610 pre·

582 637 782 692 cationi
807 637 1105 708 respondet
1125 638 1260 707 (65,1
1276 638 1407 707 ·25).

408 728 625 781 Octava
651 726 938 797 (66.1-24),
968 725 1165 781 tertiae
1192 725 1451 782 sectionis
1482 734 1537 781 et
1576 725 1746 781 totius
1773 724 1902 781 libri
1929 724 2206 795 epilogus,
2232 735 2511 777 summum
2541 716 2841 791 prophetiae

582 821 974 885 argumentum
1009 812 1407 884 complectitur.
1438 812 1696 869 Externis
1724 812 2056 869 Iudaeorum
2093 809 2290 866 ritibus
2316 808 2536 864 reiectis
2567 807 2718 861 Deus
2749 818 2840 858 no-

583 917 709 955 vum
750 900 854 957 sibi
891 901 1157 972 populum
1196 902 1253 956 in
1285 902 1417 957 Sion
1458 900 1809 972 praeparabit
1840 899 2097 970 (66,1-9);
2128 898 2254 955 ideo
2285 896 2360 969 pii
2389 896 2679 962 laetentur,
2704 890 2842 961 impii

585 987 813 1043 timeant
845 990 1173 1059 (66,10·17);
1202 987 1448 1061 undique
1490 998 1683 1062 gentes
1709 987 1778 1043 ad
1827 1001 2030 1044 novam
2077 986 2376 1042 Ierusalem
2424 989 2713 1039 accurrerit
2749 979 2843 1047 (66,

584 1078 789 1146 18-23),
820 1086 975 1132 extra
1004 1076 1160 1133 cuius
1181 1092 1370 1133 muros
1398 1076 1658 1133 iacebunt
1684 1075 1950 1133 cadavera
1978 1076 2276 1147 impiorum
2305 1072 2524 1143 (6634).

418 1230 475 1285 4.
504 1260 581 1268 -
610 1226 815 1296 Quum
839 1226 919 1286 ob
958 1230 1468 1305 argumentorum
1497 1244 1663 1305 quae
1693 1230 1918 1287 tractat
1950 1225 2316 1286 varietatem
2354 1228 2490 1283 tum
2522 1221 2604 1281 ob
2643 1217 2846 1279 vatici-

337 1323 586 1382 niorum
630 1322 1145 1384 messianicorum
1178 1324 1526 1384 claritatem
1567 1327 1752 1403 atque
1781 1323 1862 1385 ob
1903 1322 2052 1401 styli
2082 1318 2619 1399 pulchritudinem
2651 1319 2715 1376 et
2753 1331 2847 1374 su-

340 1418 715 1481 blimitatem
744 1421 918 1481 velut
947 1420 1237 1498 princeps
1263 1419 1714 1498 prophetarum
1746 1420 1974 1481 merito
2003 1419 2354 1479 celebratur
2377 1416 2591 1477 isaias,

409 1552 433 1581 α
466 1535 728 1603 Magnum
765 1540 821 1588 et
860 1532 1241 1589 admirabilem
1274 1554 1299 1583 n
1339 1542 1433 1588 aut
1478 1552 1505 1585 α
1547 1532 1794 1589 divinum
1833 1553 1859 1585 n
1900 1533 2072 1587 immo
2105 1552 2131 1582 α
2159 1529 2462 1586 maximum
2503 1535 2560 1583 et
2597 1523 2849 1582 divinissi-

336 1634 487 1675 mum
518 1641 544 1673 n
578 1620 905 1692 prophetam
933 1637 1061 1677 eum
1089 1621 1435 1693 appellarunt
1459 1621 1748 1677 Eusebius
1777 1623 1958 1687 (Dem.
1987 1634 2178 1691 evang.
2211 1619 2286 1674 Π.
2316 1625 2380 1687 4;
2411 1618 2478 1671 V.
2509 1622 2566 1681 4)
2591 1624 2649 1670 et
2684 1614 2849 1668 Theo-

336 1707 573 1765 doretus
597 1708 672 1776 (in
701 1710 773 1764 Is,
803 1709 1079 1780 Prooem.)
1098 1752 1113 1779 ,
1150 1730 1177 1760 α
1206 1708 1870 1782 magniloquentissimum
1891 1728 1916 1760 n
1950 1710 2009 1765 S.
2045 1707 2377 1780 Greyorius.
2411 1708 2560 1760 Naz.
2595 1707 2719 1770 (Or.
2749 1700 2848 1769 43)

334 1803 390 1850 et
430 1795 487 1851 S.
520 1796 963 1866 chrysostomus
1006 1797 1079 1863 (in
1115 1796 1257 1852 Gen.
1288 1796 1445 1852 hom.
1476 1796 1563 1867 8);
1593 1800 1690 1853 SS.
1731 1795 1990 1865 cyrillus
2023 1800 2090 1851 A.
2125 1795 2200 1861 (in
2243 1796 2314 1849 Is·
2341 1791 2626 1863 Prooem.)
2657 1798 2849 1852 autem,

335 1884 393 1939 S.
436 1886 822 1953 Hieronymus
861 1884 938 1951 (in
974 1885 1048 1940 Is.
1078 1886 1272 1953 Prol.)‚
1304 1886 1360 1942 S.
1394 1886 1762 1957 Auqustinus
1787 1884 1922 1951 (Civ.
1955 1883 2056 1939 Dei
2078 1883 2292 1938 XVIII.
2323 1882 2408 1952 29)
2436 1896 2564 1935 eum
2595 1874 2848 1950 evangeli-

334 1979 475 2027 stam
504 1980 560 2026 et
586 1972 899 2042 apostolum
927 1973 1136 2044 potius,
1165 1988 1332 2044 quam
1360 1973 1712 2044 prophetam,
1741 1970 2129 2044 appellandum
2159 1970 2436 2033 dixerunt,
2467 1968 2596 2039 quia
2627 1980 2852 2037 evange-

334 2058 468 2115 licae
506 2059 924 2129 praedicationis
960 2059 1251 2131 splendore
1282 2060 1535 2116 vaticinia
1581 2074 1680 2116 sua
1723 2068 2063 2115 exornasset.
2119 2056 2396 2115 Similibus
2437 2053 2699 2111 laudibus
2737 2066 2852 2108 eum

332 2146 681 2203 celebrarunt
714 2148 960 2203 iuniores
1000 2147 1330 2218 interpretes
1371 2163 1565 2204 omnes
1579 2188 1594 2215 ,
1618 2148 1763 2223 inter
1791 2162 1929 2219 quos
1965 2146 2137 2218 aliqui
2163 2161 2293 2201 eum
2328 2142 2588 2199 omnibus
2626 2138 2851 2197 oratori—

335 2234 435 2290 bus
474 2244 529 2291 et
558 2235 830 2291 historicis
868 2244 921 2290 et
959 2236 1133 2307 poetis
1162 2235 1325 2291 fuisse
1366 2236 1704 2308 graviorem,
1738 2235 2100 2303 ornatiorem,
2131 2232 2537 2301 sublimiorem,
2568 2227 2852 2286 iucundio-

332 2337 447 2377 rem
486 2331 736 2392 censent,
764 2332 827 2378 ut
870 2322 916 2378 si
954 2323 1121 2378 latine
1146 2324 1477 2394 scripsisset,
1510 2324 1870 2391 Latinorum,
1900 2322 1947 2377 si
1981 2338 2204 2395 graece,
2242 2322 2588 2377 Graecorum
2618 2317 2850 2373 omnium

332 2410 564 2482 gloriam
608 2410 951 2465 obscurasset
992 2410 1092 2475 (cfr
1131 2412 1329 2467 Sanot.
1374 2412 1433 2467 in
1462 2413 1537 2468 Is.
1569 2413 1824 2467 Prooem.
1874 2415 2006 2477 la).
2043 2412 2194 2465 Inter
2241 2424 2426 2465 sacros
2459 2408 2782 2478 scriptores,
2811 2402 2852 2457 si

318 2498 637 2561 ,oratoriam
666 2506 841 2554 artem
869 2497 1131 2567 attendiS,
1163 2500 1313 2556 solus
1339 2500 1391 2555 ei
1420 2499 1716 2571 Apostolus
1739 2499 2000 2556 Gentium
2023 2498 2334 2569 comparari
2360 2504 2558 2568 potest.

584 2703 706 2785 §6.
735 2740 823 2750 —
849 2704 945 2767 De
974 2702 1374 2769 auctoritate
1400 2714 1465 2768 et
1484 2700 1837 2768 authentia
1859 2700 2332 2768 vaticiniorum
2363 2697 2605 2765 Isaiae.

410 2913 467 2970 1.
498 2944 579 2957 -
604 2911 827 2973 Divina
857 2917 1185 2974 auctoritas
1220 2914 1661 2974 vaticiniorum
1699 2913 1892 2973 Isaiae
1940 2912 2228 2991 plurimis
2275 2911 2430 2972 Novi
2473 2912 2645 2971 Test.
2690 2908 2851 2969 testi-

334 3010 561 3068 moniis
594 3010 679 3069 ita
708 3010 1197 3084 demonstratur,
1227 3014 1296 3070 ut
1319 3010 1443 3069 alia
1467 3015 1836 3087 argumenta
1863 3010 2084 3070 afferre
2114 3009 2505 3086 superfluum
2533 3007 2643 3067 sit.

398 3120 627 3176 Circiter
653 3123 1014 3195 quinquagies
1034 3139 1066 3178 a
1084 3122 1451 3195 Dominoipso
1472 3130 1529 3177 et
1547 3122 1618 3179 ab
1641 3127 1686 3178 Α
1690 3124 1923 3193 postolis
1941 3121 2106 3178 verba
2125 3122 2299 3177 Isaiae
2328 3130 2581 3177 accurate
2612 3121 2848 3193 allegan-

326 3216 437 3275 tur,
462 3216 519 3263 οι
546 3208 667 3278 plus
697 3224 863 3279 quam
892 3209 1223 3280 quadragies
1251 3210 1508 3266 liberiore
1533 3209 1718 3266 modo.
1748 3210 2121 3282 Allegationes
2144 3218 2332 3265 autem
2355 3224 2423 3265 ex
2447 3208 2709 3265 omnibus
2736 3206 2850 3263 libri

326 3294 573 3364 partibus
601 3295 673 3350 ita
699 3306 827 3351 sunt
855 3297 1168 3366 desumtae‚
1197 3307 1259 3353 ut
1287 3300 1565 3369 integrum
1595 3314 1732 3368 opus
1759 3298 2088 3354 testimoniis
2110 3299 2252 3353 Novi
2274 3299 2424 3354 Test.
2457 3296 2706 3353 divinum
2729 3310 2850 3367 pro-

325 3380 444 3436 bari
468 3381 665 3438 merito
692 3382 922 3439 dicatur.
954 3387 1211 3441 Ceterum
1241 3386 1349 3441 iam
1384 3385 1798 3441 Ecclesiasticus
1834 3386 2130 3458 (48‚25-28)
2161 3394 2340 3441 totum
2373 3400 2511 3457 opus
2535 3386 2692 3440 velut
2718 3382 2850 3440 divi·

328 3484 459 3523 num
485 3485 619 3540 prae
645 3471 816 3526 oculis
846 3471 1064 3542 habuit,
1098 3473 1319 3545 quando
1348 3474 1548 3528 Isaiam
1587 3474 1798 3529 vocavit
1831 3494 1857 3524 α
1889 3475 2217 3544 prophetam
2241 3488 2505 3545 magnum
2551 3481 2609 3527 et
2639 3470 2850 3529 fidelem

326 3556 383 3611 in
410 3566 705 3627 conspectu
736 3559 958 3614 Domini
988 3580 1013 3611 υ
1033 3600 1048 3625 ,
1076 3560 1173 3631 qui
1212 3581 1237 3611 a
1270 3561 1467 3632 spiritu
1492 3576 1695 3633 magno
1734 3560 1869 3616 vidit
1895 3562 2088 3617 ultima
2117 3570 2174 3617 et
2205 3561 2522 3616 consolatus
2549 3570 2639 3616 est
2666 3560 2850 3633 lugen-

326 3652 408 3699 tes
434 3645 491 3699 in
514 3644 672 3713 Sion,
705 3662 877 3718 usque
902 3648 963 3703 in
988 3647 1385 3719 sempiternum
1422 3647 1661 3704 ostendit
1688 3648 1868 3704 sutura
1895 3657 1950 3704 et
1977 3647 2292 3705 abscondita
2309 3691 2324 3718 ,
2350 3655 2654 3720 antequam
2681 3646 2850 3705 eveni-

326 3741 451 3788 rent
479 3753 528 3787 ».
559 3734 765 3789 Mirum
800 3734 967 3807 igitur
1005 3751 1120 3791 non
1148 3744 1259 3805 est,
1294 3734 1444 3807 quod
1470 3752 1584 3791 una
1611 3752 1738 3791 eum
1767 3736 2146 3792 Pentateucho
2191 3745 2246 3792 et
2289 3734 2558 3793 Psalterio
2601 3735 2847 3792 vaticinia

328 3821 500 3875 Isaiae
530 3821 807 3893 praecipui
845 3823 955 3877 sint
986 3822 1191 3892 sontes,
1224 3838 1291 3877 ex
1319 3823 1517 3894 quibus
1546 3825 1737 3879 Patres
1763 3824 2050 3894 apostolici
2085 3832 2140 3879 et
2171 3824 2504 3880 recentiores
2531 3829 2848 3897 argumenta

232 3952 237 3961 .
327 3908 541 3963 Veteris
566 3911 714 3963 Toet.
750 3908 1069 3965 hauserunt.

403 4062 462 4119 2.
492 4092 571 4101 —
601 4059 799 4119 Iidem
820 4064 1110 4121 auctores
1136 4065 1370 4130 autem,
1399 4062 1506 4138 qui
1526 4062 1846 4121 vaticiniis
1864 4061 1964 4121 his
1991 4062 2088 4123 usi
2113 4067 2288 4137 sunt,
2314 4062 2423 4123 illa
2445 4064 2638 4123 etiam
2659 4061 2848 4123 Isaiae

326 4154 457 4214 filio
502 4156 691 4215 Amos
738 4155 977 4217 auctori
1022 4156 1474 4231 attribuerunt;
1510 4158 1623 4218 sed
1667 4158 1743 4219 ab
1792 4163 2058 4219 exeunte
2089 4176 2251 4219 saec.
2293 4162 2389 4220 18.
2426 4158 2845 4219 rationalistae

325 4248 483 4309 hanc
510 4251 772 4327 gloriam
808 4252 999 4312 Isaiae
1028 4269 1255 4330 negare
1286 4260 1662 4331 coeperunt,
1695 4254 1782 4315 ita
1812 4258 1909 4325 ut,
1943 4256 1996 4314 si
2027 4256 2120 4315 eis
2161 4255 2319 4316 fides
2359 4260 2554 4327 esset,
2589 4254 2846 4315 minima

327 4362 469 4423 pars
498 4347 966 4423 vaticiniorum,
994 4365 1154 4426 quae
1185 4348 1371 4409 hodie
1404 4351 1468 4408 in
1503 4351 1638 4410 eius
1667 4352 1830 4410 libro
1873 4351 2183 4429 leguntur,
2221 4352 2299 4411 ab
2329 4352 2470 4429 ipso
2505 4356 2672 4412 esset
2707 4366 2843 4429 pro-

328 4441 507 4500 secta.

395 4553 609 4609 Primus
639 4558 686 4611 I.
730 4560 799 4611 B.
844 4560 1051 4629 Koppe
1083 4558 1155 4630 (a.
1195 4560 1373 4629 1779.)
1402 4559 1580 4615 levem
1613 4557 2011 4617 dubitationem
2055 4561 2124 4617 de
2151 4561 2434 4619 authentia
2464 4580 2514 4619 c.
2556 4569 2644 4619 50.
2677 4559 2842 4617 movit

326 4655 438 4695 non
476 4642 808 4712 suspicatus,
842 4660 951 4716 quo
988 4646 1258 4701 sententia
1296 4662 1393 4701 sua
1440 4647 1577 4703 alios
1603 4656 1746 4703 esset
1786 4647 2152 4719 adducturus3
2186 4651 2372 4706 statim
2417 4652 2564 4707 enim
2591 4649 2728 4707 alius
2757 4649 2839 4703 in-
