3050 5184
382 264 509 362 660
1542 327 1741 371 mnu.

797 460 828 524 §
860 463 942 512 12.
971 459 1055 514 De
1083 457 1313 529 epistola
1354 457 1426 514 ad
1462 458 1846 514 Philemonem
1861 497 2736 517 .............
2814 461 2924 510 567
3016 469 3017 512 1

794 548 824 614 5
856 550 941 600 13.
967 547 1053 602 De
1080 545 1307 616 epistola
1338 545 1408 601 ad
1435 545 1724 602 Hebraeos
1736 587 2731 604 ...............
2814 549 2926 598 568

831 635 936 688 111.
962 637 1047 689 De
1076 633 1318 705 epistolis
1349 633 1717 705 pastoralibus
1729 675 2300 693 .........
2315 659 2322 666 ·
2353 675 2726 690 ......
2809 639 2924 687 575

792 723 825 787 5
858 726 939 774 14.
969 723 1054 777 De
1080 721 1438 792 epistolarum
1466 721 1828 792 pastoralium
1858 721 2140 777 authentia
2151 761 2730 776 .........
2807 725 2922 774 575

790 811 822 876 §
858 813 942 864 15.
969 810 1053 865 De
1081 809 1311 880 epistola
1342 809 1413 864 ad
1440 811 1628 865 Titum
1642 849 2729 867 ................
2809 813 2916 862 577

787 899 821 962 §
853 900 935 950 16.
965 898 1047 952 De
1078 894 1294 952 duabus
1322 897 1564 968 epistolis
1594 897 1665 952 ad
1697 895 2052 952 Timotheum
2066 937 2730 952 ..........
2809 901 2918 950 579

789 987 820 1050 §
852 989 937 1038 17.
966 987 1049 1039 De
1071 985 1381 1056 praecipuis
1409 984 1822 1040 commentariis
1851 982 2001 1040 cath.
2029 983 2088 1038 in
2119 985 2378 1056 epistolas
2405 979 2734 1055 paulinas..
2810 989 2910 1038 582
3016 1009 3017 1066 3

591 1107 791 1176 Caput
824 1109 926 1161 ΙΙΙ.
954 1110 1040 1163 De
1067 1107 1315 1178 epistolis
1342 1107 1629 1163 catholicis
1642 1147 2729 1164 ................
2808 1112 2908 1161 584

786 1197 817 1261 §
848 1200 933 1249 18.
963 1196 1047 1250 De
1074 1195 1427 1266 epistolarum
1457 1195 1860 1250 catholicarum
1887 1195 2109 1250 nomine
2138 1203 2195 1250 et
2223 1193 2442 1250 ordine.
2489 1238 2500 1248 .
2563 1237 2576 1248 .
2639 1235 2654 1247 .
2713 1236 2727 1248 .
2807 1199 2906 1250 584
3016 1221 3017 1258 3

782 1285 815 1350 §
847 1287 929 1337 19.
958 1285 1041 1338 De
1071 1283 1303 1354 epistola
1332 1283 1602 1338 catholica
1639 1285 1702 1337 B.
1736 1282 1924 1338 Iacobi
1953 1281 2202 1354 Apostoli
2217 1323 2728 1338 ........
2811 1288 2906 1336 585

783 1372 816 1437 §
845 1375 930 1426 20.
959 1372 1046 1427 De
1074 1370 1289 1427 duabus
1316 1371 1560 1442 epistolis
1585 1373 1648 1425 B.
1684 1370 1832 1425 Petri
1869 1371 2122 1442 Apostoli
2135 1411 2734 1425 .........
2805 1376 2905 1424 590
3016 1409 3017 1414 1

788 1461 819 1525 §
843 1465 932 1514 21.
961 1461 1047 1514 De
1076 1459 1303 1530 epistola
1336 1458 1609 1514 catholica
1639 1460 1701 1513 B.
1741 1456 1912 1513 Iudae
1939 1459 2192 1529 Apostoli
2206 1499 2729 1513 ........
2799 1463 2897 1512 599

784 1549 815 1614 §
843 1551 929 1601 22.
958 1547 1043 1602 De
1068 1545 1243 1602 tribus
1271 1548 1327 1603 S.
1362 1547 1583 1602 Ioannis
1612 1545 1863 1616 Apostoli
1891 1546 2135 1616 epistolis
2147 1586 2728 1600 .........
2804 1551 2886 1600 601

784 1637 815 1702 §
840 1640 930 1690 23.
960 1637 1045 1688 De
1075 1633 1387 1706 praecipuis
1416 1634 1826 1689 commentariis
1855 1631 2002 1689 cath.
2034 1633 2092 1688 in
2120 1633 2378 1704 epistolas
2401 1632 2733 1689 catholicas,
2808 1638 2898 1688 605

398 1753 818 1812 D1ssnnuno
851 1771 941 1813 11.
966 1761 1054 1813 De
1080 1758 1233 1812 Novi
1265 1760 1415 1812 Test.
1450 1756 1604 1811 libro
1637 1755 1978 1828 prophetico
1992 1796 2724 1813 ...........
2809 1762 2906 1810 607

960 1847 1047 1898 De
1073 1844 1434 1916 Apocalypsi
1461 1846 1530 1898 B.
1563 1845 1802 1898 Ioannis
1830 1842 2106 1915 Apostoli
2110 1883 2722 1901 ..........
2805 1849 2904 1898 607
3016 1831 3017 1834 “

822 1935 853 2000 §
884 1937 934 1986 1.
959 1934 1044 1988 De
1073 1932 1476 2004 Apocalypseos
1505 1931 1718 2003 origine
1740 1930 2038 2002 apostolica
2066 1939 2120 1985 et
2150 1929 2332 1986 divina
2347 1971 2722 1986 ......
2805 1938 2905 1986 607

820 2023 851 2087 §
876 2025 930 2074 2.
959 2022 1043 2075 De
1075 2019 1194 2075 eius
1222 2019 1546 2075 charactere
1575 2019 1926 2090 prophetico,
1961 2027 2317 2090 argumento,
2351 2017 2571 2074 ordine.
2635 2067 2648 2077 .
2709 2061 2724 2074 .
2803 2025 2900 2075 612

820 2111 851 2175 §
879 2113 925 2162 3.
957 2110 1041 2164 Βο
1071 2109 1187 2163 eius
1213 2107 1324 2162 fine
1354 2115 1409 2162 et
1436 2107 1674 2161 utilitate
1681 2147 2723 2162 ................
2805 2113 2902 2162 617

819 2200 850 2263 §
879 2201 932 2250 4.
959 2197 1042 2252 De
1071 2195 1380 2267 praecipuis
1406 2195 1819 2250 commentariis
1833 2192 1998 2249 cath.
2037 2195 2097 2249 in
2125 2194 2508 2266 Apocalypsin.
2561 2236 2576 2249 .
2637 2236 2652 2248 .
2712 2237 2726 2250 .
2805 2201 2904 2250 619

485 2359 919 2426 APPEchEs
932 2407 2218 2428 ...................
2233 2348 2258 2360 ‘
2275 2407 2726 2426 .......
2803 2376 2890 2426 021

789 2511 835 2564 1.
874 2510 960 2563 De
994 2508 1353 2580 inspiratione
1389 2507 1658 2564 librorum
1697 2523 1980 2565 sacrorum
1991 2547 2723 2574 ...........
2805 2521 2898 2570 6:³3

752 2599 827 2652 II.
868 2598 1263 2669 Fragmentum
1302 2596 1744 2652 muratorianum
1783 2639 2724 2662 ..............
2803 2610 2896 2658 637

732 2681 834 2735 111.
874 2681 1183 2752 Alphabeta
1236 2685 1483 2742 semitica
1501 2725 2723 2748 ..................
2803 2697 2889 2746 641

731 2770 827 2824 IV.
872 2769 1089 2824 Codicis
1117 2769 1431 2843 babylonici
1457 2773 1737 2842 specimen
1785 2813 2722 2837 ..............
2802 2785 2893 2836 642

757 2857 825 2911 V.
869 2857 1084 2912 Codicis
1109 2858 1343 2912 vaticani
1382 2859 1660 2926 specimen
1712 2902 2718 2925 ...............
2799 2873 2892 2922 643

734 2945 830 3000 VI.
873 2960 933 2999 a.
972 2944 1196 3000 Codicis
1224 2945 1455 3002 sinaitici
1484 2947 1764 3018 specimen
1793 2990 2572 3009 ............
2629 2961 2646 3011 ’.
2705 2996 2720 3008 .
2799 2961 2890 3008 644

734 3033 832 3086 VI.
878 3031 927 3086 b.
972 3031 1187 3088 Codicis
1214 3033 1560 3090 alexandrini
1589 3035 1866 3106 specimen
1877 3078 2718 3100 .............
2797 3049 2888 3098 644

711 3121 837 3174 Vll.
878 3119 1177 3191 Dispositio
1208 3120 1594 3178 columnarum
1623 3125 1678 3178 in
1715 3123 1868 3195 Orig.
1905 3125 2165 3194 Hexaplis
2208 3168 2717 3185 ........
2796 3136 2892 3185 645

689 3208 843 3263 VIII.
884 3206 1101 3263 Codicis
1129 3209 1376 3265 amiatini
1418 3212 1701 3282 specimen
1713 3253 2647 3274 ..............
2675 3237 2717 3274 x
2795 3225 2891 3272 646

739 3297 843 3351 IX.
883 3295 1097 3352 Codicis
1136 3294 1399 3354 fuldensis
1438 3300 1718 3370 specimen
1725 3335 2714 3363 ...............
2793 3313 2888 3360 647

773 3385 848 3438 X.
891 3383 1261 3458 Chronologia
1292 3401 1485 3458 regum
1516 3387 1654 3444 Iuda
1686 3398 1741 3443 et
1788 3390 1959 3444 Israel
1989 3405 2133 3445 saec.
2173 3397 2226 3446 8.
2259 3399 2315 3446 et
2350 3397 2383 3445 7
2402 3433 2415 3444 .
2492 3433 2506 3446 .
2565 3439 2577 3450 .
2636 3439 2648 3451 .
2705 3439 2717 3450 .
2795 3401 2894 3449 646

746 3473 851 3526 ΙΧ.
891 3472 1261 3546 chronologia
1296 3475 1745 3532 Ptolemaeorum
1776 3486 1830 3532 et
1857 3476 2270 3534 Seleucidarum
2297 3493 2443 3536 saec.
2493 3485 2544 3536 3.
2579 3490 2635 3536 et
2661 3489 2718 3540 2.
2795 3487 2890 3536 640

709 3559 839 3614 XII.
880 3559 1247 3634 Chronologia
1279 3563 1473 3618 aetatis
1502 3565 1838 3635 apostolicae
1843 3605 2698 3627 .............
2793 3577 2890 3624 650
