3050 5184
396 355 476 414 62
527 372 690 416 uisr.
723 373 1004 418 ‘rssx‘ruuu
1032 369 1539 416 rammsmoaun.
1574 387 1652 396 -—
1680 369 1810 414 CAr.
1848 371 1891 412 1.
1926 370 2003 414 nn
2032 371 2228 415 'rsxru
2258 371 2553 415 nnnaxico
2584 371 2728 412 var.
2763 367 2921 410 rasr.

399 499 469 555 ad
500 503 832 571 primitivam
861 502 1157 573 puritatem
1187 515 1447 556 revocare
1481 509 1611 556 sunt
1645 501 1849 556 conati.
1880 502 2031 556 Haec
2060 501 2229 572 igitur
2252 503 2296 556 si
2324 501 2797 565 enarraverimus,
2822 499 2929 552 elu-

398 588 569 658 cebit,
615 606 722 661 qua
765 590 977 646 ratione
1019 588 1322 645 hodiernus
1353 596 1539 644 textus
1580 588 1651 644 sit
1688 585 1957 644 formatus
1994 597 2049 644 et
2088 597 2353 660 quantam
2390 589 2442 643 ei
2486 587 2651 644 fldem
2697 585 2931 643 tribuere

397 675 686 745 possimus.
715 675 950 732 Evidens
981 685 1166 732 autem
1197 685 1308 745 est,
1337 691 1446 732 nos
1481 675 1635 746 loqui
1680 675 1749 731 de
1776 676 1995 732 mendis
2018 677 2249 732 minoris
2274 677 2569 744 momenti,
2602 691 2747 747 quae
2774 673 2931 728 fidem

397 777 728 836 morumque
757 764 1006 836 regulam
1030 781 1143 819 non
1172 765 1480 835 attingunt,
1510 763 1777 834 singulari
1804 763 1951 818 enim
1983 764 2325 834 providentia
2354 779 2453 818 sua
2483 765 2663 819 Deum
2701 763 2881 833 ipsum
2906 775 2933 814 a

399 850 740 921 gravioribus
769 852 1049 907 erroribus
1075 851 1246 906 libros
1269 865 1458 906 sacros
1483 849 1759 906 immunes
1785 866 2139 906 conservasse
2166 852 2277 908 iam
2305 851 2565 908 diximus,

468 941 673 992 Textus
695 947 883 995 autem
903 937 1150 996 hebraici
1173 939 1461 995 historiam
1491 947 1619 1009 apte
1640 937 1697 994 in
1722 937 1965 1010 quinque
1986 938 2244 1010 periodos
2265 938 2677 1006 distribuemus,
2708 949 2935 1009 quarum

399 1025 575 1094 prima
599 1041 629 1080 a
659 1026 928 1083 librorum
957 1026 1165 1098 origine
1207 1025 1279 1082 ad
1311 1026 1539 1081 canonis
1564 1025 1982 1098 palaestinensis
2014 1027 2426 1095 collectionem,
2460 1026 2633 1083 altera
2662 1039 2842 1094 usque
2872 1020 2935 1076 ad

397 1111 912 1168 Thalmudistarum
965 1122 1203 1169 aetatem
1245 1129 1304 1168 se
1343 1111 1619 1182 extendit3
1654 1113 1817 1168 tertia
1860 1112 1931 1172 de
1977 1113 2487 1170 Thalmudistarum
2534 1123 2589 1169 et
2632 1120 2833 1184 quarta
2874 1108 2937 1163 de

401 1199 870 1256 Massoretharum
897 1201 1042 1256 curis
1069 1201 1270 1257 criticis
1294 1200 1436 1256 eirca
1468 1209 1683 1256 textum
1716 1215 1939 1256 sacrum
1968 1211 2169 1274 agunt,
2196 1201 2387 1274 quinta
2412 1217 2442 1256 a
2468 1199 2935 1256 Massoretharum

399 1293 579 1352 aetate
601 1303 774 1358 usque
797 1287 870 1344 ad
897 1297 1117 1345 nostros
1146 1287 1264 1344 dies
1291 1287 1557 1343 decurrit.

477 1429 535 1484 2.
571 1460 649 1472 --
681 1432 850 1488 ANTE
896 1445 1150 1490 cAuoms
1201 1445 1698 1490 PALAas‘rmsasrs
1752 1444 2187 1490 oenmcrioasu
2230 1434 2471 1492 textum
2520 1447 2773 1490 sac-rum
2822 1445 2935 1486 non

397 1523 686 1584 obstante
713 1543 935 1603 magna
961 1524 1316 1603 diligentia,
1349 1542 1471 1602 qua
1499 1526 1915 1601 transcriptus
1945 1529 2069 1592 est,
2098 1524 2265 1587 haud
2292 1526 2505 1604 paucis
2534 1526 2791 1586 mendis
2822 1525 2935 1583 iam

403 1636 542 1680 esse
569 1621 920 1694 foedatum,
953 1623 1136 1682 multi
1176 1620 1408 1682 docent
1442 1622 1566 1681 loci
1600 1621 1913 1697 paralleli,
1948 1622 2056 1698 qui
2099 1623 2187 1682 ita
2218 1623 2383 1682 inter
2417 1641 2485 1684 se
2510 1621 2845 1691 differunt,
2878 1627 2937 1679 ut

398 1715 683 1775 alterutri
715 1717 1119 1778 librariorum
1150 1717 1438 1778 socordia
1465 1721 1573 1777 aut
1600 1717 1954 1795 corrigendi
1980 1718 2243 1778 libidine
2270 1719 2493 1779 mutati
2514 1720 2643 1780 sint
2668 1717 2931 1778 dicendi.

399 1811 639 1872 Clarius
669 1819 884 1873 autem
911 1814 1082 1874 idem
1113 1815 1346 1887 elucet,
1382 1815 1435 1873 si
1459 1814 1793 1874 hebraicus
1826 1819 2033 1874 textus
2053 1815 2490 1888 Pentateuchi‚
2520 1831 2647 1892 quo
2677 1815 2807 1875 iam
2837 1814 2935 1874 diu

398 1911 540 1967 ante
576 1908 838 1968 Esdram
873 1911 969 1969 usi
1007 1915 1152 1970 sunt
1182 1909 1557 1970 Samaritani
1592 1914 1781 1986 atque
1814 1909 2005 1971 hodie
2040 1911 2245 1971 adhuc
2274 1915 2555 1983 utuntur,
2594 1927 2745 1972 cum
2774 1915 2936 1971 textu

403 2001 695 2064 hebraico
723 2004 1096 2066 Iudaeorum
1129 2011 1549 2084 comparatur.
1576 2007 1827 2067 Etenim
1852 2007 1919 2067 in
1940 2007 2234 2067 omnibus
2258 2007 2539 2084 quidem,
2565 2025 2729 2085 quae
2758 2009 2935 2067 fidem

403 2102 466 2157 et
511 2115 718 2160 mores
761 2102 1106 2179 attingunt,
1138 2102 1565 2162 Samaritanus
1601 2103 2039 2163 Pentateuclms
2083 2121 2231 2163 cum
2270 2103 2728 2164 massorethico
2764 2105 2935 2182 plane

402 2199 732 2266 consonat,
766 2201 833 2256 at
856 2197 920 2257 in
945 2197 1296 2258 minoribus
1322 2199 1510 2258 rebus
1547 2199 1697 2258 satis
1726 2199 1959 2258 multae
1992 2203 2137 2258 sunt
2167 2199 2648 2278 discrepantiae,
2678 2215 2935 2278 quarum

405 2291 735 2351 nonnullae
766 2293 1138 2354 ludaeorum
1163 2299 1404 2355 textum
1431 2295 1557 2354 iam
1586 2295 1939 2372 antiquitus
1970 2299 2281 2355 mutatum
2308 2313 2445 2356 esse
2473 2303 2771 2376 arguunt.

471 2403 527 2457 Si
553 2404 907 2460 rationalistis
931 2405 1303 2476 crederemuS,
1336 2405 1589 2462 librarios
1614 2423 1805 2463 omnes
1828 2408 2084 2480 antiquos
2111 2424 2213 2480 pro
2246 2407 2405 2465 libitu
2434 2417 2488 2464 et
2517 2410 2747 2466 arbitrio
2780 2409 2937 2465 libros

400 2505 588 2544 sacros
635 2499 897 2548 tractasse
943 2493 1280 2561 diceremus,
1325 2501 1382 2548 at
1423 2503 1631 2551 temere
1659 2495 1716 2550 id
1746 2502 2026 2564 asserunt;
2054 2496 2189 2568 quin
2218 2496 2383 2552 etiam
2429 2512 2543 2552 non
2572 2499 2819 2564 minore,
2850 2495 2935 2551 sed

403 2577 610 2633 maiore
653 2593 780 2634 cum
817 2581 1204 2650 sollicitudine,
1249 2597 1415 2653 quam
1461 2584 1655 2654 reliqui
1688 2582 1901 2654 populi,
1934 2581 2124 2638 ludaei
2172 2583 2343 2640 libros
2388 2599 2518 2640 suos
2558 2600 2750 2642 saeros
2790 2596 2931 2641 tran-

401 2665 680 2735 scripsisse
729 2669 927 2723 merito
975 2667 1250 2726 dicuntur.
1295 2671 1470 2726 Porro
1518 2671 1781 2742 quoniam
1832 2669 1954 2726 libri
1999 2687 2063 2725 eo
2110 2679 2361 2741 tempore
2388 2689 2419 2728 a
2450 2672 2718 2740 librariis,
2752 2673 2936 2744 quibus

402 2749 660 2810 hebraica
687 2754 873 2827 lingua
903 2753 1004 2811 suit
1026 2757 1340 2824 vernacula,
1367 2757 1631 2828 descripti
1658 2767 1814 2826 sunt,
1838 2773 2054 2814 errores
2084 2757 2293 2813 facilius
2322 2760 2694 2830 evitabantur,
2727 2759 2935 2816 admissi

401 2839 560 2896 citius
591 2841 990 2914 detegebantur
1016 2852 1073 2900 et
1117 2845 1360 2901 securius
1388 2845 1835 2916 corrigebantur;
1869 2845 2063 2901 aderat
2110 2862 2331 2918 quoque
2368 2847 2427 2902 in
2470 2850 2713 2903 sacrario
2756 2851 2935 2904 Penta·

404 2927 632 2983 teuchus
660 2945 690 2984 a
721 2933 910 3002 Moyse
945 2931 1066 3002 ipso
1107 2940 1366 2988 exaratus
1393 2941 1561 3002 atque
1590 2933 1730 2988 forte
1773 2932 1939 2987 etiam
1982 2934 2375 2989 nonnullorum
2404 2935 2639 2990 aliorum
2676 2935 2933 2992 librorum

403 3017 778 3087 autographa,
799 3017 872 3072 ad
901 3035 1136 3089 quorum
1164 3035 1418 3074 normam
1447 3035 1590 3075 nova
1620 3019 1955 3091 exemplaria
1982 3020 2402 3077 revocabantur.
2450 3023 2751 3080 Graviores
2784 3023 2935 3094 igitur

402 3117 637 3172 erroreS,
671 3106 772 3159 etsi
801 3121 832 3160 a
857 3107 1078 3176 speciali
1103 3105 1206 3162 Dei
1234 3105 1577 3178 providentia
1600 3106 2004 3178 abstrahamuS,
2032 3123 2099 3164 eo
2128 3117 2379 3180 tempore
2399 3111 2456 3164 in
2485 3118 2697 3166 textum
2730 3125 2932 3167 sacrum

400 3189 642 3259 irrepere
683 3191 771 3246 vix
819 3201 1137 3262 potuerunt,
1177 3202 1235 3249 at
1271 3209 1464 3249 omnes
1493 3193 1727 3250 leviores
1756 3210 1978 3267 quoque
2026 3195 2359 3251 mutationes
2388 3213 2507 3252 esse
2544 3198 2808 3265 evitataS,
2834 3212 2931 3252 non

407 3275 561 3332 Facile
590 3278 882 3348 concedet,
926 3281 1018 3351 qui
1047 3290 1252 3352 quanta
1282 3282 1352 3336 sit
1383 3281 1625 3338 humana
1658 3281 1924 3354 fragilitas
1951 3282 2393 3339 consideraverit.
2424 3287 2639 3341 Revera
2664 3289 2715 3342 si
2739 3291 2825 3343 Ps.
2858 3291 2926 3340 17.

405 3365 536 3429 (18.)
563 3373 797 3434 textum,
827 3368 920 3437 qui
947 3373 981 3423 2
1005 3372 1140 3440 Req.
1172 3374 1258 3424 22.
1287 3369 1509 3440 legitur,
1539 3385 1667 3425 cum
1694 3371 1950 3426 Psalterii
1972 3371 2143 3444 ipsius
2167 3379 2321 3427 textu
2345 3369 2931 3444 comparamus,.haud

405 3467 606 3522 paucas
642 3453 949 3526 detegimus
990 3454 1355 3524 differentiaS‚
1388 3458 1464 3512 ita
1493 3465 1557 3511 ut
1596 3458 1926 3514 alterutrum
1964 3466 2059 3513 aut
2090 3459 2231 3514 torte
2270 3468 2571 3532 utrumque
2598 3477 2717 3518 non
2746 3473 2931 3534 purum

402 3554 520 3594 esse
547 3551 934 3597 conservatum
962 3541 1146 3598 dicere
1173 3559 1454 3616 cogamur.
1483 3545 1720 3600 Nomina
1738 3588 1750 3612 ,
1781 3545 1979 3618 quibus
2007 3544 2201 3602 eadem
2243 3562 2473 3617 persona
2504 3549 2589 3603 vel
2618 3548 2769 3606 idem
2794 3550 2931 3604 locus

402 3625 741 3699 designatur,
767 3638 822 3684 et
845 3631 1063 3686 numeri
1089 3631 1174 3686 bis
1201 3634 1616 3688 commemorati
1646 3649 1811 3704 saepe
1835 3634 1909 3688 ita
1939 3632 2279 3704 discrepant,
2314 3643 2372 3688 ut
2402 3634 2717 3693 differentia
2747 3639 2929 3692 iteruin

402 3713 612 3770 librarii
639 3717 833 3788 culpae
870 3720 1180 3774 necessario
1209 3720 1279 3775 sit
1306 3719 1677 3776 attribuenda.
1713 3723 1829 3776 lam
1868 3737 1999 3776 vero
2036 3720 2243 3776 multae
2269 3737 2337 3777 ex
2367 3722 2451 3778 his
2479 3721 2804 3781 differentiis
2830 3737 2928 3778 non

402 3810 618 3858 tantum
663 3803 721 3858 in
764 3813 917 3860 textu
965 3806 1252 3872 hebraico,
1301 3806 1398 3862 sed
1449 3809 1504 3862 in
1554 3807 1809 3864 omnibus
1856 3823 2075 3880 quoque
2122 3809 2463 3864 versionibus
2520 3811 2719 3868 eodem
2774 3809 2929 3866 modo

403 3889 705 3958 habentur3
754 3906 925 3963 quare
971 3909 1064 3949 eas
1117 3895 1508 3966 antiquissimis
1559 3894 1901 3966 temporibus
1954 3895 2269 3953 adscribere
2322 3896 2615 3968 debemus3
2664 3899 2829 3972 idque
2870 3913 2928 3951 eo

401 3979 604 4050 magiS,
638 3979 768 4050 quia
793 3985 1207 4037 samaritanus
1229 3983 1660 4038 Pentateuclms
1686 3984 1795 4038 iam
1824 4000 1857 4038 a
1887 3984 2275 4055 palaestinensi
2304 3984 2597 4056 discrepat.

471 4068 625 4122 Inter
653 4068 1071 4123 rationalisticos
1109 4068 1332 4140 quidem
1377 4071 1625 4142 aliosque
1666 4073 2091 4142 protestanticos
2130 4072 2460 4141 interpretes
2500 4075 2819 4146 pervulgata
2854 4078 2928 4126 est

400 4156 700 4222 sententia,
737 4156 1110 4212 samaritanos
1146 4171 1309 4212 suum
1349 4158 1791 4214 Pentateuchum
1831 4159 2050 4215 nonnisi
2090 4159 2391 4215 Alexandri
2434 4161 2509 4216 M.
2556 4169 2805 4232 tempore
2842 4172 2927 4229 per

399 4241 717 4309 Manassen,
745 4243 1092 4298 sacerdotem
1119 4245 1653 4317 ierosolymitanum,
1684 4247 1979 4316 accepisse,
2008 4248 2101 4318 qui
2129 4263 2158 4302 a
2182 4248 2297 4302 suis
2333 4248 2404 4303 ob
2443 4249 2651 4320 Legem
2680 4249 2924 4304 violatam

402 4327 619 4400 fugatus
660 4331 966 4386 Samariam
1008 4333 1158 4386 venit
1197 4332 1578 4404 templumque
1614 4333 1671 4388 in
1712 4342 1901 4388 monte
1934 4334 2178 4390 Garizim
2220 4335 2507 4391 exstruxit.
2549 4339 2805 4392 Attamen
2846 4333 2921 4385 vix

401 4431 512 4470 non
539 4425 754 4472 eertum
783 4428 890 4486 est,
921 4420 1292 4476 Samaritanus
1323 4421 1434 4476 iam
1462 4420 1557 4475 diu
1604 4429 1731 4476 ante
1772 4421 1979 4478 Fsdrae
2023 4431 2264 4479 aetatem
2301 4439 2439 4494 opus
2474 4424 2779 4480 mosaicum
2806 4434 2923 4492 pos·

400 4504 622 4570 sedisse,
649 4505 762 4561 sive
787 4507 1071 4563 Israelitae
1098 4507 1196 4576 illi,
1225 4507 1321 4577 qui
1367 4507 1494 4580 fuga
1536 4523 1657 4564 sese
1699 4510 1889 4566 exsilio
1928 4509 2318 4566 subtraxerant
2364 4519 2531 4582 atque
2574 4521 2763 4582 postea
2808 4519 2920 4566 cum

399 4590 628 4648 ethnicis
656 4594 866 4650 colonis
895 4610 992 4667 per
1022 4609 1180 4667 reges
1208 4596 1510 4668 assyriacos
1544 4613 1611 4652 ex
1638 4597 1855 4652 interna
1884 4598 2013 4652 Asia
2048 4597 2227 4654 missis
2258 4599 2317 4654 in
2355 4614 2521 4655 unam
2560 4609 2777 4672 gentem
2802 4609 2919 4652 coa·

399 4679 646 4750 lucrant,
676 4681 900 4755 antiqua
939 4699 1036 4738 sua
1077 4683 1409 4754 exemplaria
1448 4685 1761 4755 retinuisse,
1794 4685 1909 4742 sive
1937 4684 2185 4742 advenae
2224 4686 2299 4742 illi
2342 4686 2549 4742 ethnici
2582 4701 2615 4742 a
2654 4683 2917 4744 sacerdote
