3050 5184
907 315 1136 359 ·rssxrus
1177 314 1460 359 anamim
1501 314 1810 358 nis-roam.
2559 292 2637 351 63

143 447 388 503 israelitico
413 463 512 518 per
539 462 726 521 regem
757 448 972 519 Sargon
1011 444 1182 502 misso
1211 450 1266 513 (4
1301 452 1436 519 Ite-9.
1489 451 1651 516 17‚24
1688 450 1835 517 sqq.)
1864 460 2007 499 nova
2044 442 2317 514 accepisse
2360 441 2635 497 dicantur.

141 535 346 607 Namque
383 540 468 603 a.)
507 544 756 603 constat,
793 535 964 591 etiam
1007 550 1180 606 regno
1222 534 1394 590 lsrael
1431 533 1743 601 destructo,
1774 532 1987 589 incolas
2026 532 2183 587 istius
2224 530 2491 603 regioniS,
2537 528 2640 584 etsi

140 620 436 679 idololatriae
455 623 620 679 simul
639 630 826 679 essent
853 621 1048 691 dediti,
1074 636 1268 679 verum
1288 624 1474 677 Deum
1501 621 1763 678 adorasse
1792 622 2111 693 Legemque
2137 618 2435 675 mosaicam
2458 617 2639 673 obser-

137 724 282 779 vasse,
311 712 384 765 ita
415 720 476 765 ut
517 727 645 767 cum
684 709 906 766 Iudaeis
939 725 1006 766 ex
1031 710 1224 767 exsilio
1253 710 1487 766 reversis
1512 710 1785 780 templum
1813 707 2331 779 ierosolymitanum
2356 713 2641 761 exstruere

137 797 302 852 vellent
335 802 384 865 (4
421 804 552 871 Req.
597 804 786 866 17,28;
819 804 838 851 1
873 798 1046 854 Esdr.
1075 804 1166 866 4,1
1199 803 1374 870 sqq.);
1416 798 1599 853 cultus
1626 806 1812 853 autem
1841 796 2011 853 Iahve
2044 804 2100 851 et
2124 795 2291 867 Legis
2331 792 2641 849 observatio

135 885 462 951 cognitionem
503 885 870 943 Pentateuehi
913 895 1253 956 supponunt.
1291 888 1470 941 Porro
1519 886 1595 953 b.)
1634 900 1807 956 quum
1835 898 1865 939 a
1894 883 2204 939 zorobabel
2232 898 2426 937 eorum
2450 879 2641 952 petitio

135 973 294 1028 reiecta
334 982 508 1043 esset,
541 982 696 1029 tanta
739 974 941 1029 exarsit
969 988 1166 1029 eorum
1205 972 1287 1029 ira
1329 972 1386 1028 in
1424 971 1681 1042 ludaeoS‚
1726 981 1929 1028 utnon
1958 970 2317 1043 intelligatur,
2359 968 2640 1040 quomodo

133 1068 280 1129 postea
307 1076 502 1117 eorum
531 1061 704 1118 libros
727 1076 915 1117 sacros
942 1060 1188 1131 recipere
1219 1060 1514 1117 voluerint.
1540 1064 1613 1129 c.)
1634 1060 1692 1117 Si
1712 1068 1899 1117 autem
1927 1058 2370 1116 pentateuchum
2395 1063 2642 1127 tempore

133 1146 388 1203 Alexandri
417 1151 500 1203 Μ.
545 1150 911 1220 recepissent,
941 1148 1104 1203 simul
1149 1148 1285 1205 alios
1330 1146 1665 1204 Iudaeorum
1700 1148 1872 1203 libros
1912 1162 2098 1202 sacros
2126 1145 2503 1212 admisissent3
2544 1142 2640 1199 scd

132 1234 219 1288 solo
237 1237 609 1292 Pentateucho
633 1246 690 1291 et
719 1245 982 1307 corrupto
1012 1234 1154 1291 libro
1185 1238 1347 1291 Iosue
1366 1244 1585 1292 constat
1614 1234 2089 1292 Samaritanorum
2118 1248 2317 1289 canon.
2349 1236 2641 1288 Praeterea

134 1319 192 1385 d.)
213 1330 452 1393 tempore
496 1321 802 1380 Alexandri
835 1323 1025 1378 Iudaei
1051 1321 1222 1379 libros
1250 1338 1381 1379 suos
1420 1324 1535 1379 iam
1562 1339 1629 1379 eo
1666 1322 1952 1378 literarum
1984 1331 2137 1395 typ0,
2180 1320 2273 1393 qui
2300 1330 2491 1393 postea
2512 1334 2643 1391 qua-

137 1407 282 1464 dratus
308 1413 512 1479 evasit,
554 1410 797 1467 scribere
835 1420 1163 1481 coeperant3
1201 1410 1534 1467 Samaritani
1574 1420 1761 1465 autem
1804 1410 2127 1467 hebraicum
2153 1424 2319 1465 suum
2344 1411 2643 1463 Pentateu-

139 1495 260 1551 ehum
298 1498 706 1570 antiquioribus
751 1498 930 1554 literis
967 1498 1354 1566 (samaritanis)
1399 1512 1618 1569 semper
1644 1498 2108 1569 transcripserunt
2148 1505 2207 1553 et
2242 1495 2637 1552 transcribunt.

139 1583 328 1639 Demum
372 1592 446 1653 e.)
492 1585 940 1642 adversariorum
981 1588 1250 1643 sententia
1293 1586 1446 1641 omni
1487 1584 1849 1641 fundamento
1892 1584 2153 1642 historico
2197 1600 2421 1655 prorsus
2460 1592 2638 1649 caret;

136 1671 246 1739 quod
287 1674 434 1728 enim
476 1674 808 1731 Samaritani
853 1682 982 1729 aute
1025 1682 1082 1729 et
1129 1682 1252 1745 post
1297 1673 1604 1730 Alexandri
1650 1676 1726 1729 M.
1782 1682 2019 1729 aetatem
2072 1672 2415 1729 idololatriae
2470 1669 2641 1726 dediti

135 1769 508 1829 remanserunt,
533 1759 593 1816 id
619 1777 736 1816 non
779 1762 954 1833 magis
1000 1760 1216 1832 probat,
1243 1777 1339 1817 eos
1367 1778 1480 1815 non
1511 1760 1769 1817 habuisse
1802 1760 2271 1827 Pentateuehum,
2304 1774 2471 1830 quam
2514 1774 2642 1814 con-

135 1846 250 1901 tinua
277 1848 614 1904 ludaeorum
641 1848 958 1904 idololatria
989 1848 1219 1919 probat,
1250 1857 1380 1905 ante
1409 1848 1663 1904 exsilium
1692 1848 2133 1905 pentateuchum
2158 1864 2271 1903 non
2300 1847 2585 1903 exstitisse.

185 1935 250 1989 Ex
274 1937 610 1992 samaritano
633 1936 802 2009 igitur
829 1936 1210 1992 Pentateucho
1239 1935 1525 1992 diiudicari
1556 1942 1758 2007 potest,
1788 1951 2061 2007 quaenam
2088 1934 2257 1993 fuerit
2290 1943 2475 1991 textus
2502 1936 2645 1991 sacri

137 2022 242 2075 ratio
272 2033 395 2079 ante
428 2022 689 2079 Esdram.
736 2025 860 2079 lam
884 2040 1014 2079 vero
1049 2022 1214 2079 ambo
1253 2024 1618 2095 exemplaria,
1653 2039 1826 2095 quum
1866 2025 1925 2080 in
1952 2024 2208 2080 omnibus
2236 2023 2399 2080 rebus
2431 2022 2561 2079 {idei
2590 2032 2645 2079 et

137 2122 314 2166 morum
340 2112 504 2183 plane
532 2119 874 2178 consonent,
915 2110 1199 2167 evidenter
1239 2110 1655 2179 demonstrant,
1695 2127 1809 2166 non
1838 2112 2129 2168 arbitrario
2176 2110 2344 2167 modo
2392 2110 2646 2167 librarios

136 2210 314 2254 sacrum
351 2207 574 2255 textum
617 2207 901 2254 tractasse.
951 2201 1026 2253 At
1057 2198 1390 2255 Samaritani
1431 2199 1831 2255 vocabulorum
1870 2199 2325 2271 orthographiam
2366 2214 2641 2271 gramma·

136 2284 342 2357 ticasque
375 2286 595 2343 formas
633 2285 916 2341 interdum
946 2286 1204 2342 videntur
1243 2286 1468 2358 linguae
1510 2302 1675 2352 suae,
1722 2302 1863 2358 quae
1905 2286 2174 2342 dialectus
2214 2287 2491 2343 aramaica
2532 2294 2643 2353 est,

139 2370 410 2444 adaptasse3
429 2390 540 2431 nec
570 2372 874 2446 quidquam
897 2372 1156 2445 impedit,
1181 2374 1479 2445 quominus
1509 2374 1747 2430 Iudaeos
1770 2375 2028 2446 antiquos
2051 2373 2249 2429 eodem
2276 2373 2447 2430 modo
2472 2374 2648 2446 egisse

137 2456 358 2517 dicamus.
385 2464 688 2518 Praeterea
724 2462 1053 2519 Samaritani
1081 2460 1362 2517 interdum
1392 2477 1485 2529 ea,
1517 2478 1661 2533 quae
1690 2464 1810 2517 Deo
1850 2461 2177 2517 videbantur
2204 2460 2452 2533 indigna,
2484 2470 2649 2534 atque

139 2548 336 2603 maxime
378 2548 1039 2620 anthropomorphismos
1085 2557 1468 2616 removerunt3
1498 2548 1767 2605 eiusmodi
1812 2558 1999 2605 autem
2035 2550 2368 2605 mutationes
2396 2550 2451 2604 in
2496 2558 2649 2605 textu

141 2630 356 2693 hebraico
384 2653 504 2693 non
529 2634 1024 2707 deprehendimus,
1061 2637 1304 2692 iuniores
1330 2646 1519 2692 tamen
1554 2636 1883 2707 interpretes
1930 2634 2363 2705 (alexandrinus,
2408 2636 2647 2692 chaldai-

141 2734 228 2787 cus,
257 2739 427 2795 syrus,
459 2724 692 2791 latinus)
721 2723 891 2779 simili
913 2723 1082 2780 modo
1105 2731 1357 2794 egerunt.
1380 2722 1633 2779 Tandem
1664 2723 2044 2780 Samaritanus
2070 2723 2221 2779 haud
2251 2719 2453 2795 paucas
2484 2723 2651 2779 habet

143 2804 380 2876 lectiones,
415 2811 751 2885 quibuscum
793 2811 1145 2867 consentiunt
1191 2811 1573 2879 alexandrina,
1616 2812 1827 2883 syriaca
1872 2812 2121 2882 aliaeque
2149 2812 2455 2880 versiones,
2486 2819 2651 2882 atque

143 2908 190 2947 ex
209 2894 336 2955 hisce
361 2901 481 2957 iure
511 2898 918 2969 concludimuS,
946 2898 1283 2955 Iudaeorum
1300 2906 1515 2955 textum
1536 2897 1879 2969 probabilius
1896 2899 2005 2954 iam
2030 2907 2157 2953 ante
2178 2897 2387 2955 Esdrae
2410 2906 2649 2955 aetatem

143 2982 296 3039 saltem
323 2986 375 3041 in
402 2986 691 3042 nonnullis
719 2986 1126 3058 exemplaribus
1153 3000 1272 3042 esse
1301 2994 1651 3059 corruptum.

203 3188 250 3243 3-
275 3222 350 3231 —
381 3188 645 3249 Esdram
673 3188 936 3267 eiusque
973 3188 1039 3248 in
1066 3188 1238 3249 cultu
1267 3188 1661 3249 restituendo
1701 3188 2052 3260 adiutores,
2082 3206 2280 3265 quum
2316 3189 2515 3250 libros
2549 3208 2649 3251 sa-

145 3293 254 3340 cros
273 3284 636 3365 colligerent
659 3301 951 3363 novoque
977 3284 1302 3345 literarum
1329 3302 1561 3363 genere
1592 3303 1669 3344 ex
1693 3286 2037 3363 Babylonia
2059 3286 2248 3347 allato
2270 3287 2653 3347 transcribe-

146 3382 280 3449 rent,
314 3382 502 3442 simul
543 3382 736 3441 etiam
781 3398 1001 3443 eorum
1039 3386 1282 3442 textum
1320 3399 1357 3441 a
1393 3382 1644 3443 mendis
1678 3382 1914 3460 apertis
1947 3399 2317 3459 repurgasse
2342 3388 2524 3444 vetus
2556 3389 2651 3443 est

149 3468 476 3538 ludaeorum
505 3478 766 3538 traditio
790 3494 918 3539 non
946 3478 1164 3557 paucis
1191 3479 1447 3540 Patrum
1472 3479 1857 3539 testimoniis
1884 3479 2309 3555 comprobata.
2348 3480 2519 3557 Opus
2546 3497 2651 3540 au·-

148 3570 248 3627 tem
268 3572 338 3631 ab
360 3574 558 3635 Esdra
576 3574 944 3636 inchoatum
959 3576 1484 3637 continuaverunt
1505 3576 1764 3637 Semnan
1784 3574 1885 3635 vel
1906 3582 2315 3636 numeratores
2348 3575 2649 3666 (nvn-250),

151 3682 338 3755 quibus
359 3692 612 3765 praeter
633 3687 966 3749 nonnullas
1005 3688 1481 3749 observationes
1515 3690 1767 3750 criticas
1794 3688 2141 3749 hodiernus
2170 3690 2653 3750 consonantium

153 3780 318 3840 textus
356 3781 573 3845 deberi
618 3802 743 3844 non
789 3784 1111 3846 immerito
1149 3786 1449 3846 creditur.
1504 3784 1860 3847 Scribarum
1896 3782 2177 3865 pem‘odus
2230 3786 2444 3863 igitur,
2496 3803 2652 3864 quae

155 3886 179 3927 a
201 3876 247 3933 5.
283 3894 432 3939 saec.
476 3884 624 3940 ante
663 3880 803 3941 Chr.
846 3898 1044 3959 usque
1090 3882 1168 3942 ad
1209 3882 1400 3941 finem
1441 3898 1605 3943 saec.
1633 3884 1693 3942 2.
1725 3886 1870 3961 post
1900 3882 2039 3943 Chr.
2076 3898 2213 3942 sese
2246 3881 2558 3953 extendit,
2588 3882 2653 3941 in

157 3962 367 4033 historia
396 3980 602 4038 textus
627 3976 904 4039 hebraici
931 3982 1028 4039 est
1057 3980 1363 4039 momenti
1391 3978 1684 4039 maximi.

211 4100 438 4175 Esdram,
471 4129 495 4159 α
525 4106 762 4164 scribam
800 4109 1038 4178 peritum
1067 4110 1125 4163 in
1163 4110 1306 4182 Lege
1339 4131 1388 4177 »,
1417 4125 1544 4164 cum
1581 4110 1923 4166 adiutoribus
1952 4111 2094 4175 suiS,
2124 4126 2263 4182 quos
2294 4130 2319 4159 «
2356 4111 2503 4165 viros
2532 4124 2653 4165 ma-

157 4196 264 4251 gnae
283 4206 580 4267 synagogae
608 4216 633 4247 n
664 4196 962 4267 appellant,
1001 4216 1025 4245 α
1056 4212 1321 4252 coronam
1359 4198 1416 4251 in
1451 4205 1695 4251 veterem
1732 4198 1973 4253 nitorem
2011 4198 2317 4254 restituisse
2346 4218 2369 4248 »
2390 4240 2404 4265 ,
2428 4196 2656 4271 tradunt

159 4270 352 4342 rabbini,
375 4290 540 4355 atque
572 4281 736 4339 simili
773 4284 942 4340 modo
980 4284 1076 4340 SS.
1107 4287 1398 4353 IrenaeuS,
1427 4284 1885 4358 chrysostomus,
1914 4284 2161 4339 Isidorus
2208 4285 2442 4341 Esdram
2486 4285 2655 4340 libros

160 4370 306 4418 saeros
339 4375 580 4442 tempore
607 4372 782 4429 exsilii
823 4381 1116 4443 corruptos
1160 4371 1486 4428 emendasse
1530 4371 1789 4427 dixerunt
1819 4373 1987 4439 (mss,
2018 4373 2062 4427 1.
2092 4376 2122 4439 ς
2152 4378 2205 4427 3.
2233 4389 2288 4443 p.
2335 4378 2441 4439 17).
2474 4373 2654 4443 Quam

162 4450 547 4515 emendationem
585 4474 698 4515 non
725 4458 1018 4516 arbitrario
1051 4474 1154 4516 nee
1178 4460 1402 4515 incaute
1441 4458 1647 4515 saetam
1688 4474 1828 4528 esse,
1855 4459 2059 4515 docent
2088 4460 2297 4516 multae
2324 4461 2451 4517 illae
2490 4460 2651 4517 diffe-

163 4536 345 4609 rentiae,
371 4548 588 4616 quaein
609 4546 850 4605 textibus
877 4548 1154 4619 parallelis
1177 4556 1307 4604 sunt
1331 4546 1575 4614 relictae,
1607 4548 1737 4618 quia
1762 4562 1956 4604 earum
1984 4546 2413 4605 auferendarum
2437 4557 2651 4605 certum

167 4613 526 4690 [undamentum
551 4633 748 4693 defuit.
773 4636 936 4692 Viros
961 4652 1196 4709 magnae
1229 4650 1543 4708 synagogae
1579 4634 1751 4691 secuti
1787 4644 1917 4690 sunt
1953 4636 2203 4693 Scribcte
2240 4636 2325 4693 vel
2354 4640 2648 4693 Numera—
