3050 5184
692 317 769 360 nn
806 316 1244 361 raornss‘ranun
1286 314 1612 359 uoummus
1653 314 1731 357 ετ
1774 314 2134 359 MUNERIBUS.
2567 298 2682 355 365

158 455 189 502 4
204 453 330 519 Req.
364 453 447 515 1,2
470 452 645 520 sqq.);
668 446 875 503 scilicet
897 446 956 503 in
982 448 1229 519 privata
1254 446 1365 501 vita
1394 444 1463 501 ad
1496 444 1798 515 prophetas
1820 458 1951 501 suos
1969 446 2123 501 Deus
2153 444 2306 501 misit
2323 444 2469 501 filios
2491 442 2683 508 Israel,

161 542 215 589 ut
231 550 261 589 a
278 532 623 590 consulendis
642 534 875 590 ethnicis
902 533 1131 590 hariolis
1154 548 1250 588 eos
1272 532 1608 589 retraheret.
1641 532 1831 603 Longe
1860 540 2046 587 autem
2071 532 2232 602 plura
2257 540 2315 587 et
2341 531 2593 604 graviora
2617 529 2686 584 de

160 620 543 692 prophetarum
572 622 899 677 auctoritate
934 621 997 677 in
1026 620 1195 676 rebus
1230 619 1487 692 publicis
1507 627 1742 675 narrant
1767 618 1898 674 libri
1915 618 2080 673 sacri.
2111 618 2520 689 Prophetarum
2539 618 2685 673 enim

162 716 269 763 erat
300 707 611 781 invigilare,
643 716 707 763 ut
752 724 911 781 reges
939 709 1091 764 iuxta
1130 707 1355 763 Domini
1382 704 1650 761 mandata
1686 704 2088 776 rempublicam
2127 714 2411 777 gererent,
2444 720 2686 777 quapro-

164 803 271 865 pter
296 810 327 849 a
352 794 513 851 Saule
534 811 710 867 usque
739 793 811 851 ad
836 794 1123 852 sedeciam
1148 810 1217 850 ne
1236 809 1380 850 unus
1404 793 1632 865 quidem
1655 794 1934 849 invenitur
1959 808 2056 847 rex
2089 790 2248 863 luda,
2273 794 2364 849 cui
2386 792 2688 863 prophetae

162 884 354 953 Legem
381 880 631 939 divinam
672 883 821 939 velut
854 897 1173 953 supremam
1200 896 1457 937 normam
1497 884 1557 936 in
1592 880 1927 937 memoriam
1953 896 2066 935 non
2105 881 2498 936 revocaverint.
2543 879 2688 948 Quin

164 971 314 1025 etiam
333 970 406 1026 ad
426 978 644 1026 exteras
662 978 855 1042 gentes
868 984 1071 1026 munus
1090 985 1284 1025 eorum
1300 968 1720 1035 extendebatur,
1744 968 1858 1024 sive
1877 976 1939 1023 ut
1957 984 2190 1040 regnum
2210 984 2240 1023 a
2261 970 2381 1023 Deo
2398 966 2688 1023 fundatum

164 1056 446 1112 efficaciter
464 1066 777 1125 tuerentur,
800 1059 914 1112 sive
936 1066 998 1112 ut
1028 1058 1304 1113 Israelitas
1328 1056 1612 1124 docerent,
1641 1057 1962 1124 Dominum,
1991 1055 2124 1110 licet
2148 1056 2294 1111 filios
2318 1054 2492 1111 Israel
2511 1054 2569 1109 in
2593 1070 2689 1124 pe-

164 1144 353 1199 culium
376 1144 482 1199 sibi
508 1145 789 1215 elegisset,
816 1160 1005 1217 regem
1045 1153 1237 1201 tamen
1271 1144 1672 1215 dominumque
1691 1144 1942 1198 omnium
1966 1144 2299 1214 populorum
2323 1156 2442 1198 esse
2472 1141 2690 1212 illisque

166 1246 369 1303 quoque
395 1231 634 1288 salutem
658 1232 1042 1289 messianicam
1061 1231 1388 1288 destinasse.
1418 1234 1493 1287 At
1520 1232 1576 1287 in
1605 1231 1690 1287 his
1721 1230 1981 1287 omnibus
2007 1230 2177 1285 alium
2195 1229 2366 1286 finem
2390 1245 2504 1286 non
2527 1227 2689 1284 habe-

163 1319 301 1388 hant,
323 1318 433 1375 nisi
450 1328 513 1375 ut
525 1320 793 1390 populum
812 1320 869 1375 in
885 1318 1109 1376 foedere
1128 1335 1260 1376 cum
1274 1322 1393 1375 Deo
1418 1319 1557 1375 inito
1576 1319 1880 1375 retinerent
1893 1324 1953 1373 et
1968 1316 2041 1373 ad
2061 1331 2270 1372 novum
2293 1316 2490 1373 foedus
2500 1316 2692 1371 ineun-

166 1404 285 1461 dum
320 1415 747 1477 praepararent3
784 1408 1077 1478 praecipua
1118 1406 1288 1479 igitur
1330 1422 1523 1463 eorum
1566 1421 1698 1462 cura
1731 1414 1851 1461 erat
1865 1447 1879 1473 ,
1911 1413 1973 1459 ut
2000 1402 2346 1475 reliqiosam
2381 1404 2498 1461 eius
2526 1402 2692 1459 vitam

168 1502 405 1564 regerent
443 1502 963 1565 promoverentque.
1002 1494 1275 1550 Continua
1316 1508 1510 1549 eorum
1547 1502 1671 1549 erat
1707 1507 1892 1565 pugna
1921 1500 2113 1547 contra
2150 1489 2556 1559 idololatriam,
2586 1489 2692 1545 fre·

168 1581 545 1651 quentissimae
562 1597 761 1639 eorum
781 1582 1191 1637 exhortationes
1210 1580 1282 1637 ad
1300 1581 1513 1637 cultum
1533 1580 1843 1652 legitimum
1857 1580 1980 1634 Deo
1991 1576 2384 1647 exhibendum,
2403 1579 2492 1633 vix
2509 1577 2694 1633 minus

168 1666 459 1739 frequentia
484 1684 679 1725 eorum
714 1670 954 1738 monita,
987 1685 1155 1740 opera
1190 1670 1353 1741 Legis
1388 1676 1616 1725 externa
1650 1666 1788 1722 nihil
1817 1665 2032 1734 valere,
2067 1665 2172 1721 nisi
2205 1666 2360 1736 prius
2390 1686 2416 1716 α
2443 1665 2612 1721 lavati
2639 1672 2696 1719 et

168 1756 405 1813 mundati
454 1755 659 1812 fuerint
694 1756 795 1812 lilii
835 1757 1009 1813 Israel
1050 1754 1119 1812 ab
1162 1754 1542 1827 iniquitatibus
1588 1755 1724 1823 suiS,
1765 1754 2099 1810 cessaverint
2139 1766 2392 1823 perverse
2438 1768 2602 1825 agere
2638 1760 2696 1807 et

168 1843 291 1899 bene
327 1860 495 1917 agere
524 1842 817 1900 didicerint
853 1864 903 1899 n.
949 1845 1316 1915 Praecipuum
1344 1851 1532 1899 autem
1562 1850 1672 1909 est,
1722 1841 1873 1913 quod
1917 1842 2076 1895 novis
2122 1839 2546 1895 revelationibus
2591 1838 2691 1895 de-

168 1932 395 2001 positum
444 1932 572 1988 fidei
600 1933 855 1987 auxerint
902 1939 1067 2004 atque
1103 1932 1431 2002 praesertim
1457 1930 1734 2003 mysteriis
1775 1926 1946 1984 futuri
1978 1927 2212 1983 Messiae
2254 1928 2520 1999 regnique
2555 1940 2694 1982 mes-

167 2018 341 2075 sianici
368 2018 660 2091 patefactis
688 2021 808 2091 pios
832 2018 1114 2075 israelitas
1138 2018 1248 2074 sint
1275 2017 1568 2084 consolati,
1599 2018 1797 2087 impios
1819 2016 2147 2081 terruerint,
2174 2029 2366 2070 omnes
2391 2012 2464 2069 ad
2492 2028 2694 2069 novam

168 2107 341 2162 salutis
367 2108 748 2163 oeconomiam
778 2106 1244 2178 praeparaverint.

236 2262 291 2317 4.
315 2292 393 2300 -
419 2259 641 2319 Munus
666 2255 785 2316 hoc
808 2256 1247 2334 propheticum
1275 2254 1831 2317 extraordinarium
1863 2255 1960 2312 est
1989 2250 2328 2312 dicendum
2345 2296 2360 2321 ,
2392 2250 2446 2311 si
2466 2249 2692 2311 modus

171 2357 497 2429 spectatur,
535 2370 659 2430 quo
690 2354 1127 2413 conferebatur
1154 2357 1218 2411 et
1242 2352 1668 2423 exercebatur,
1693 2346 2071 2410 ordinarium
2110 2351 2353 2422 autem,
2384 2351 2694 2424 quatenus

169 2464 201 2506 a
237 2450 359 2510 Deo
396 2465 515 2527 per
542 2454 783 2510 certum
832 2452 899 2510 et
924 2449 1255 2509 definitum
1296 2452 1550 2523 tempus
1595 2446 1765 2507 velut
1810 2443 2182 2505 continuum
2226 2448 2290 2503 et
2331 2460 2696 2520 supremum

170 2546 588 2622 magisterium
617 2546 853 2623 populo
884 2545 1067 2605 lsrael
1101 2548 1233 2604 erat
1259 2560 1650 2605 concessum.

230 2660 308 2712 Re
336 2658 484 2713 enim
516 2673 643 2713 vera
667 2656 988 2714 immediate
1016 2672 1049 2713 a
1072 2660 1191 2713 Deo
1213 2655 1621 2723 conferebatur,
1656 2655 1750 2727 qui
1778 2654 1898 2725 ipse
1925 2652 2052 2709 illos
2076 2668 2216 2726 quos
2236 2654 2480 2725 elegerat
2506 2667 2695 2724 supra·

170 2744 395 2801 naturali
432 2746 724 2801 vocatione
764 2746 1098 2817 interpretes
1126 2760 1256 2800 suos
1295 2744 1580 2799 constituit
1617 2741 1721 2809 (cfr
1751 2749 1776 2797 1
1824 2745 1964 2814 Req.
1996 2747 2080 2811 2,1
2116 2756 2270 2812 sqq.;
2315 2743 2388 2797 Is.
2416 2746 2502 2810 6,1
2531 2755 2686 2811 sqq.;

168 2832 351 2887 ierem.
386 2839 477 2900 1,4
507 2848 629 2904 sqq.
662 2836 815 2899 etc.).
850 2832 1045 2905 Neque
1074 2832 1222 2887 enim
1252 2839 1435 2887 certae
1464 2830 1632 2886 tribui
1661 2837 1757 2885 aut
1787 2828 2026 2883 familiae
2051 2828 2214 2896 (sicut
2239 2824 2612 2883 sacerdotium
2635 2833 2692 2880 et

170 2924 407 2990 regnum)
436 2935 619 2991 neque
643 2928 825 2975 certae
846 2918 1131 2976 hominum
1158 2919 1319 2975 classi
1340 2926 1462 2973 erat
1480 2916 1760 2974 adnexum
1781 2931 1985 2971 munus
2007 2914 2420 2987 propheticum3
2443 2912 2694 2969 omnium

170 3006 399 3063 tribuum
428 3007 534 3063 viri
560 3016 615 3061 et
644 3008 933 3076 muliereS,
966 3008 1123 3080 pueri
1154 3016 1210 3061 et
1232 3022 1423 3073 senes,
1460 3004 1677 3061 divinae
1718 3003 1868 3059 illius
1906 3002 2210 3061 vocationis
2247 3008 2406 3057 erant
2442 3014 2688 3071 capaceS.

170 3094 345 3165 Neque
362 3094 480 3151 ulla
504 3093 891 3165 requirebatur
910 3096 1261 3166 praeparatio
1282 3092 1353 3148 ad
1376 3092 1514 3147 illud
1538 3090 1939 3163 reprIendum‚
1967 3091 2096 3146 licet
2121 3088 2280 3144 facile
2298 3086 2686 3152 concedamus,

172 3178 284 3235 illos
301 3182 627 3253 praeprimis
654 3198 685 3236 a
715 3184 835 3236 Deo
865 3196 983 3236 esse
1024 3190 1281 3249 vocatos,
1316 3180 1408 3252 qui
1440 3180 1644 3251 pietate
1671 3178 2017 3246 eminebant;
2045 3185 2104 3232 at
2134 3175 2412 3231 immerito
2439 3173 2694 3231 moderni

174 3264 311 3323 haud
333 3269 495 3340 pauci
518 3270 824 3340 loquuntur
847 3268 916 3324 de
951 3288 978 3319 α
1006 3268 1223 3324 scholis
1246 3267 1679 3341 prophetarum
1714 3288 1762 3335 n,
1787 3281 1930 3339 quae
1964 3264 2243 3335 expressio
2283 3278 2388 3318 nec
2426 3276 2692 3335 umquam

176 3354 227 3409 in
251 3356 543 3427 Scripturis
570 3371 674 3413 uec
701 3372 735 3411 a
758 3355 1014 3412 Patribus
1042 3355 1397 3412 adhibetur³.
1437 3358 1632 3426 Neque
1658 3354 1774 3409 ullo
1811 3354 1925 3409 ritu
1953 3360 2180 3408 externo
2217 3350 2694 3423 inaugurabantur

176 3442 462 3513 prophetae
492 3442 611 3510 (sed
638 3442 722 3500 cl'r
754 3452 785 3501 3
818 3448 951 3516 Req.
1005 3449 1204 3512 19,16).
1248 3442 1766 3499 Extraordinarium
1795 3456 2015 3513 quoquc
2052 3438 2157 3493 tuit
2197 3438 2444 3494 muneris
2479 3438 2692 3493 exerci-

173 3528 313 3598 tium,
344 3531 551 3602 quippe
575 3529 723 3603 quod
750 3530 947 3586 eadem
977 3532 1211 3599 ratione,
1244 3546 1353 3603 qua
1385 3530 1627 3598 vocatio,
1659 3544 1692 3585 a
1719 3530 1838 3585 Deo
1877 3526 2195 3584 immediate
2230 3524 2521 3596 pendebat.
2551 3525 2694 3580 Nam

179 3634 199 3663 α
233 3615 413 3673 lumen
460 3618 877 3689 propheticum,
925 3618 1106 3691 inquit
1150 3618 1209 3674 S.
1264 3617 1523 3672 Thomas
1559 3618 1807 3683 (Summa
1846 3618 1923 3671 11.
1968 3620 2020 3669 2.
2063 3630 2155 3687 qu.
2204 3618 2322 3670 171.
2368 3629 2418 3668 a.
2459 3615 2536 3679 2),
2583 3627 2692 3666 non

176 3700 300 3758 inest
330 3704 637 3762 intellectui
667 3720 766 3777 per
804 3704 1033 3761 modum
1082 3704 1293 3761 formae
1332 3705 1776 3777 permanentis..
1827 3702 1926 3757 sed
1975 3699 2260 3757 cuiusdam
2309 3699 2576 3771 passionis
2608 3698 2690 3753 vel

178 3787 533 3861 impressionis
554 3794 891 3849 transeuntis
918 3813 971 3849 ι.
1023 3794 1206 3863 Quare
1250 3794 1417 3848 etiam
1445 3792 1704 3861 precibus
1730 3790 1842 3846 suis
1867 3789 2170 3861 prophetae
2213 3788 2398 3843 divina
2433 3801 2694 3858 responsa

180 3874 465 3949 efflagitant
510 3880 556 3952 (1
596 3886 735 3953 Περ.
774 3886 893 3951 8‚6;
941 3883 1146 3937 Ierem.
1196 3886 1387 3949 32‚16;
1430 3884 1558 3948 3:3‚2
1596 3894 1712 3951 sq.;
1750 3881 1878 3946 ⁴2st
1914 3879 2024 3949 sq.)
2067 3886 2235 3948 atque
2277 3892 2310 3931 a
2357 3889 2488 3930 vero
2532 3873 2694 3929 aber-

178 3976 287 4021 rare
330 3976 577 4038 possunt,
625 3969 672 4024 si
709 3969 1075 4041 respondent,
1106 3977 1405 4041 antequam
1452 3970 1635 4023 Deum
1681 3966 2162 4037 interrogaverunt
2191 3966 2246 4029 (2
2289 3966 2419 4034 Κεφ.
2465 3965 2575 4027 7,2.
2622 3962 2694 4026 3).

240 4053 635 4112 ordinarium
666 4064 852 4113 autem
882 4056 1049 4113 fuisse
1074 4072 1275 4112 munus
1306 4055 1719 4128 propheticum,
1747 4054 1794 4108 si
1822 4054 1880 4107 in
1907 4066 1966 4109 se
1999 4058 2281 4123 spectatur
2320 4050 2471 4104 velut
2499 4062 2696 4117 supre-

179 4150 317 4197 mum
361 4144 553 4215 populi
596 4144 997 4217 magisterium,
1058 4145 1319 4201 continua
1372 4152 1429 4200 et
1464 4159 1578 4199 non
1624 4144 1934 4212 interrupta
1977 4138 2247 4194 successio
2294 4135 2694 4208 prophetarum

180 4240 269 4283 nos
288 4228 397 4286 iam
425 4232 606 4288 docet.
642 4236 687 4287 A
732 4231 985 4289 Samuele
1015 4248 1189 4305 usque
1231 4231 1303 4288 ad
1344 4230 1702 4299 Malachiam,
1743 4229 1780 4285 i.
1829 4244 1880 4283 e.
1911 4242 2012 4299 per
2051 4225 2431 4297 septingentos
2475 4222 2698 4277 circiter

236 4378 344 4442 (3)1
390 4384 509 4445 ch.
553 4386 688 4443 ¹0‚⁵;
724 4385 890 4443 19,20;
930 4386 960 4431 8
1001 4386 1116 4446 Rea.
1160 4386 1301 4442 20,35
1344 4386 1438 4431 etc.
1471 4381 1516 4444 (οι
1558 4392 1694 4442 yrex
1729 4398 1756 4420 ι»
1793 4375 1877 4426 vel
1920 4394 1946 4419 ‘¹
1991 4386 2190 4425 cunm-³
2217 4372 2618 4437 Pwphelamm
2646 4388 2690 4431 »,

185 4472 205 4495 ·
220 4454 326 4515 filii
344 4460 728 4523 prophetarum
752 4460 802 4525 υ)
828 4474 858 4511 a
880 4459 1105 4511 rabbinis
1131 4460 1337 4524 quidem
1358 4460 1423 4511 de
1451 4476 1475 4507 ε(
1506 4458 1864 4523 prophetarum
1892 4454 2210 4516 discipulis,
2235 4452 2324 4518 qui
2347 4465 2402 4503 se
2425 4452 2697 4515 disponant

184 4532 239 4581 ad
266 4538 635 4590 vaticinantium
672 4559 697 4585 ι
731 4538 1111 4603 intelliguntur3
1147 4541 1235 4591 sed
1264 4539 1404 4590 nullo
1432 4540 1728 4601 argumento
1767 4546 1897 4585 nova
1933 4533 2058 4585 haec
2084 4532 2377 4596 explicatio,
2408 4543 2540 4597 quae
2570 4530 2697 4579 anti-

186 4612 290 4675 quis
316 4616 481 4679 ignota
508 4619 630 4679 fult,
660 4618 893 4671 redditur
918 4618 1211 4687 probabilis·
