3050 5184
313 321 506 365 cANoN
551 322 694 367 xovl
734 323 902 366 Tnsr.
949 325 992 366 A
1034 323 1292 368 sAEctJLO
1332 311 1392 367 4.
1433 324 1510 368 Ab
1554 323 1831 369 NOSTRAU
1871 323 2059 374 USQUE
2100 320 2403 365 AETATEM.
2548 307 2625 365 45

131 455 344 514 canonis
366 455 552 518 libris
589 455 998 517 admittendis
1017 460 1486 529 consenserunt,
1520 457 1889 518 auctoritate
1917 453 2332 534 probabiliter
2360 452 2611 514 Concilii

131 551 340 611 Nicaeni
369 556 725 630 permotae.

177 657 281 710 Non
313 655 422 711 nisi
449 657 612 712 lente
645 667 812 732 atque
839 657 1174 730 procedente
1201 668 1480 730 tempore,
1511 659 1669 714 sicuti
1697 674 1764 714 ex
1793 655 1951 713 dictis
1980 657 2180 723 elucet,
2214 655 2625 726 Scripturarum

129 743 232 798 Novi
265 745 409 800 Test.
459 745 724 801 collectio
771 745 912 803 facta
951 729 1059 816 est,
1104 755 1270 818 atque
1305 761 1510 818 paucae
1551 735 1853 802 admodum
1894 745 2117 802 suerunt
2152 744 2440 811 ecclesiae,
2482 757 2623 813 quae

127 829 304 886 ineunte
345 847 496 888 saec.
547 839 608 889 3.
655 850 848 891 omnes
897 850 1024 890 vere
1059 835 1354 891 canonicos
1389 833 1563 890 libros
1599 835 1708 890 iam
1740 841 2063 906 receperant
2097 847 2398 902 omnesque
2430 828 2623 885 dubios

129 918 445 976 excluserant.
489 921 832 992 Nequedum
871 921 1066 993 plenus
1113 938 1412 979 consensus
1457 921 1650 978 aderat
1690 936 1881 979 versus
1924 936 2066 976 saec.
2112 927 2167 976 3.
2207 920 2406 986 finem,
2457 931 2623 989 quam

131 1014 316 1062 aetatem
342 1007 628 1064 Eusebius
654 1011 710 1064 in
750 1010 1011 1081 principio
1053 1026 1193 1068 saec.
1243 1017 1299 1067 4.
1338 1010 1587 1067 scribens
1624 1010 1861 1066 maxime
1897 1024 2031 1080 prae
2058 1007 2229 1064 oculis
2264 1006 2485 1074 habuit,
2525 1004 2624 1060 sed

131 1102 302 1150 exortus
323 1094 632 1152 dumtaxat
659 1106 762 1166 est,
785 1097 1008 1169 quando
1035 1099 1311 1154 Ecclesiae
1331 1113 1468 1169 pace
1491 1099 1741 1154 restituta
1758 1096 2085 1154 traditiones
2101 1097 2357 1168 antiquae
2374 1083 2624 1150 omnium

134 1182 434 1251 ecelesiarum
461 1185 672 1240 melius
696 1186 1007 1258 certiusque
1033 1187 1409 1256 innotuerunt.
1432 1187 1535 1242 Vix
1560 1185 1773 1241 videtur
1800 1202 1919 1242 esse
1945 1184 2195 1252 dubium,
2224 1184 2355 1254 quin
2383 1182 2623 1254 primum

141 1269 370 1326 ancilium
397 1273 831 1328 oecumenicum
857 1272 931 1330 ad
959 1273 1109 1330 hunc
1133 1290 1461 1332 consensum
1485 1272 1877 1330 stabiliendum
1904 1288 2071 1345 quam
2098 1272 2397 1344 plurimum
2422 1279 2621 1326 contu-

145 1353 238 1421 luin
259 1373 323 1414 ac
347 1374 553 1416 revera
583 1361 857 1418 Nicaenae
883 1361 1088 1434 synodi
1128 1364 1318 1418 Patres
1344 1362 1659 1435 catalogum
1685 1360 1955 1418 librorum
1993 1360 2095 1416 sub
2122 1360 2345 1416 nomine
2368 1351 2617 1430 Scriptu-

145 1456 265 1500 ramm
295 1445 350 1501 in
379 1449 639 1504 eeclesiis
665 1448 1024 1522 legendorum
1048 1450 1389 1518 stabilivisse,
1421 1466 1589 1522 supra
1614 1449 1661 1523 (ἓ
1681 1455 1773 1518 5,6
1799 1466 1851 1520 p.
1875 1453 1965 1514 2⁴)
1986 1448 2255 1505 historicis
2277 1445 2617 1514 argumentis

141 1532 358 1598 probabile
378 1550 506 1592 esse
539 1535 901 1593 ostendimus,
929 1539 1134 1594 Mirum
1161 1547 1346 1594 autem
1375 1546 1477 1604 est,
1502 1553 1669 1610 quam
1696 1536 1999 1593 concordes
2022 1545 2077 1592 et
2098 1543 2411 1592 constantes
2434 1533 2617 1590 abillo

137 1627 320 1689 tempore
347 1631 578 1679 tantum
606 1640 722 1680 non
749 1641 938 1681 omnes
960 1625 1220 1684 ecclesiae
1248 1627 1304 1681 in
1334 1626 1589 1682 omnibus
1617 1635 1672 1682 et
1694 1625 1820 1681 solis
1849 1621 2100 1680 hodierni
2128 1624 2353 1680 canonis
2366 1621 2617 1693 ‘Scriptu-

135 1705 182 1758 ris
199 1707 316 1764 Novi
339 1713 496 1768 Test.
525 1713 892 1785 agnoscendis
919 1712 1137 1770 fuerint.

181 1852 226 1908 2.
253 1887 324 1896 —
350 1856 696 1916 Eccmsm:
738 1871 1158 1918 occinuunms
1183 1856 1444 1934 catalogi
1470 1873 1689 1916 omnes
1706 1901 1722 1928 ‚
1758 1856 1865 1934 qui
1896 1855 2042 1915 inde
2066 1872 2103 1916 a
2130 1870 2293 1915 saec.
2321 1857 2382 1913 4.
2422 1853 2549 1914 sive
2577 1868 2613 1911 a

131 1945 340 2024 singulis
367 1952 760 2027 quibusdam
791 1954 1076 2015 Patribus
1107 1955 1237 2014 sive
1271 1972 1308 2014 a
1339 1953 1635 2014 Conciliis
1674 1952 2169 2030 provincialibus
2204 1950 2330 2010 sive
2363 1967 2399 2010 a
2422 1949 2613 2009 Sum-

129 2041 217 2101 mis
251 2045 664 2110 Pontificibus
706 2049 860 2109 editi
898 2055 1071 2124 sunt,
1102 2055 1358 2111 cunctos
1393 2050 1771 2128 apostolicos
1815 2049 2011 2110 libros
2050 2049 2241 2108 etiam
2278 2047 2433 2107 duas
2474 2046 2614 2105 illas

131 2139 374 2212 epistolas
406 2144 512 2225 (ad
557 2145 748 2206 Hebr.
784 2150 849 2206 et
879 2150 918 2206 2
955 2145 1180 2224 Petri),
1214 2163 1376 2225 quae
1417 2149 1603 2206 antea
1640 2146 1706 2206 in
1747 2146 2085 2208 Occidente
2124 2145 2336 2204 minus
2370 2143 2615 2204 fuerant

131 2243 395 2315 receptae,
427 2241 964 2319 complectuntur.
1001 2243 1178 2305 Unde
1222 2244 1413 2304 etiam
1451 2244 1687 2304 sactum
1730 2248 1855 2314 est,
1904 2245 1977 2303 ut
2010 2241 2221 2302 media
2264 2243 2465 2300 aetate
2508 2239 2613 2298 vix

133 2332 413 2410 quisquam
458 2339 925 2399 dubitationem
966 2339 1044 2400 de
1085 2341 1236 2400 Novi
1272 2342 1438 2401 Test.
1467 2356 1702 2400 canone
1736 2339 2005 2400 moverit
2032 2341 2283 2417 praeter
2319 2337 2611 2397 Ioannem

131 2423 406 2584 Sapisber„
429 2436 545 2512 qui
573 2435 850 2496 Paulinis
877 2436 1164 2515 epistolis
1186 2438 1496 2497 decimam
1525 2437 1810 2514 quintam
1834 2437 1911 2496 ad
1940 2435 2350 2496 Laodicenses
2376 2432 2609 2494 addere

134 2540 186 2582 ro
207 2526 300 2586 uit.

179 2631 224 2684 S.
253 2637 634 2708 Hieronymus
682 2637 933 2710 quidem,
973 2644 1006 2694 2
1045 2640 1189 2694 Petri
1236 2638 1526 2710 epistolam
1566 2658 1592 2692 e
1640 2654 1673 2694 a
1710 2639 1985 2710 plerisque
2026 2658 2051 2688 »
2090 2639 2256 2692 Petro
2305 2633 2609 2690 abiudicari

136 2729 360 2790 «propter
393 2725 525 2797 styli
561 2741 692 2781 eum
721 2727 900 2798 priore
928 2725 1322 2782 dissonantiam
1353 2748 1377 2779 n
1415 2735 1606 2784 monet
1638 2724 1725 2798 (dc
1752 2725 1869 2782 Vir.
1901 2725 1981 2781 ill.
2020 2729 2090 2792 1.)
2127 2733 2291 2796 atque
2320 2723 2610 2794 epistolam

133 2801 182 2856 ad
209 2808 360 2864 Hebr.
407 2831 434 2862 κ
475 2815 810 2870 Latinorum
837 2813 1234 2870 consuetudine
1269 2831 1381 2870 non
1418 2815 1590 2886 recipi
1626 2815 1770 2870 inter
1796 2813 2105 2884 Scripturas
2133 2811 2425 2867 canonicas
2452 2831 2478 2862 »
2515 2808 2609 2882 (ad

116 2891 284 2950 iledib.
312 2914 395 2970 ep.
439 2906 694 2972 120,11),
724 2909 966 2958 attamen
996 2902 1133 2959 haec
1173 2903 1430 2958 historice
1460 2904 1640 2974 potius
1678 2895 1903 2971 retulit;
1942 2901 2057 2970 ipse
2096 2900 2241 2955 enim
2271 2899 2608 2969 completum

134 2991 331 3040 ¹{ostrum
363 2991 682 3062 catalogum
719 2990 868 3046 nulla
907 2989 1244 3047 dubitatione
1280 2989 1468 3047 addita
1493 2993 1551 3047 S.
1583 2990 1812 3046 Paulino
1840 2989 2116 3044 recensuit
2146 2987 2236 3060 (ad
2263 2986 2479 3043 Paulin.
2514 3001 2601 3056 ep.

134 3071 268 3138 ⁵³³8);
291 3074 476 3132 eadem
505 3077 724 3133 ratione
751 3077 989 3134 eundem
1018 3079 1317 3134 attulerunt
1344 3078 1540 3134 eadem
1573 3085 1753 3135 aetate
1776 3075 2021 3148 Rufinus
2046 3075 2255 3148 (Symb.
2286 3083 2463 3147 apost.
2491 3073 2601 3146 37),

133 3155 174 3208 5.
197 3157 540 3221 Philam-ius
567 3164 743 3232 (haer.
775 3171 864 3221 88.
895 3170 1028 3234 89.)‚
1073 3166 1130 3223 S.
1164 3169 1533 3238 Auqustz'nus
1572 3165 1663 3232 (de
1691 3167 1882 3222 Doctr.
1913 3165 2102 3220 christ.
2138 3165 2213 3220 11.
2239 3163 2310 3234 8).
2340 3164 2402 3218 In
2436 3167 2601 3220 Cone.

137 3245 474 3318 Hipponensis
497 3255 575 3325 (a.
613 3257 758 3320 393.)
784 3255 1036 3326 catalogo
1065 3255 1323 3326 antiquae
1348 3252 1701 3310 dubitationis
1728 3251 1797 3308 de
1826 3269 1913 3324 ep.
1948 3252 2017 3310 ad
2040 3251 2213 3308 Hebr.
2238 3261 2490 3308 remanet
2520 3267 2605 3306 ve·

136 3330 330 3406 aigum,
368 3357 542 3412 quum
586 3362 613 3393 α
642 3340 914 3412 Epistolas
939 3341 1098 3397 Pauli
1132 3343 1438 3408 tredecim,
1484 3341 1731 3398 eiusdem
1761 3342 2098 3414 Epi-stolam
2130 3340 2215 3395 ad
2240 3340 2544 3396 Hebraeos
2576 3360 2600 3390 n

139 3431 366 3481 enumeret
398 3429 602 3496 (Mansi
628 3429 735 3484 111.
767 3433 910 3500 924),
942 3427 1038 3484 sed
1075 3429 1130 3484 in
1163 3431 1335 3486 Cone.
1365 3429 1862 3501 Cartkaqiniensz‘
1888 3433 1961 3496 (a.
1992 3428 2137 3499 ⁴19.)
2162 3427 2331 3485 etiam
2357 3427 2494 3483 illud
2522 3443 2606 3483 ve-

48 3521 50 3530 ·
139 3506 306 3578 Stigium
326 3513 616 3586 disparuit;
647 3525 1043 3572 enumerantur
1065 3516 1213 3572 enim
1241 3535 1264 3567 ι
1286 3516 1443 3573 Pauli
1469 3518 1731 3588 epistolae
1759 3517 2192 3591 quatuordecim
2219 3537 2245 3568 ι»
2279 3516 2480 3588 (Mansi
2505 3516 2599 3570 IV.

139 3599 242 3660 430),
261 3599 492 3660 Eundem
523 3605 834 3676 catalogum
865 3603 1212 3661 tradiderunt
1239 3607 1296 3660 S.
1321 3607 1689 3660 Innocentius
1712 3608 1752 3661 1.
1786 3605 1878 3672 (ad
1900 3607 2104 3675 Exsup.
2140 3605 2323 3661 Tolos.
2341 3604 2409 3660 ’7.
2442 3606 2601 3684 Man-

139 3682 172 3734 si
193 3683 274 3742 111.
301 3691 457 3760 1041),
491 3695 554 3751 S.
587 3694 861 3749 Gelasius
889 3693 1157 3764 (Gratiani
1190 3691 1397 3748 decret.
1427 3693 1571 3748 Dist.
1608 3699 1691 3760 15,
1732 3693 1783 3764 3)
1822 3703 1953 3761 etc.‚
1984 3701 2152 3764 atque
2179 3698 2404 3749 eosdem
2432 3693 2603 3748 libros

141 3769 264 3828 etiam
285 3775 335 3832 in
360 3781 615 3836 omnibus
641 3779 921 3838 codicibus
959 3781 1144 3838 latinis
1169 3780 1497 3836 invenimus.
1527 3783 1791 3837 Attamen
1824 3797 1965 3838 unus
2004 3781 2211 3837 alterve
2238 3780 2441 3837 librum
2466 3797 2600 3852 apo-

143 3860 354 3930 “lvhum
381 3867 560 3934 addin
587 3869 665 3924 ita
696 3869 894 3925 Codex
919 3869 1254 3938 flamensis,
1283 3869 1380 3941 qui
1397 3869 1647 3926 omnium
1663 3870 1936 3941 vulgatae
1963 3868 2217 3926 codicum
2245 3871 2601 3940 superstitum

145 3946 498 4018 antiquissimus*
511 3957 748 4028 scriptus
767 3965 850 4013 est
864 3971 914 4012 a.
936 3962 1084 4028 545„
1107 3958 1396 4029 epistolam
1415 3957 1486 4014 ad
1505 3957 1879 4015 Laodicenses
1900 3958 2141 4014 Paulinis
2164 3957 2410 4027 inseruit,
2436 3970 2599 4028 quam

148 4039 294 4092 canoni
313 4043 464 4100 etiam
503 4043 710 4101 addere
749 4045 924 4102 voluit
947 4049 1198 4102 Ioannes
1239 4045 1533 4104 sarisber.
1575 4046 1789 4102 Etenim
1826 4067 1851 4097 α
1881 4046 2155 4117 Epistulae
2184 4045 2370 4113 Pauli,
2401 4043 2596 4116 inquit,

148 4122 402 4186 qundecim
421 4141 568 4196 sunt,
599 4149 712 4188 uno
739 4133 1017 4190 volumine
1041 4133 1502 4207 comprehensae,
1534 4134 1663 4190 licet
1699 4133 1769 4190 sit
1811 4133 2051 4206 culpata
2077 4141 2131 4190 et
2168 4131 2296 4210 sere
2340 4133 2598 4187 omnium-

152 4217 392 4272 fflmmunis
416 4221 617 4292 opinio
640 4237 758 4276 non
784 4237 905 4278 esse
928 4223 1054 4278 nisi
1092 4221 1567 4292 quatuordeeim,
1606 4222 1799 4279 decem
1826 4221 1899 4278 ad
1938 4221 2221 4289 ecclesias,
2254 4228 2493 4291 quatuor
2528 4219 2600 4276 ad

153 4303 401 4360 venenas...
431 4309 686 4364 Ceterum
707 4309 900 4379 quinta
926 4307 1138 4365 decima
1166 4318 1250 4365 est
1265 4309 1376 4378 illa,
1407 4325 1547 4381 quae
1576 4309 1837 4366 ecclesiae
1866 4308 2291 4365 Laodicensium
2322 4309 2595 4375 scribitur,

155 4385 194 4430 ‘²
217 4381 330 4456 lieet,
353 4402 410 4448 ut
435 4397 511 4452 ait
538 4396 944 4468 HieronymuS‚
995 4397 1064 4452 ab
1101 4397 1356 4454 omnibus
1396 4396 1741 4468 explodatur,
1774 4405 1959 4453 tamen
1992 4396 2061 4453 ab
2100 4399 2367 4468 Apostolo
2396 4399 2597 4470 scripta

154 4473 237 4567 ⁸⁵23.
255 4487 402 4549 noque
425 4484 692 4540 sententia
731 4482 868 4540 haec
894 4484 966 4541 de
1001 4485 1235 4541 aliorum
1270 4485 1643 4557 praesumitur
1684 4485 1965 4557 opinione,
2012 4484 2109 4540 sed
2144 4484 2311 4558 ipsius
2348 4489 2599 4560 Apostoli

155 4555 394 4622 testimonio
415 4571 734 4640 roboratum
761 4573 1012 4629 meminit
1037 4575 1185 4630 enim
1208 4573 1377 4645 ipsius
1399 4574 1454 4628 in
1480 4575 1582 4645 Ep.
1616 4572 1685 4628 ad
1710 4573 1920 4631 coloss,
1948 4593 1975 4624 ι
2018 4575 2135 4646 (Ep.
2181 4580 2300 4630 143.
2337 4576 2411 4632 al.
2454 4581 2591 4641 1⁷2).

158 4640 208 4692 '⁴⁸
226 4659 438 4722 §equam
459 4661 516 4718 in
543 4659 650 4718 hac
673 4660 932 4734 opinione
959 4676 1074 4718 non
1101 4660 1295 4719 habuit
1320 4661 1763 4732 sarisberiensis,
1796 4679 1969 4735 quum
1996 4662 2158 4719 nimis
2194 4672 2337 4720 esset
2363 4665 2595 4729 clarum,
