3050 5184
686 332 761 374 nn
802 332 961 376 unm
1006 332 1359 376 sutas-rias
1402 332 1608 377 οινιΝΑ
1647 333 2078 377 Auci-omum.
2531 320 2648 377 353

125 462 594 539 platonicorum,
622 466 981 538 stoicorum,
995 465 1546 525 alexandrinorum
1563 466 1933 543 farraginem
1951 465 2254 527 doctrinis
2275 465 2647 543 fabellisque

122 558 452 619 rabbinicis
479 562 877 639 permixtam.
908 564 1077 632 Quae
1112 562 1319 641 gravis
1347 562 1659 621 accusatio
1697 578 1984 623 erroneas
2023 566 2130 624 aut
2159 564 2496 623 malevolas
2529 564 2647 622 ali-

116 672 387 732 quorum
412 660 692 719 textuum
720 658 1265 738 interpretationes
1296 672 1410 737 pro
1438 658 1622 719 unico
1653 658 2060 719 fundamento
2090 659 2280 719 habet

160 770 503 859 *omittimus
529 776 823 834 ridiculam
856 780 1298 848 accusationem,
1332 779 1481 851 quod
1506 788 1701 835 auctor
1729 788 1919 835 noster
1944 780 2068 835 illas
2092 796 2314 851 quoque
2343 778 2645 845 doctrinas,

119 880 253 935 quae
278 864 417 921 satis
451 865 601 923 clare
637 866 749 922 iam
776 867 834 921 in
864 866 1269 939 antiquioribus
1301 866 1457 923 libris
1498 876 1629 923 sunt
1655 868 1956 936 revelatae,
1987 884 2020 924 a
2049 867 2396 939 philosophis
2439 868 2648 940 graecis

118 950 389 1023 didicerit,
416 960 479 1007 ut
506 954 785 1026 graviores
808 954 1147 1011 obiectiones
1170 956 1361 1027 paucis
1390 954 1570 1011 verbis
1595 954 1953 1027 explicemus

184 1045 267 1107 a.)
295 1041 647 1097 creationem
682 1058 749 1098 ex
775 1042 953 1099 nihilo
977 1042 1119 1099 liber
1144 1042 1457 1115 Sapientiae
1482 1058 1682 1116 negare
1713 1042 1930 1111 dicitur,
1963 1044 2223 1117 quoniam
2246 1043 2537 1099 materiam
2559 1058 2646 1099 ae-

118 1137 322 1184 ternam
360 1144 487 1184 cum
522 1130 751 1186 Platone
788 1139 1021 1199 statuat,
1056 1148 1123 1186 ex
1163 1147 1271 1203 qua
1311 1133 1463 1187 Deus
1500 1131 1774 1187 mundum
1817 1130 2138 1188 sormaverit
2173 1134 2400 1202 (11,18).
2439 1135 2512 1185 At
2539 1131 2646 1185 isto

118 1216 167 1271 in
202 1217 324 1272 loco
376 1226 573 1273 auctor
614 1216 683 1274 de
724 1219 1007 1275 creatione
1044 1219 1313 1287 secunda,
1356 1219 1394 1275 i.
1436 1236 1484 1275 e.
1534 1219 1606 1275 de
1639 1219 1970 1275 formatione
2012 1218 2206 1275 mundi
2253 1220 2394 1293 agit3
2427 1218 2648 1273 disertis

116 1304 255 1359 enim
296 1304 483 1361 verbis
522 1304 689 1361 habet
727 1325 742 1363 :
784 1304 943 1360 ἔκτισε
982 1306 1047 1369 εἰς
1091 1308 1149 1360 τὸ
1193 1306 1323 1361 εἶναι
1360 1306 1432 1361 τὰ
1469 1310 1665 1361 πάντα
1705 1306 1902 1379 (mat),
1943 1322 2075 1379 ergo
2117 1308 2284 1363 etiam
2323 1307 2478 1363 illam
2520 1304 2644 1373 ὕλην

116 1392 327 1463 ἄμορφον
356 1396 584 1463 (11,18),
608 1408 678 1449 ex
698 1410 807 1467 qua
828 1394 1088 1451 formavit
1116 1394 1416 1464 mundum3
1442 1395 1795 1466 expressione
1819 1394 1990 1465 igitur
2007 1408 2106 1449 sua
2125 1395 2286 1450 illum
2313 1409 2501 1450 rerum
2529 1401 2645 1449 sta-

114 1498 225 1543 tum
260 1489 539 1561 designat,
570 1490 667 1562 qui
693 1499 817 1563 post
846 1492 1088 1561 primum
1114 1491 1407 1549 creationis
1436 1478 1632 1547 actum'
1653 1491 1862 1547 exstitit
1899 1484 2066 1579 (³:¹3th
2106 1482 2223 1547 ’1Πῇ
2265 1493 2406 1547 Gen.
2443 1495 2573 1560 1‚1).

180 1594 253 1661 ὁ.)
296 1596 439 1651 Cum
485 1596 715 1651 Platone
760 1595 1275 1667 praeexsistentiam
1322 1597 1640 1653 animorum
1686 1596 1891 1653 diserte
1932 1596 2185 1653 docuisse
2231 1601 2410 1665 (8,19.
2450 1600 2540 1662 20)
2587 1604 2642 1651 et

116 1682 267 1737 tacite
294 1684 649 1753 supposuisse
677 1685 811 1755 (⁷‚1)
842 1683 1125 1741 asseritur.
1155 1684 1317 1754 Quod
1340 1683 1414 1740 ad
1443 1686 1682 1741 alterum
1709 1693 1924 1740 textum
1955 1685 2150 1741 attinet
2168 1725 2184 1753 ,
2215 1692 2432 1740 tantum
2457 1682 2636 1759 abest,

114 1778 171 1823 ut
186 1768 352 1825 verba
378 1769 609 1841 (ἕγλύφην
630 1771 765 1841 σάρξ,
788 1770 1090 1843 fiyuratus
1108 1790 1240 1829 sum
1260 1788 1403 1828 caro
1426 1778 1542 1842 7‚1)
1565 1772 1904 1829 Platonismo
1925 1772 2163 1841 faveant,
2187 1780 2251 1828 ut
2274 1789 2304 1829 a
2329 1770 2636 1844 platoniciS‚

115 1858 199 1929 qui
224 1858 647 1915 substantialem
681 1860 849 1915 animi
886 1867 942 1915 et
971 1861 1217 1931 corporis
1251 1860 1513 1916 unionem
1545 1860 1844 1933 negabant,
1881 1860 2048 1917 scribi
2074 1877 2188 1917 non
2221 1860 2518 1933 potuerint.
2559 1860 2639 1914 Ex

114 1945 301 2017 prioris
328 1956 521 2003 autem
546 1955 727 2003 textus
750 1948 1075 2004 orthodoxis
1097 1948 1575 2020 explicationibus,
1603 1964 1742 2021 quae
1766 1950 1822 2003 in
1847 1948 2092 2005 medium
2109 1949 2311 2007 allatae
2336 1956 2490 2015 sunt,
2518 1961 2641 2001 eam

114 2032 421 2091 adscribere
454 2034 685 2103 suflicit,
713 2052 856 2107 quae
885 2034 1229 2107 probabilior
1262 2046 1319 2091 et
1356 2037 1666 2092 accuratior
1710 2053 1829 2092 esse
1857 2035 2074 2092 videtur
2114 2057 2127 2092 :
2175 2056 2201 2087 α
2245 2040 2468 2109 Corpus
2501 2034 2635 2105 pul-

110 2122 305 2177 chrum
345 2124 483 2195 (τ’-ἀῖς
523 2121 693 2194 &punc
728 2122 883 2196 ἤμην)
921 2130 979 2179 et
1016 2127 1283 2179 animam
1326 2125 1534 2181 bonam
1573 2128 1818 2180 sortitus
1855 2142 1984 2180 sum
2027 2124 2283 2195 (ἔλαχον);
2315 2124 2404 2180 vel
2436 2125 2638 2196 potius

116 2210 317 2279 (μᾶλλον
344 2212 423 2276 δέ,
444 2212 655 2268 scilicet
680 2227 751 2267 ne
780 2216 949 2268 casui
979 2211 1121 2268 hanc
1144 2212 1363 2284 pulchri
1390 2213 1638 2283 corporis
1667 2222 1720 2267 et
1743 2212 1922 2268 bonae
1950 2212 2168 2269 animae
2197 2211 2638 2269 coniunctionem

112 2298 409 2355 attribuere
432 2298 698 2369 videatur,
722 2300 1034 2356 accuratius
1058 2300 1317 2371 exprimit
1344 2300 1676 2356 sententiam
1706 2306 1882 2367 suam)
1910 2302 2054 2374 quia
2079 2303 2286 2356 anima
2309 2300 2462 2355 bona
2481 2304 2632 2367 erat,

116 2386 235 2442 ideo
260 2388 455 2443 etiam
482 2404 715 2460 corpus,
740 2388 897 2461 quod
922 2388 1206 2445 naturali
1233 2388 1397 2444 illius
1420 2388 1676 2445 bonitati
1704 2388 1986 2455 convenit,
2014 2404 2145 2443 cum
2169 2404 2245 2444 ea
2270 2389 2639 2445 coniunctum

114 2480 189 2529 est
214 2496 269 2544 »ς
304 2496 331 2527 α
364 2476 659 2549 significat,
690 2477 871 2548 in‘quit
887 2479 1201 2533 lansenius
1226 2477 1424 2533 Gand.
1460 2476 1522 2544 (i.
1561 2476 1617 2532 h.
1647 2477 1742 2545 1.)‚
1771 2477 1986 2533 animae
2010 2475 2349 2544 bonitatem,
2377 2492 2544 2548 quam
2572 2492 2637 2529 ex

116 2564 211 2619 Dei
234 2579 469 2620 munere
503 2563 723 2628 habuit,
760 2564 925 2621 fuisse
958 2578 1183 2621 causam
1209 2563 1499 2621 munditiei
1537 2564 1809 2636 corporiS,
1845 2565 2074 2621 minime
2101 2580 2232 2621 vero
2261 2565 2509 2636 corporis
2537 2563 2638 2619 do-

119 2650 253 2707 tibus
287 2650 599 2707 bonitatem
633 2653 851 2709 animae
888 2668 1007 2709 esse
1046 2660 1324 2725 paratam,
1356 2661 1411 2708 et
1438 2652 1658 2707 animae
1679 2652 1985 2708 bonitatem
2008 2654 2370 2722 praecessisse
2387 2696 2402 2721 ‚
2425 2667 2536 2707 non
2559 2666 2638 2705 se·

117 2748 289 2795 cutam
316 2756 442 2796 esse
473 2761 531 2808 »ς
562 2740 865 2811 praecessit
890 2750 1075 2797 autem
1108 2756 1221 2795 non
1248 2741 1532 2811 temporiS,
1575 2739 1672 2795 sed
1701 2747 1933 2795 naturae
1957 2740 2261 2812 prioritate.
2300 2743 2512 2796 Auctor
2543 2739 2638 2809 igi-

118 2838 199 2881 tur
241 2827 312 2884 de
356 2827 731 2897 praestabilita
778 2828 1063 2885 harmonia
1102 2844 1301 2899 corpus
1338 2828 1482 2884 inter
1526 2835 1585 2883 et
1615 2828 1856 2882 animam
1892 2827 2140 2899 loquitur
2181 2844 2283 2884 nec
2314 2827 2427 2884 ullo
2473 2824 2638 2881 modo

120 2916 445 2985 platonicam
477 2917 980 2986 praeexsistentiam
1012 2916 1227 2972 animae
1258 2913 1437 2971 docet.

180 3008 249 3071 c.)
286 3004 429 3060 Cum
474 3004 887 3077 Neoplatonicis
922 3004 1123 3061 docere
1159 3002 1381 3073 dicitur,
1426 3020 1628 3076 corpus
1669 3003 1955 3060 materiale
1997 3019 2116 3059 esse
2164 3004 2373 3073 peccati
2421 3018 2640 3059 causam

140 3098 249 3157 1,4;
275 3098 435 3159 &203
461 3096 630 3159 9,15).
662 3091 771 3148 Sed
810 3092 868 3147 in
900 3093 1076 3163 primo
1112 3100 1267 3147 textu
1310 3091 1526 3148 obiecto
1558 3091 1692 3164 (1,4)
1720 3090 1941 3162 utrique
1970 3092 2114 3164 parti
2155 3100 2444 3164 peccatum
2483 3090 2640 3147 attriss-

122 3176 317 3247 buitur,
360 3179 495 3251 quia
520 3180 689 3236 etiam
733 3195 933 3251 corpus
961 3179 1200 3251 peccatis
1242 3180 1425 3235 carnis
1468 3180 1794 3250 inquinatur
1835 3187 2004 3250 atque
2043 3177 2181 3235 haec
2223 3170 2442 3251 peccata
2475 3194 2640 3251 quam

120 3269 347 3323 maxime
372 3267 683 3337 impediunt
703 3267 948 3324 veritatis
976 3266 1405 3338 inquisitionem.
1434 3270 1607 3323 Porro
1640 3288 1666 3318 α
1691 3282 1891 3339 corpus
1913 3266 2385 3338 incoinquinatum
2411 3288 2436 3321 n
2471 3270 2638 3335 (8:20)

122 3364 254 3410 certe
281 3364 367 3410 est
396 3355 703 3427 expressio,
732 3370 874 3427 quae
906 3353 1157 3411 adhiberi
1184 3370 1295 3410 non
1322 3362 1535 3425 potest,
1567 3354 1612 3409 si
1647 3374 1672 3405 α
1697 3354 1756 3410 in
1779 3368 2038 3425 corpore,
2072 3363 2264 3425 utpote
2289 3356 2346 3411 in
2377 3354 2642 3409 materiae

124 3452 283 3510 parte,
308 3458 475 3499 causa
503 3442 711 3515 peccati
738 3462 763 3495 n
792 3456 913 3498 esse
940 3442 1221 3497 asseritur.
1252 3443 1494 3501 Demum
1520 3442 1688 3498 verba
1721 3462 1747 3492 α
1777 3457 1977 3513 corpus
2000 3443 2353 3514 corruptibile
2382 3450 2642 3515 aggravat

124 3530 351 3585 animam
404 3551 429 3581 »
476 3530 783 3597 (9,15)a1io
816 3530 984 3585 modo
1012 3528 1371 3603 intelligenda
1415 3545 1527 3584 non
1575 3536 1723 3598 sunt,
1751 3544 1918 3601 quam
1957 3529 2156 3585 similia
2192 3529 2357 3586 verba
2399 3532 2457 3586 S.
2487 3530 2643 3585 Pauli

128 3615 286 3677 fRom.
320 3622 435 3683 7,8.
466 3624 563 3685 23;
590 3622 625 3674 2
658 3620 792 3675 Cor.
825 3624 917 3686 5,2
947 3618 1133 3685 etc.)¹.

184 3704 265 3769 d.)
294 3706 658 3761 Emanatismi
692 3714 985 3761 accusatur
1022 3714 1215 3760 auctor
1250 3704 1587 3776 Sapientiae,
1619 3704 1880 3776 quoniam
1918 3704 2184 3776 sapientia
2214 3704 2282 3759 ab
2315 3721 2382 3760 eo
2419 3714 2644 3760 vocetu-

130 3788 253 3859 Ξτμὶς
286 3797 375 3859 τῆς
408 3797 497 3846 τοῦ
535 3794 647 3847 θεοῦ
687 3794 939 3865 δυνάμεως
978 3793 1060 3846 καὶ
1092 3792 1326 3864 ἀπόῤῥοια
1361 3796 1449 3859 τῆς
1484 3795 1576 3845 τοῦ
1618 3794 2012 3863 παντοκράτορος
2051 3791 2193 3859 δόξης
2235 3796 2432 3861 (7‚25);
2479 3800 2644 3863 atque

128 3879 277 3933 etiam
310 3880 429 3936 aliis
458 3881 515 3935 in
548 3882 683 3937 locis
707 3881 1085 3937 extensionem
1121 3882 1223 3936 Dei
1255 3880 1451 3936 doceat
1480 3882 1527 3947 (1
1540 3885 1624 3949 ‚73
1655 3886 1740 3949 8‚1
1763 3903 1778 3949 ;
1804 3886 1972 3948 ⁷‚2⁴)·
2005 3878 2112 3937 Sed
2145 3880 2322 3935 ultimi
2353 3880 2414 3935 hi
2437 3888 2642 3943 textus,

130 3968 209 4035 qni
244 3968 563 4040 simpliciter
594 3968 1119 4039 omnipraesentiam
1152 3966 1397 4025 divinam
1441 3967 1781 4038 exprimunt,
1821 3982 1933 4023 non
1975 3968 2150 4041 magis
2189 3966 2374 4022 favent
2419 3980 2645 4022 emana-

130 4054 302 4125 tismo,
333 4072 503 4130 quam
542 4065 833 4113 sexcentae
875 4057 1079 4113 similes
1116 4056 1351 4112 aliorum
1392 4054 1664 4111 librorum
1689 4055 2067 4127 expressiones
2115 4056 2243 4126 (Ier.
2283 4060 2474 4123 2³‚243
2506 4058 2641 4109 Act.

136 4148 277 4212 17,28
292 4160 375 4216 sq.
408 4146 557 4216 etc.).
584 4147 645 4201 In
669 4145 848 4217 primo
868 4153 1053 4200 autem
1067 4186 1081 4209 ,
1115 4145 1209 4215 qui
1232 4142 1483 4198 unanimi
1508 4142 1625 4197 l‘ere
1642 4145 1874 4198 Patrum
1892 4149 1949 4198 et
1970 4142 2344 4213 antiquiorum
2367 4142 2643 4213 interpre-

131 4236 237 4285 tum
261 4247 529 4289 consensu
566 4232 636 4289 de
669 4234 945 4305 Sapientia
982 4231 1253 4287 notionali
1286 4230 1678 4301 intelligendus
1711 4239 1822 4293 est,
1861 4230 2126 4286 vocabula
2157 4228 2298 4299 ἀτμίς
2327 4238 2384 4284 et
2411 4228 2646 4300 ἀπόῤῥοια

130 4317 311 4375 eodem
332 4336 495 4377 sensu
524 4329 653 4377 sunt
680 4320 925 4377 adhibita
941 4363 955 4387 ,
994 4335 1099 4391 quo
1124 4320 1180 4374 in
1206 4327 1469 4392 sequente
1500 4317 1800 4389 ἀπαύγασμα
1831 4316 1989 4387 φωτὸς
2012 4316 2190 4385 ἀϊδίου,
2224 4332 2364 4387 quae
2391 4321 2447 4374 S.
2477 4320 2644 4373 Pau-

133 4404 207 4461 lus
229 4406 406 4465 Verbo
433 4407 621 4465 divino
644 4408 881 4481 applicat
905 4408 1099 4474 (Hebr.
1132 4412 1261 4475 t,3).

186 4576 249 4639 (ι)
280 4574 381 4628 Gir.
408 4581 459 4629 S.
490 4582 619 4643 Auo.
650 4576 761 4628 civ.
796 4574 889 4626 Dei
909 4576 1040 4625 xiil.
1076 4578 1133 4623 16
1160 4592 1170 4623 :
1198 4590 1223 4618 a
1246 4572 1491 4623 Addendo
1520 4570 1879 4635 corruptibile
1907 4586 2010 4623 non
2037 4558 2394 4637 qualicumque
2414 4585 2642 4638 corpore,

135 4653 211 4703 sed
236 4655 381 4717 quale
408 4658 597 4707 factum
629 4660 709 4707 est
734 4668 797 4705 ex
824 4658 1028 4718 peccato
1056 4655 1398 4715 consequente
1426 4650 1656 4701 vindicta
1684 4650 1904 4701 animam
1938 4650 2188 4716 perhibuit
2218 4652 2476 4715 aggravari
2503 4674 2547 4703 υ.

866 4742 1119 4790 Connus
1156 4740 1427 4787 courum).
1462 4739 1684 4785 Iis-raon.
1717 4761 1764 4771 -
1812 4740 1883 4786 23.
