3050 5184
666 372 953 418 msromA
995 374 1224 420 ‘rsxrus
1266 376 1571 421 vsasloms
1611 377 2089 422 annuemus.
2565 364 2640 424 87

161 500 322 569 edidit3
346 517 435 557 sex
464 504 613 559 enim
638 505 912 561 columnis
937 505 1208 577 disposuit
1232 516 1447 563 textum
1478 507 1817 577 hebraicum,
1846 522 2098 580 graecam
2126 509 2242 564 eius
2267 508 2643 581 transcriptio-

160 604 279 651 nem,
309 590 579 651 versiones
604 592 864 664 Aquilae,
896 593 1237 666 Symmachi,
1269 594 1797 665 Alexandrinorum,
1835 595 2256 665 Theodotionis3
2280 596 2338 651 iu
2366 596 2644 652 nonnullis

159 674 317 731 deinde
342 677 493 733 libris
510 688 623 735 tres
646 679 889 751 reliquas
912 690 1008 737 aut
1034 696 1205 738 unam
1229 681 1436 739 duasve
1455 698 1524 739 ex
1545 683 1623 740 eis
1638 682 1854 751 adiecit,
1887 683 2035 740 unde
2062 677 2165 755 pro
2184 699 2417 740 numero
2437 684 2644 739 colum-

156 778 315 819 narum
356 781 493 837 opus
538 767 709 823 etiam
755 769 1089 841 Heptapla‚
1136 770 1420 844 Octapla,
1470 772 1780 845 Enneapla
1832 771 2113 828 interdum
2157 776 2242 827 est
2283 772 2639 843 appellatum.

156 853 401 909 huelem
446 854 631 925 operis
678 855 841 912 huius
885 856 1059 913 edidit
1104 857 1493 929 compendium
1507 901 1522 923 ,
1573 860 1632 915 in
1669 875 1780 931 quo
1819 868 2057 931 quatuor
2097 874 2322 932 graecas
2365 860 2645 915 versiones

154 938 265 994 solas
302 950 541 1083 Ἑιεωοι·
574 943 848 999 columnis
883 943 1151 1017 disposuit
1192 946 1536 1019 (Tetrapla).
1579 946 1674 1003 Csr
1709 946 2093 1004 columnarum
2131 946 2546 1018 dispositionem
2585 945 2644 1001 in

156 1030 313 1098 Appen
355 1071 369 1085 .
400 1031 531 1087 vll.

210 1179 258 1237 2.
284 1213 359 1223 -
385 1180 627 1251 Quibus
647 1199 771 1243 non
790 1187 1123 1244 contentus
1140 1184 1440 1262 Origenes
1460 1184 1938 1246 alexandrinum
1957 1189 2198 1245 textum
2221 1185 2414 1245 etiam
2435 1201 2645 1245 emen-

156 1272 272 1333 dare
300 1282 392 1337 est
430 1284 691 1339 conatus
722 1280 905 1340 obelo
934 1283 1309 1358 praenotans
1338 1298 1439 1353 ea,
1477 1298 1638 1359 quae
1679 1282 1743 1341 in
1781 1280 2055 1342 hebraeo
2088 1298 2215 1343 non
2253 1281 2638 1360 legebantur,

155 1374 199 1427 et
222 1373 511 1434 asterisco
548 1376 899 1453 praemisso
940 1393 1015 1436 ex
1052 1375 1500 1437 Theodotionis
1538 1377 1826 1438 versione
1855 1377 1966 1437 illa
2003 1378 2332 1459 supplens,
2376 1393 2534 1454 quae
2579 1376 2642 1435 in

154 1465 513 1531 alexandrina
576 1471 955 1533 videbantur
1009 1472 1297 1533 deficere.
1354 1475 1444 1533 lta
1493 1472 1799 1535 formatus
1853 1477 1949 1534 est
2003 1480 2204 1533 textus
2257 1473 2637 1551 hexametris,

156 1578 307 1637 quem
332 1566 571 1628 multae
604 1568 902 1629 ecclesiae
928 1568 1327 1647 adoptarunt.

198 1676 265 1730 Ro
280 1680 599 1751 praecipum
617 1680 880 1737 tendebat
897 1680 1149 1754 origenis
1168 1680 1429 1751 studium,
1452 1691 1515 1738 ut
1537 1691 1751 1740 textum
1768 1682 2056 1746 traditum,
2087 1691 2358 1754 quantum
2386 1681 2502 1736 eius
2524 1681 2644 1735 fieri

152 1765 315 1831 potuit,
340 1782 453 1823 non
480 1776 763 1825 mutatum
785 1768 1149 1841 relinqueret;
1182 1784 1351 1842 quare
1380 1786 1446 1826 ea
1480 1770 1626 1836 sola,
1663 1790 1688 1823 α
1720 1786 1862 1843 quae
1891 1770 1964 1826 ob
1991 1768 2244 1826 codicum
2271 1770 2414 1824 inter
2442 1784 2500 1823 se
2528 1767 2642 1823 dis-

45 1898 47 1913 .
150 1853 419 1909 sonantiam
453 1854 629 1912 dubia
654 1865 839 1921 erant,
870 1870 937 1911 ex
964 1855 1191 1928 reliquis
1218 1857 1563 1915 versionibus
1589 1857 1942 1927 diiudicavit,
1973 1855 2204 1913 retentis
2229 1856 2338 1911 illis
2368 1854 2641 1923 (lectioni—

150 1936 259 2009 bus),
286 1957 421 2013 quae
454 1959 591 1999 cum
624 1944 745 1999 istis
780 1952 1177 2000 consenserunt
1207 1965 1259 2001 n.
1286 1946 1442 2015 Quae
1478 1954 1665 2001 autem
1693 1944 1977 2002 abundare
2002 1943 2354 2007 videbantur,
2385 1959 2499 1999 non
2523 1942 2644 1997 abs·

149 2026 257 2091 tulit,
282 2028 379 2085 sed
401 2031 571 2087 obelo
600 2039 815 2087 tantum
838 2031 1209 2102 praenotavit,
1237 2049 1417 2105 neque
1448 2032 1568 2089 siue
1599 2033 1883 2100 cautione,
1911 2030 2009 2087 sed
2039 2032 2299 2087 asterisco
2327 2029 2547 2099 addito,
2578 2044 2643 2083 ea

43 2120 46 2147 ἔ
151 2110 356 2185 inseruit,
387 2134 537 2191 quae
564 2118 854 2175 hebraicus
877 2126 1063 2175 textus
1086 2117 1245 2188 plura
1276 2119 1522 2176 exhibuit
1549 2119 1654 2187 (cl'r
1680 2122 1847 2192 Oriq.
1875 2120 1942 2175 In
1965 2120 2163 2175 Matth.
2183 2120 2310 2175 XV.
2331 2124 2404 2185 4).
2437 2118 2522 2173 De
2551 2132 2644 2171 as-

150 2204 447 2261 teriscorum
468 2206 597 2277 (ΞΕ)
618 2213 675 2261 et
694 2206 995 2262 obelorum
1016 2211 1103 2275 (4-
1122 2207 1209 2263 vel
1234 2220 1287 2267 -ξ-
1315 2208 1403 2263 vel
1429 2212 1546 2281 οῦ)
1575 2207 1750 2263 forma
1779 2216 1835 2263 et
1853 2222 1956 2263 usu
1982 2206 2126 2277 fuse,
2153 2205 2248 2263 sed
2273 2220 2472 2277 parum
2497 2203 2643 2260 clare

154 2289 241 2360 agit
263 2292 319 2347 S.
344 2292 553 2365 Epiph.
580 2292 672 2361 (de
692 2292 867 2350 Pond.
896 2299 951 2349 2.
985 2300 1068 2366 3);
1098 2296 1266 2353 linem
1294 2293 1610 2351 additorum
1633 2294 1718 2349 vel
1745 2294 2151 2365 superfluorum
2177 2291 2436 2348 indicavit
2461 2296 2642 2346 meto-

153 2374 279 2433 belus
302 2384 342 2447 (ε
368 2384 455 2437 vel
478 2382 547 2448 γ.
582 2382 669 2437 vel
695 2379 789 2449 ᾧ).
819 2383 1151 2455 Exemplum
1178 2381 1339 2438 huius
1363 2389 1550 2439 textus
1579 2381 1888 2453 hexaplaris
1912 2382 1983 2438 sit
2007 2384 2120 2437 Ios.
2147 2385 2267 2449 6,7.
2295 2386 2332 2436 8
2359 2401 2372 2435 :
2399 2379 2483 2433 καὶ
2504 2376 2644 2432 εἶπεν

152 2466 209 2548 Χ
228 2475 380 2541 αὺτοῖς
404 2478 593 2549 λέγων·
618 2478 985 2549 παραγγείλατε
1014 2482 1067 2535 Δ·
1092 2486 1164 2551 τῷ
1184 2479 1294 2551 λαῷ
1318 2478 1592 2549 περιελθεῖν
1619 2478 1703 2531 καὶ
1723 2477 1972 2531 nummum
1995 2475 2086 2543 τὴν
2113 2477 2277 2531 πόλιν·
2309 2476 2394 2530 καὶ
2419 2476 2468 2529 οἱ
2497 2476 2646 2547 μάχκ

39 2586 41 2607 ¹
152 2588 215 2635 :m
247 2576 741 2645 παρακορευὲσθωσαν
774 2590 834 2633 ’τ’
871 2574 1226 2646 ἐνωπλισμὲνοι
1264 2578 1315 2629 J·-
1345 2573 1566 2627 ἐναντίον
1599 2572 1671 2645 >“<·
1702 2574 1913 2627 mem-coe
1943 2571 1996 2632 ,l-
2021 2573 2185 2643 κυρίου
2216 2572 2290 2646 >“<
2327 2573 2410 2625 καὶ
2451 2571 2648 2643 ἐγένετο

39 2650 41 2717 ἕ
149 2663 199 2725 ὣς
218 2664 339 2721 εἶπεν
364 2670 561 2737 Ἰησοῦς
582 2668 703 2740 πρὸς
725 2668 810 2722 τὸν
834 2668 955 2723 λαὸν
979 2671 1029 2731 ..Ι-
1046 2713 1061 2737 ,
1094 2672 1177 2724 καὶ
1202 2670 1324 2725 ἑπτὰ
1350 2670 1495 2741 ἱερεῖς
1531 2670 1732 2741 ἔχοντες
1767 2669 1889 2724 ἑπτὰ
1925 2669 2205 2743 σάλπιγγας
2249 2668 2380 2740 ἱερὰς
2412 2684 2469 2726 ’.-
2517 2686 2645 2737 παρ-

39 2746 42 2793 {
153 2760 382 2818 ἀθέτωσαν
400 2767 641 2829 &monne
665 2763 717 2827 Δ-
743 2764 963 2820 ζναντίον
998 2772 1086 2821 τοῦ
1122 2768 1287 2839 κυρίου
1323 2768 1820 2839 παραπορευέσθωσαν
1858 2767 1970 2822 κτλ.
1999 2796 2072 2808 —-
2098 2765 2188 2822 Ob
2225 2766 2450 2821 nimiam
2489 2778 2645 2819 suam

39 2846 41 2919 f
152 2848 318 2905 molem
349 2852 597 2924 Hexapla
628 2868 915 2926 nunquam
949 2864 1078 2912 sunt
1112 2855 1440 2927 transcripta
1482 2864 1649 2927 atque
1685 2855 1938 2926 origenis
1975 2854 2280 2925 exemplar,
2321 2850 2472 2925 quod
2507 2852 2644 2907 Cae-

154 2939 352 2993 areensi
376 2938 433 2995 in
460 2939 801 2997 bibliotheca
831 2951 951 2999 erat
984 2942 1323 3015 depositum,
1355 2958 1501 2999 saec.
1526 2949 1579 2998 7.
1613 2942 1793 3014 periit.
1821 2948 1896 2998 At
1920 2941 2016 2998 illa
2043 2942 2330 3009 columna,
2364 2954 2504 3011 quae
2526 2947 2644 2994 tex-

153 3027 245 3077 tum
274 3026 694 3083 alexandrinum
732 3028 906 3085 obelis
942 3030 1323 3103 asteriscisque
1363 3029 1682 3086 distinctum
1711 3029 2052 3095 continebat,
2077 3030 2134 3085 S.
2170 3027 2445 3099 Pamphili
2482 3028 2558 3081 M.
2589 3032 2646 3081 et

154 3108 335 3168 Eusebii
356 3116 509 3171 Caes.
543 3116 689 3171 curis
710 3118 873 3173 toties
900 3127 983 3173 est
1005 3116 1297 3189 descripta,
1320 3126 1382 3173 ut
1411 3119 1837 3190 palaestinenscs
1860 3117 2122 3173 ecclesiae
2150 3130 2342 3171 omnes
2365 3112 2646 3169 codicibus

156 3193 499 3270 hexaplaribus
526 3212 833 3261 uterentur.
860 3206 1041 3262 Hodie
1062 3206 1338 3277 integrum
1362 3206 1478 3260 eius
1501 3205 1783 3275 exemplar
1807 3220 1919 3261 non
1946 3204 2181 3276 amplius
2209 3210 2486 3273 superest3
2509 3216 2646 3257 non-

155 3285 275 3341 nulla
295 3298 477 3346 autem
504 3299 639 3347 sunt
662 3302 986 3349 conservata
1011 3307 1182 3365 quum
1204 3294 1261 3349 in
1290 3294 1500 3365 graecis
1526 3292 1808 3349 nonnullis
1832 3291 2142 3359 codicibuS,
2176 3301 2296 3348 tum
2322 3289 2562 3347 maxime
2587 3289 2647 3345 in

157 3374 365 3431 versione
386 3379 604 3450 syriaca
626 3388 811 3435 textus
835 3379 1149 3453 hexaplaris
1177 3379 1337 3448 (infra
1367 3384 1399 3449 S
1430 3386 1517 3437 12.
1549 3382 1644 3437 vl.
1675 3395 1730 3451 p.
1763 3383 1874 3448 98).

216 3526 265 3583 3.
294 3558 365 3569 -
393 3528 683 3607 Origenis
711 3530 991 3609 hexaplis
1020 3529 1407 3591 alexandrini
1434 3535 1639 3593 textus
1669 3530 2048 3591 incertitudo
2080 3548 2208 3591 non
2237 3533 2335 3590 est
2371 3528 2643 3600 sublata,

161 3618 247 3679 sed
266 3624 541 3685 conlusio
568 3630 783 3700 aucta3
808 3631 1192 3707 quapropter
1220 3631 1487 3688 exeunte
1516 3644 1680 3688 saec.
1701 3628 1758 3686 3.
1792 3628 2100 3689 Lucmvus
2115 3628 2193 3687 Μ.
2215 3631 2280 3687 et
2306 3628 2646 3687 Haeremus

166 3712 405 3780 ll.novis
432 3722 603 3784 curis
641 3724 989 3783 versionem
1020 3741 1096 3784 ex
1123 3727 1297 3785 textu
1339 3724 1632 3783 hebraico
1671 3722 2006 3783 emendare
2051 3723 2260 3783 conati
2289 3726 2457 3782 sunt.
2498 3722 2648 3780 Tres

165 3808 319 3885 igitur
343 3815 627 3879 diversae
656 3819 809 3879 olim
838 3820 1174 3881 adfuerunt
1200 3820 1636 3880 alexandrinae
1656 3818 1962 3879 versionis
1990 3819 2389 3879 recensiones
2409 3860 2424 3887 ,
2447 3834 2484 3877 a
2512 3816 2650 3893 qui·

164 3903 255 3965 bus
278 3927 489 3975 omnes
518 3914 771 3975 codices
800 3916 1169 3994 superstites
1200 3915 1576 3995 dependent.

220 4020 268 4075 S.
292 4024 683 4097 Hieronymus
711 4026 801 4094 (ad
828 4029 1001 4083 Sunn.
1029 4037 1085 4083 et
1110 4030 1257 4084 Fret.
1290 4044 1373 4099 ep.
1410 4032 1633 4097 meaa)
1659 4028 1776 4084 iam
1796 4026 2012 4085 monuit
2039 4047 2065 4077 α
2097 4025 2450 4081 librariorum
2481 4022 2651 4095 negli-

170 4110 315 4170 sentia
336 4113 559 4185 virgulis
596 4122 653 4169 et
692 4115 963 4171 asteriscis
1008 4113 1303 4171 subtractis
1343 4115 1756 4171 distinctionem
1796 4114 2110 4170 universam
2138 4126 2256 4169 esse
2293 4108 2581 4167 confusam
2619 4132 2646 4161 »

172 4199 301 4263 atquc
332 4201 672 4269 primitivum
704 4210 918 4258 textum
954 4203 1373 4259 alexandrinum
1416 4203 1605 4258 multis
1645 4202 1880 4258 aliarum
1917 4200 2231 4256 versionum
2269 4197 2483 4254 laciniis
2533 4212 2652 4253 esse

174 4276 428 4343 foedatum.
449 4288 585 4344 Ideo
610 4292 923 4353 Lucianus,
944 4290 1227 4363 presbyter
1253 4290 1632 4353 antiochenus,
1659 4290 1967 4361 Scripturas
1990 4286 2376 4343 alexandrinas
2403 4304 2428 4337 α
2460 4299 2653 4341 omncs

174 4380 231 4419 ex
252 4368 518 4431 hebraica
559 4376 785 4449 linqua,
812 4393 981 4449 quam
1008 4378 1217 4449 optime
1257 4377 1520 4441 callebat,
1547 4378 1854 4433 renovavit
1893 4376 2134 4431 maximo
2173 4373 2362 4429 labore
2397 4373 2456 4428 in
2498 4371 2653 4428 illam

176 4460 587 4519 emendationem
617 4464 819 4521 collato
851 4485 876 4516 n
907 4465 1078 4537 (δίνη.
1112 4464 1408 4538 ΜείαρΙιν.
1448 4467 1626 4521 Mens,
1673 4466 1790 4520 lan.
1821 4467 1930 4531 7.);
1969 4470 2136 4533 atque
2173 4459 2369 4517 eodem
2404 4468 2653 4532 tempore

177 4542 443 4613 Hesychius
480 4554 551 4607 Η.
588 4552 643 4606 ἰιι
672 4554 923 4625 Aegypto
959 4552 1193 4609 similem
1228 4551 1532 4608 editionem
1564 4552 1794 4607 curavit.
1835 4548 2000 4606 Unde
2029 4547 2238 4605 factum
2265 4556 2376 4614 est,
2413 4555 2477 4603 ut
2505 4563 2649 4603 saec.

178 4632 219 4680 ⁴-
242 4640 289 4685 et
308 4640 360 4690 5.
390 4658 413 4685 α
438 4638 771 4697 Alexandria
792 4648 851 4695 et
876 4643 1157 4712 Aegyptus
1181 4640 1241 4695 in
1267 4640 1625 4711 Septuaginta
1655 4638 1766 4693 suis
1792 4638 2148 4709 Hespe-Itium
2174 4634 2426 4693 laudaret
2461 4644 2652 4690 aucto-

180 4726 292 4783 rem,
313 4722 796 4799 Constantinopolis
823 4742 997 4798 usque
1023 4725 1373 4783 Antiochiam
1397 4728 1652 4782 Lucia‘ni
1667 4730 1739 4781 M.
1768 4726 2098 4795 exemplaria
2124 4724 2412 4792 probaret,
2437 4720 2654 4777 mediae
