3050 5184
1890 57 1959 118 ᾳ

745 346 986 391 rArnuu
1027 344 1378 389 svs-remu
1423 344 1911 391 anancaeo-rica,
2486 324 2600 385 151

138 486 174 539 et
193 481 624 543 commentariis
653 480 970 540 illustrare
1009 481 1116 538 aut
1153 476 1438 537 homiliis
1483 478 1727 555 populo
1759 478 2067 555 explicare
2098 476 2475 553 coeperunt,
2506 476 2601 531 at-

138 594 216 652 que
239 578 304 635 ab
340 596 410 637 eo
447 582 730 655 tempore
769 576 928 637 duae
973 574 1149 652 quasi
1193 573 1615 652 interpretum
1660 573 1910 635 scholae
1961 573 2265 650 distingui
2304 573 2600 649 possunt,

52 712 55 725 ·
135 690 242 749 quae
258 674 566 751 principiis
585 671 1072 733 hermeneuticis
1093 670 1417 733 differunt.
1431 670 1617 729 Prior
1634 670 1863 730 literali
1888 687 2074 730 sensu
2099 669 2295 746 magis
2316 668 2603 727 minusve

133 770 425 844 posthabito
467 770 772 831 moralem
814 772 878 829 et
911 766 1311 845 allegoricam
1352 767 1840 845 explicationem
1879 766 2303 844 praeferebat;
2352 764 2603 825 alexan-

133 867 266 925 drina
285 872 550 938 vocatur,
581 866 729 943 quia
759 863 1170 925 Alexandriae
1200 863 1304 923 hic
1333 862 1790 941 interpretandi
1821 862 2052 925 modus
2081 861 2351 923 maxime
2382 864 2477 920 est
2506 877 2605 921 ex·-

131 962 298 1021 cultus.

176 1076 381 1146 systema
416 1076 896 1133 hermeneuticum
924 1072 1432 1131 Alexandrinorum
1479 1074 1775 1146 praecipue
1801 1073 2063 1145 expolivit
2097 1073 2381 1145 OrigeneS‚
2414 1070 2511 1143 qui
2546 1070 2604 1127 in

131 1162 374 1233 allegoricis
407 1156 764 1237 mysticisque
787 1160 1242 1239 erplicationibus
1272 1160 1600 1233 quaerendis
1633 1162 1836 1217 limites
1864 1177 2056 1217 omnes
2093 1160 2291 1232 procul
2324 1158 2491 1215 dubio
2521 1167 2604 1215 est

132 1258 458 1323 uansgresmS,
487 1252 564 1307 ita
606 1260 668 1307 ut
694 1251 840 1307 inter
882 1250 1125 1323 reliquos
1152 1251 1374 1318 Patres,
1407 1250 1502 1321 qui
1529 1249 1921 1306 alexandrinae
1959 1248 2183 1305 scholae
2221 1256 2601 1313 accensentur,

131 1338 264 1391 nullus
285 1340 609 1408 inveniatur,
637 1339 733 1411 qui
759 1339 876 1395 eius
895 1336 1160 1410 principia
1187 1336 1248 1393 in
1271 1336 1524 1393 omnibus
1554 1336 1623 1392 sit
1640 1344 1879 1393 secutus,
1907 1336 2339 1392 Trichotomiam
2366 1334 2603 1407 platoni-

130 1440 214 1479 cam
235 1426 516 1497 Scripturis
541 1426 822 1498 applicans
847 1426 906 1483 in
931 1427 1010 1481 eis
1030 1441 1230 1497 corpus
1260 1430 1504 1493 (sensum
1527 1424 1842 1493 literalem),
1874 1423 2121 1480 animam
2150 1423 2391 1496 (sensum
2418 1438 2603 1479 mora-

131 1510 242 1576 lemj..
279 1514 530 1585 spiritum
570 1520 812 1582 (sensum
855 1513 1164 1587 mysticum)
1209 1512 1525 1584 distinguit;
1574 1521 1841 1584 quantum
1888 1520 2071 1568 autem
2119 1510 2336 1583 corpori
2380 1510 2604 1582 spiritus

132 1610 334 1671 praestet,
355 1612 582 1658 tantum
609 1602 808 1658 literali
837 1602 1022 1657 sensui
1048 1600 1342 1674 mysticum
1370 1600 1689 1670 praevalere
1716 1608 1923 1655 censet.
1959 1601 2021 1655 In
2049 1599 2329 1655 nonnullis
2358 1598 2604 1670 partibus

132 1701 204 1740 non
223 1706 323 1745 esse
349 1688 732 1762 quaerendum
757 1705 981 1746 sensum
1008 1689 1308 1757 literalem,
1337 1687 1397 1743 in
1425 1688 1550 1743 aliis
1576 1703 1695 1743 esse
1730 1686 2090 1761 negligendas
2127 1687 2441 1759 allegoriaS,
2477 1685 2603 1758 quia

131 1774 320 1833 edificet
341 1778 504 1835 litera
519 1820 534 1845 ‚
555 1778 614 1833 in
636 1777 762 1833 aliis
785 1792 980 1833 omncs
1001 1784 1118 1833 tres
1139 1792 1333 1833 sensus
1356 1776 1589 1831 inveniri
1610 1775 1793 1831 docet.
1824 1776 2125 1831 Literalem
2151 1790 2283 1847 ergo
2301 1788 2416 1831 non
2442 1774 2606 1845 plane

133 1864 278 1931 reiicit,
303 1875 360 1921 at
383 1866 580 1923 multis
603 1866 664 1921 in
690 1865 830 1921 locis
855 1866 1005 1921 iuxta
1033 1865 1253 1921 literam
1279 1864 1591 1935 Scripturas
1621 1871 1780 1932 putat
1800 1861 2001 1919 docere
2028 1862 2383 1935 impossibilia
2412 1870 2467 1918 et
2482 1864 2603 1917 Deo

131 1948 314 2021 indigna,
341 1970 446 2011 nec
475 1969 638 2025 posse
667 1952 1140 2025 Evangelistarum
1169 1951 1518 2023 antiphanias
1546 1952 1683 2006 solvi
1724 1951 1832 2006 nisi
1859 1966 1960 2021 per
1986 1951 2167 2007 solum
2198 1965 2421 2007 sensum
2444 1950 2604 2022 spiri-

131 2039 292 2096 tualem.
319 2043 526 2098 Totam
569 2049 850 2113 praeterea
891 2041 1074 2113 legem
1112 2039 1370 2095 ritualem
1409 2048 1463 2094 et
1497 2039 1956 2095 caeremonialem
1998 2037 2333 2095 Iudaeorum
2377 2037 2607 2111 mystice

132 2139 209 2179 esse
228 2128 598 2198 explioendam
623 2129 818 2185 asserit
839 2129 1151 2199 omniaque,
1186 2142 1328 2199 quae
1357 2126 1426 2183 de
1443 2125 1677 2193 Iudaea,
1704 2127 2027 2195 Ierusalem,
2055 2126 2245 2193 Israel,
2271 2124 2408 2182 Iuda
2430 2134 2487 2181 et
2514 2127 2605 2181 Ia·-

127 2212 211 2271 oeb.
232 2214 290 2271 de
307 2224 560 2291 Aegypto
579 2227 634 2273 et
657 2217 962 2289 Aegyptiis,
987 2214 1272 2289 Babylone
1299 2223 1356 2270 et
1375 2214 1694 2287 Babyloniis
1712 2223 1821 2271 etc.
1853 2230 1883 2270 a
1913 2214 2201 2286 prophetis
2226 2214 2505 2281 dicuntur,
2536 2213 2607 2269 ad

131 2301 326 2360 eoelestia
363 2320 541 2378 regna
571 2320 874 2377 corumque
905 2302 1274 2371 habitatores,
1307 2301 1381 2359 ad
1403 2301 1585 2359 bonos
1609 2310 1665 2358 et
1702 2303 1881 2359 malos
1906 2302 2134 2375 angelos
2169 2310 2275 2357 etc.
2306 2317 2425 2358 esse
2462 2300 2606 2357 rese-

129 2388 250 2445 reuda
275 2391 358 2458 {de
381 2394 572 2449 Ptine.
601 2393 694 2447 IV.
733 2399 792 2447 11
835 2397 1003 2463 sqq.)-

178 2550 222 2607 3.
245 2583 317 2597 -
341 2553 557 2614 Altera
603 2552 846 2626 schola,
881 2569 1040 2629 quae
1076 2550 1432 2612 antiochena
1478 2556 1757 2623 vocatur,
1793 2550 1939 2629 quia
1982 2551 2117 2611 eius
2156 2554 2435 2628 systema
2468 2550 2606 2612 her-

127 2649 498 2711 meneuticum
525 2650 602 2709 ab
632 2648 1023 2709 antiochenis
1051 2649 1342 2709 Patribus
1373 2652 1470 2708 est
1498 2648 1847 2719 excultum,
1882 2647 2193 2707 literalem
2226 2664 2479 2707 sensum
2510 2647 2608 2707 di-

129 2740 360 2816 ligentius
387 2746 809 2825 investigabat
837 2744 1107 2805 morales
1136 2745 1595 2823 applicationes
1626 2747 1740 2804 aut
1774 2743 2141 2821 allegoricas
2183 2744 2610 2820 expositiones

127 2840 274 2915 magis
289 2828 635 2921 negligens.
661 2842 894 2903 Eadem
914 2845 1126 2902 autem
1146 2842 1457 2920 principia
1477 2841 1670 2901 etiam
1700 2844 2039 2901 tenuerunt
2067 2839 2390 2917 praecipui
2423 2840 2611 2899 inter-

128 2940 282 3007 pretes
306 2940 519 3017 Syriae
550 2938 909 3009 orientaliS,
944 2938 1052 3016 qui
1084 2936 1330 2999 scholae
1359 2936 1666 2997 nisibenae
1708 2937 1809 2997 vel
1849 2938 2163 2996 edessenae
2200 2935 2612 2997 adnumeran-

127 3034 212 3090 lnr.
237 3034 292 3094 Si
318 3036 503 3113 pauci
533 3034 891 3095 antiocheni
923 3035 1330 3113 interpreteS‚
1357 3034 1467 3111 qui
1487 3052 1523 3093 a
1545 3052 1693 3094 vera
1713 3033 1835 3094 fide
1859 3032 2257 3107 defecerunt,
2295 3030 2613 3110 excipiun-

129 3129 214 3193 tur,
245 3130 562 3193 fatendum
601 3136 728 3201 est,
772 3132 850 3192 ab
892 3130 1269 3191 antiochena
1314 3131 1526 3192 schola
1556 3130 1717 3191 illud
1748 3128 2294 3191 hermeneuticum
2341 3133 2615 3207 systema

126 3237 224 3283 esse
257 3232 596 3302 statutum,
631 3227 801 3305 quod
834 3227 1178 3288 catholicus
1209 3228 1518 3305 interpres
1549 3228 1729 3304 sequi
1761 3228 1971 3288 debet.

175 3348 552 3407 Antiochenam
587 3359 826 3422 systema
864 3348 1340 3405 hermeneuticum
1378 3366 1446 3405 ex
1473 3351 1531 3405 S.
1562 3349 1946 3421 chrysostomi
1980 3356 2037 3405 et
2078 3348 2419 3405 Theodoreti
2456 3364 2613 3405 com-

128 3436 354 3492 mentariis
380 3447 438 3495 et
467 3454 534 3493 ex
564 3438 619 3493 S.
654 3435 852 3494 Isidori
872 3436 1184 3493 Pelusiotae
1213 3437 1460 3510 epistolis
1485 3437 1785 3509 colligitur.
1818 3435 2135 3493 Secundum
2162 3452 2276 3505 eos,
2299 3436 2424 3493 libri
2450 3438 2613 3505 sacri,

127 3525 272 3588 utpote
293 3524 360 3579 ab
393 3524 713 3581 hominibus
750 3541 850 3597 pro
889 3524 1206 3583 hominibus
1239 3526 1557 3597 conscripti,
1601 3524 1853 3596 proxime
1892 3524 2091 3581 eodem
2119 3525 2307 3592 modo,
2341 3541 2453 3597 qno
2491 3525 2618 3581 libri

129 3608 306 3679 mani,
336 3611 651 3686 explicandi
673 3622 822 3681 sunt,
853 3612 891 3669 i.
926 3629 975 3669 e.
1009 3628 1204 3670 eorum
1241 3629 1434 3669 sensus
1476 3613 1737 3681 literaliS,
1769 3628 1936 3684 quem
1966 3612 2251 3684 proprium
2289 3622 2345 3669 et
2371 3614 2614 3669 transla-

127 3698 209 3747 tum
232 3696 582 3775 distinguunt,
615 3716 682 3757 ex
709 3700 1101 3771 grammatica,
1131 3709 1422 3770 contextu,
1457 3700 1683 3757 historia
1712 3698 2129 3771 investigandus
2156 3708 2213 3757 et
2236 3699 2616 3757 determinan-

127 3775 198 3834 dus
215 3794 310 3853 θεῖς
339 3796 508 3860 atque
533 3787 936 3845 attendendum
968 3804 1191 3862 quoque
1220 3804 1339 3845 esse
1359 3797 1587 3844 monent
1606 3789 1675 3843 ad
1701 3788 2046 3860 singulorum
2062 3789 2395 3860 scriptorum
2410 3789 2617 3861 stylum

131 3863 446 3947 loquendique
475 3875 702 3946 modOS,
732 3877 992 3948 quoniam
1029 3877 1262 3949 Spiritus
1294 3878 1350 3933 S.
1389 3875 1747 3947 scriptoribus
1778 3891 1879 3931 ceu
1904 3876 2289 3931 instrumentis
2318 3875 2455 3931 vivis
2486 3891 2619 3931 usus

131 3962 200 4008 ‘st-
223 3960 378 4017 Porro
399 3964 457 4019 in
483 3963 674 4020 multis
700 3965 768 4021 V.
790 3966 855 4020 T.
882 3964 1020 4020 locis
1045 3973 1353 4037 agnoscunt
1379 3980 1603 4021 sensum
1632 3964 1906 4037 typicum3
1944 3963 2042 4019 sed
2071 3980 2195 4031 eos,
2237 3984 2263 4015 α
2301 3964 2398 4035 qui
2427 3963 2612 4019 omnia

135 4040 184 4093 ἃᾶ
200 4044 449 4107 Christum
473 4050 772 4108 transferre
791 4060 1086 4123 conantur,
1118 4052 1546 4125 reprehensione
1573 4068 1689 4108 non
1710 4068 1901 4109 carcre
1929 4060 2182 4119 censent3
2210 4066 2343 4107 nam
2367 4050 2499 4107 dum
2524 4066 2610 4119 ea,

135 4140 240 4195 quae
255 4134 316 4193 de
339 4139 456 4211 ipso
483 4139 634 4197 dicta
653 4154 768 4197 non
789 4141 920 4210 sint,
951 4154 1052 4212 per
1075 4142 1185 4197 vim
1213 4148 1704 4213 contorqueantur‚
1739 4140 1795 4195 id
1825 4140 1993 4209 effici,
2023 4148 2086 4195 ut
2119 4155 2204 4208 ea,
2240 4154 2382 4209 quae
2416 4136 2485 4193 de
2516 4138 2613 4195 illo

137 4212 246 4275 haud
265 4235 504 4284 contorte
525 4227 672 4285 dicta
699 4228 824 4296 sint,
855 4226 915 4285 in
937 4228 1308 4300 suspicionem
1343 4229 1567 4284 veniant
1598 4249 1647 4283 ».
1684 4227 1971 4283 Effrenum
2006 4224 2205 4282 deinde
2234 4225 2375 4282 illud
2402 4226 2613 4297 allego-

137 4306 298 4366 riarum
323 4315 562 4371 studium
592 4314 912 4387 repudiant,
951 4324 1011 4373 at
1033 4316 1104 4373 ab
1139 4316 1450 4390 allegoricis
1487 4314 2093 4371 accommodationibus
2128 4330 2243 4369 non
2289 4314 2450 4383 plane
2484 4313 2611 4369 abs-

136 4388 294 4461 finfflts
317 4402 672 4459 sollertissimi
693 4412 882 4461 autem
908 4412 1038 4461 sunt
1063 4404 1126 4461 in
1153 4404 1504 4461 consectariis
1544 4402 1800 4473 practicis
1828 4419 1895 4457 ex
1930 4401 2214 4471 Scriptura
2253 4398 2607 4456 deducendis.

185 4480 348 4555 Neque
381 4498 566 4547 tamen
601 4492 746 4548 inter
771 4492 1150 4549 Antiochenos
1188 4492 1514 4557 deruerunt,
1544 4491 1641 4562 qui
1667 4506 1702 4546 a
1730 4488 2142 4562 sapientissimis
2176 4490 2481 4559 praeceptis
2511 4488 2611 4545 de-

138 4564 329 4657 threnn
355 4578 432 4633 uti
452 4580 718 4652 Origenoe
741 4580 1092 4652 allegoricam
1117 4581 1539 4652 explicationem
1562 4580 1702 4633 tanti
1731 4577 1879 4647 fecit,
1901 4586 1964 4633 ut
1988 4576 2265 4633 literalem
2287 4577 2607 4651 negligeret.

135 4660 188 4705 ὡ]
210 4658 504 4723 Theodorus
529 4669 855 4739 mopsuest„
877 4676 940 4723 ut
957 4667 1248 4741 allegorias
1269 4669 1518 4735 evitaret,
1547 4667 1725 4737 ipsum
1748 4667 1997 4739 typicum
2016 4680 2240 4722 sensum
2264 4666 2609 4735 arctioribuS,
