3050 5184
1182 335 1560 381 APPENDICES.
2529 325 2650 384 633

114 467 371 524 disertum
410 465 607 537 fuisse,
658 467 953 524 Ieremiam
994 483 1155 534 vero,
1188 470 1441 540 quamvis
1470 469 1542 525 ob
1581 469 1818 526 eundem
1851 470 2114 542 Spiritum
2149 470 2398 527 sensibus
2435 486 2534 542 par
2583 471 2652 527 sit

122 555 310 624 Isaiae,
334 571 591 610 sermone
610 570 731 611 esse
749 556 1121 616 rusticiorem.
1150 556 1279 628 quia
1298 558 1355 612 in
1376 557 1560 612 viculo
1585 557 1655 612 sit
1676 566 1840 613 natus
1857 599 1874 626 ‚
1901 559 2102 613 iterum
2121 561 2180 614 S.
2201 559 2366 614 Hier.
2389 556 2524 632 dicit
2543 567 2648 614 etc.

120 642 265 698 ldem
282 643 457 698 elucet
478 659 545 698 ex
565 642 782 699 diverso
806 643 1003 714 modo,
1028 660 1139 715 quo
1158 642 1368 700 diversi
1394 645 1695 714 scriptores
1723 643 1948 701 easdem
1975 659 2065 700 res
2085 653 2268 716 gestas
2293 653 2394 700 aut
2420 643 2648 700 eosdem

116 746 385 786 sermones
412 731 643 786 Domini
676 731 1023 804 aliorumque
1055 731 1207 786 haud
1234 731 1618 804 infrequenter
1645 731 1894 788 referunt
1919 732 2024 804 (el'r
2053 748 2108 805 p.
2141 738 2248 788 495
2277 736 2410 804 sq.).
2437 733 2559 801 Qua
2581 731 2652 788 de

115 818 419 874 diversitate
436 819 499 874 S.
528 824 679 892 Any.
712 834 883 891 agens
912 837 937 872 ι
963 827 1025 874 ut
1050 820 1285 892 quisque
1316 821 1643 877 meminerat
1659 862 1673 888 ‚
1697 821 1902 892 inquit,
1929 830 1987 877 et
2013 827 2080 876 ut
2105 821 2304 892 cuique
2325 818 2482 875 cordi
2509 829 2647 888 erat,

116 907 195 962 vel
221 907 437 962 brevius
468 907 557 963 vel
588 907 855 977 prolixius
884 906 1121 964 eandem
1160 917 1381 977 tamen,
1414 909 1690 980 explicare
1719 909 2078 976 sententiam,
2110 909 2185 964 ita
2223 923 2320 964 eos
2348 908 2652 979 explicasse

118 994 453 1051 manifestum
481 1003 564 1050 est
588 1015 613 1045 a»
626 1039 641 1064 ,
660 995 1113 1068 differentiasque
1132 1013 1163 1050 a
1185 999 1307 1052 Deo
1327 995 1628 1067 permissas
1645 1011 1766 1052 esse
1786 995 1970 1066 docet,
1997 1005 2058 1052 ut
2087 1017 2112 1048 α
2143 996 2284 1052 nihil
2301 996 2360 1052 in
2379 995 2651 1066 cuiusque

114 1081 286 1138 verbis
310 1083 697 1155 inspiciamuS‚
732 1084 837 1140 nisi
873 1085 1215 1140 voluntatem
1242 1086 1336 1140 cui
1361 1084 1568 1140 debent
1596 1083 1764 1142 verba
1791 1085 1998 1140 servire
2027 1105 2080 1150 n,
2107 1092 2166 1140 et
2187 1093 2250 1140 ut
2279 1083 2652 1155 intelligamus

114 1193 141 1220 ιι
162 1187 273 1226 non
296 1179 411 1227 tam
436 1171 733 1228 verborum
764 1187 929 1242 quam
960 1187 1147 1230 rerum
1184 1173 1562 1244 quaerendam
1589 1173 1678 1228 vel
1703 1171 2146 1243 amplectendam
2179 1187 2300 1228 esse
2331 1171 2648 1236 veritatem,

110 1258 323 1332 quando
354 1275 481 1328 eos,
516 1261 626 1332 qui·
650 1275 765 1316 non
796 1259 995 1316 eadem
1036 1261 1321 1317 locutione
1366 1270 1622 1329 utuntur,
1671 1275 1844 1333 quum
1890 1261 2058 1316 rebus
2093 1260 2490 1332 sententiisque
2532 1273 2648 1314 non

107 1347 437 1417 discrepant,
466 1349 521 1403 in
542 1347 739 1404 eadem
768 1349 996 1404 veritate
1016 1348 1329 1404 constitisse
1349 1348 1726 1420 approbamus
1749 1369 1800 1416 n,
1829 1369 1853 1399 α
1883 1365 2023 1404 neve
2049 1356 2308 1419 putemus
2337 1347 2494 1420 quasi
2519 1362 2651 1402 con-

104 1437 322 1492 secratis
347 1435 499 1492 sonis
524 1436 601 1492 ita
630 1436 835 1492 muniri
866 1437 1157 1492 veritatem
1173 1478 1189 1506 ‚
1216 1446 1503 1510 tamquam
1526 1441 1682 1494 Deus
1705 1435 1868 1492 nobis
1893 1435 2368 1509 quemadmodum
2389 1450 2541 1504 rem,
2569 1434 2648 1490 sic

106 1524 295 1593 rerba,
321 1539 463 1594 quae
504 1532 733 1596 propter
766 1524 924 1580 illam
950 1532 1083 1580 sunt
1108 1524 1375 1592 dicenda,
1414 1522 1797 1592 commendet;
1831 1539 2004 1597 quum
2029 1525 2106 1580 ita
2139 1522 2324 1595 potius
2349 1539 2471 1586 res,
2504 1536 2646 1594 quae

102 1611 331 1668 dicenda
359 1620 470 1682 est,
492 1612 867 1680 sermonibuS‚
895 1628 995 1685 per
1020 1628 1159 1685 quos
1178 1612 1415 1669 dicenda
1441 1622 1527 1669 est
1545 1657 1558 1682 ‚
1587 1611 1952 1684 praeferatur,
1975 1621 2040 1667 ut
2064 1612 2198 1668 istos
2217 1611 2447 1667 omnino
2473 1625 2647 1681 quae-

102 1717 223 1756 rere
248 1716 358 1756 non
381 1699 737 1770 deberemuS,
770 1701 817 1756 si
847 1715 971 1757 eam
996 1700 1115 1757 sine
1143 1701 1229 1756 his
1255 1716 1418 1756 nosse
1444 1716 1764 1771 possemus,
1795 1700 1936 1756 sicut
1963 1700 2120 1755 illam
2147 1700 2304 1756 novit
2331 1701 2482 1754 Deus
2505 1706 2563 1754 et
2589 1698 2646 1752 in

106 1789 225 1860 ipso
260 1788 437 1860 angeli
466 1789 583 1844 eius
612 1809 639 1846 n
664 1788 731 1844 ¹⁷.
1500 1795 1505 1800 ’

178 1935 236 1990 5.
265 1965 341 1974 -
374 1933 459 1990 De
495 1931 863 1992 extensione
908 1931 1341 2009 inspirationis
1380 1931 1566 1990 Cone.
1609 1930 1812 1991 Vatic.
1857 1929 2019 1988 nihil
2063 1929 2205 1988 novi
2247 1929 2486 2000 statuit,
2533 1927 2643 1986 sed

96 2027 447 2087 Tridentini
497 2028 757 2088 Concilii
797 2032 1049 2087 tantum
1104 2027 1298 2088 verba
1345 2026 1632 2104 repetiit,
1681 2041 1880 2103 quum
1941 2025 2136 2084 libros
2181 2027 2456 2102 integros
2500 2039 2646 2082 cum

97 2123 391 2184 omnibus
422 2125 551 2184 suis
582 2125 868 2202 partibus
899 2123 1241 2202 inspiratos
1272 2139 1409 2182 esse
1449 2122 1798 2182 declararet
1817 2119 1892 2180 ⁴⁸.
1921 2121 2099 2180 Licet
2130 2121 2324 2200 igitur
2349 2121 2426 2180 de
2455 2136 2645 2180 accu-

96 2229 229 2282 rata
266 2221 544 2282 nominis
574 2225 845 2300 parcium
886 2222 953 2281 in
998 2221 1117 2282 hoc
1155 2220 1408 2280 decreto
1458 2219 1926 2297 significatione
1969 2219 2162 2278 etiam
2201 2217 2392 2278 hodie
2434 2215 2644 2278 variae

95 2319 445 2380 sententiae
471 2319 642 2379 salva
680 2318 803 2379 fide
843 2318 1045 2378 teneri
1087 2322 1353 2396 queant,
1397 2315 1664 2376 dubium
1699 2319 1911 2374 tamen
1949 2333 2078 2375 non
2116 2319 2232 2387 est,
2257 2314 2410 2391 quin
2433 2331 2470 2374 a
2493 2329 2644 2374 vero

91 2417 407 2488 aberrent,
458 2417 565 2494 qui
617 2417 682 2474 in
732 2415 1079 2492 Scripturis
1124 2432 1199 2474 ea
1242 2430 1405 2490 quae
1450 2412 1604 2472 fidei
1653 2429 2038 2488 morumque
2086 2411 2439 2472 doctrinam
2487 2427 2641 2471 con-

96 2514 303 2572 tinent
346 2513 423 2572 ab
475 2513 645 2582 aliis,
700 2513 933 2592 quibus
978 2511 1317 2571 historicae
1369 2510 1737 2586 similesque
1780 2509 2076 2569 notiones
2114 2507 2472 2577 traduntur,
2525 2505 2648 2565 dis-

90 2611 455 2688 tinguentes
490 2610 977 2688 inspirationem
1022 2609 1100 2668 ad
1142 2608 1359 2686 priora
1394 2607 1525 2666 sola
1561 2623 1701 2665 sese
1733 2604 2071 2665 extendere
2105 2609 2424 2677 asserunt3
2454 2606 2646 2680 atque

90 2708 299 2769 multo
323 2707 577 2784 longius
600 2707 925 2778 aberrant,
956 2706 1065 2784 qui
1096 2704 1269 2764 iniis
1296 2704 1762 2780 scripturarum
1789 2702 2096 2780 partibuS‚
2127 2717 2286 2778 quas
2311 2700 2648 2777 inspiratas

90 2823 231 2866 esse
268 2809 521 2883 negant,
560 2820 831 2875 errores,
874 2805 1131 2880 mythos
1178 2800 1834 2876 contradictionesque
1877 2797 2156 2857 invenire
2189 2797 2433 2856 volunt.
2477 2794 2644 2855 Illud

88 2903 267 2961 enim
294 2903 559 2961 omnino
586 2904 878 2962 teneatur
908 2903 1179 2978 oportet,
1209 2899 1275 2957 in
1313 2897 1493 2957 libris
1524 2897 1751 2968 sacris,
1784 2895 2002 2972 quales
2034 2911 2108 2954 ex
2140 2893 2520 2970 scriptorum
2555 2892 2646 2949 in·

86 3001 472 3076 spiratorum
510 2999 807 3058 manibus
836 2997 1231 3077 prodierunt,
1276 2994 1525 3056 nullutn
1556 2992 1833 3053 adfuisse
1876 3007 2156 3051 errorem
2194 3007 2402 3068 neque
2449 2989 2645 3048 ullam

86 3095 701 3165 contradictionem,
733 3095 883 3172 quia
914 3093 1143 3170 integri
1174 3093 1562 3169 argumenti,
1593 3090 1720 3150 sive
1751 3089 1989 3148 directe
2017 3087 2098 3148 ad
2137 3087 2330 3146 fidem
2361 3101 2645 3146 morum-

88 3210 215 3269 que
246 3192 537 3268 regulam
565 3195 807 3269 spectat
830 3191 964 3250 sive
992 3207 1155 3262 non,
1186 3191 1350 3248 Deus
1380 3188 1519 3266 ipse
1551 3191 1649 3247 est
1673 3185 2016 3264 primarius
2045 3187 2284 3244 auctor.

156 3338 349 3396 Verba
377 3356 511 3396 cum
540 3340 814 3394 omnibus
847 3341 973 3395 suis
1006 3337 1287 3410 partibus
1320 3335 1632 3391 Concilium
1668 3331 1824 3388 Trid.
1860 3347 1960 3387 suo
1996 3330 2225 3387 decreto
2259 3329 2555 3398 adiecisse,
2587 3338 2650 3385 ut

84 3427 495 3499 particularum
526 3426 894 3499 quarumdam
934 3427 1361 3498 Evangeliorum
1394 3421 1823 3479 canonicitatem
1857 3418 2107 3490 proxime
2141 3427 2416 3486 tueretur,
2456 3417 2554 3473 sed
2583 3434 2648 3474 ea

82 3519 161 3572 ita
205 3531 333 3572 ωδε
376 3524 728 3588 comparata,
762 3524 823 3570 ut
862 3514 1027 3570 simul
1074 3512 1503 3569 canonicitatem
1549 3509 1792 3580 partium
1837 3507 2470 3562 deuterocanonicarum
2522 3507 2645 3560 Vet.

79 3609 237 3662 Test.
280 3605 589 3673 vindicent,
622 3603 751 3660 alibi
778 3603 889 3659 iam
915 3601 1265 3658 ostendimus
1278 3600 1343 3654 ¹⁹.
1368 3600 1491 3654 Hac
1520 3597 1692 3669 igitur
1719 3597 2044 3668 quaestione
2067 3595 2454 3667 praetermissa
2481 3601 2650 3663 atque

78 3696 459 3765 antiquorum
497 3708 718 3766 quoque
752 3690 1159 3746 haereticorum
1192 3686 1700 3756 (Manichaeorum,
1747 3683 2175 3753 Gnosticorum,
2215 3682 2482 3737 Marcion.
2519 3679 2648 3748 etc.)

78 3791 181 3838 aut
208 3783 425 3854 integri
452 3783 576 3836 Vet.
608 3783 759 3836 Test.
792 3787 889 3835 aut
912 3779 1260 3849 integrorum
1290 3774 1562 3831 librorum
1591 3783 1698 3828 etc.
1732 3772 2148 3843 Inspirationem
2177 3769 2502 3841 negantium
2526 3781 2650 3822 sen-

80 3871 287 3927 tentiis
310 3869 582 3942 neglectis
625 3868 695 3924 de
722 3867 1007 3922 modernis
1034 3873 1255 3922 tantum
1296 3861 1580 3920 erroribus
1629 3877 1804 3932 pauca
1834 3859 2125 3916 addemus,
2163 3859 2314 3912 Inter
2359 3855 2652 3928 theologos

79 3959 411 4015 catholicos
438 3956 625 4014 medio
658 3972 805 4012 saec.
840 3962 927 4012 17.
958 3955 1171 4026 Anglus
1204 3950 1460 4024 quidam,
1492 3955 1568 4005 Η.
1605 3949 1862 4018 Homeri,
1891 3949 2102 4020 primus
2131 3944 2280 4000 inter
2306 3960 2398 4014 ea,
2427 3959 2568 4015 quae
2596 3944 2654 3998 in

144 4085 259 4146 (17)
288 4088 343 4135 S.
368 4087 507 4145 Any.
532 4081 595 4131 de
614 4094 755 4130 cons.
778 4081 971 4142 Evang.
1004 4080 1076 4138 11,
1108 4081 1265 4138 12‚27.
1298 4078 1391 4134 28;
1419 4077 1592 4134 28‚67·,
1621 4077 1799 4132 ⁶6,128
1825 4074 1924 4120 etc.
1953 4071 2046 4133 (Μ.
2077 4071 2298 4128 34,1089.
2325 4072 2462 4116 1111.
2497 4067 2654 4130 1139).

146 4166 259 4228 (18)
298 4163 435 4214 coll.
460 4164 585 4213 Lac.
618 4173 757 4210 conc.
784 4171 887 4209 rec.
916 4159 1027 4208 vll.
1057 4161 1193 4206 1621.
1224 4157 1298 4204 De
1320 4153 1465 4218 prim.
1496 4153 1687 4204 schem.
1717 4149 2008 4213 disquisitio
2028 4147 2194 4211 dogm.
2224 4163 2238 4197 z
2265 4163 2288 4194 α
2314 4145 2462 4202 Quod
2485 4145 2548 4195 ad
2574 4159 2654 4196 ex-

82 4245 389 4293 tensionem
414 4241 765 4306 inspirationis
794 4241 1008 4302 spectat,
1040 4236 1231 4286 diserta
1252 4233 1596 4298 appellatione
1623 4231 1687 4280 ad
1717 4232 1870 4280 Cone.
1897 4228 2036 4277 Trid.
2064 4226 2390 4290 significatur,
2416 4238 2508 4274 eas
2531 4239 2657 4288 par·

84 4327 169 4372 tes
214 4320 507 4373 credendas
552 4333 663 4370 esse
702 4319 1032 4381 inspiratas,
1068 4327 1195 4379 quas
1231 4313 1584 4363 Tridentinum
1618 4309 1850 4360 definivit
1886 4320 1994 4358 esse
2031 4319 2220 4358 sacras
2259 4309 2310 4355 et
2348 4307 2656 4354 canonicas.

83 4401 445 4460 Quaestiones
471 4415 594 4451 vero
622 4400 871 4448 hactenus
900 4398 1036 4446 inter
1066 4393 1349 4444 catholicos
1374 4397 1734 4444 controversae
1760 4388 1824 4439 de
1847 4401 2025 4445 sensu,
2054 4400 2159 4451 quo
2182 4389 2366 4449 partes
2392 4385 2664 4434 librorum

84 4484 141 4531 in
168 4483 395 4533 decreto
426 4479 639 4531 trident.
670 4476 1033 4541 intelligendae
1060 4476 1191 4534 sint,
1227 4487 1321 4524 nec
1352 4473 1670 4523 definiuntur
1698 4481 1794 4519 nec
1829 4468 2170 4529 attinguntur.
2201 4463 2378 4523 Quoad
2406 4465 2662 4515 extensio-

84 4575 219 4612 nem
244 4575 373 4626 ergo
399 4558 754 4625 inspirationis
780 4556 912 4608 nihil
940 4555 1149 4606 omnino
1177 4553 1463 4604 definitioni
1492 4549 1800 4600 tridentinae
1827 4545 2190 4611 superadditur
2218 4561 2262 4594 υ.

154 4643 267 4706 (19)
306 4642 397 4692 Csr
418 4652 593 4705 supra
619 4653 670 4702 p.
704 4640 824 4698 ⁴7⁰3
852 4633 1060 4686 Introd.
1087 4647 1267 4696 ρεπεν.
1308 4633 1360 4682 in
1396 4635 1456 4680 U.
1494 4633 1634 4680 Test.
1669 4627 1784 4678 libr.
1825 4641 1874 4691 p.
1919 4629 2007 4676 138
2041 4639 2148 4689 αις
2185 4624 2394 4675 Introd.
2430 4635 2570 4687 spec.
2604 4621 2661 4671 in

88 4723 231 4771 Novi
250 4723 317 4771 Τ.
344 4719 463 4772 libr.
485 4732 533 4783 p.
560 4721 657 4768 679
675 4729 753 4780 η.
