3050 5184
439 293 559 352 580
600 309 675 352 nn
714 310 851 353 N0v1
892 311 1058 354 rns'r.
1105 312 1292 357 nnius
1333 311 1682 357 nmAcrmrs.
1725 329 1804 338 —
1829 311 1960 355 cAr.
2001 312 2064 354 ιι.
2107 311 2183 353 nr:
2225 307 2416 353 Errsr.
2463 308 2636 352 raum
2676 306 2930 351 swanus.

440 437 556 494 beri
582 441 789 510 potuit,
816 457 887 496 ne
910 443 1225 516 neophytus
1257 443 1327 500 ad
1362 445 1808 517 presbyteratum
1844 440 2250 511 admitteretur,
2274 441 2448 497 immo
2475 441 2730 496 haereses
2755 439 2937 493 radices·

442 541 603 598 agere
632 537 687 582 et
714 527 987 599 pullulare
1015 541 1315 602 coeperant
1347 536 1397 598 (1
1444 535 1587 586 Tim.
1623 537 1780 598 5,17;
1816 537 1908 598 3,8
1931 537 2062 597 etc.;
2091 535 2212 598 3,6;
2247 535 2338 596 1,3
2365 529 2532 600 sqq.).
2563 529 2712 583 Hinc
2744 525 2936 581 omnino

330 669 343 680 ,
441 614 753 670 excluditur
779 616 917 672 illud
935 618 1041 673 iter
1058 617 1499 683 macedonicum,
1530 620 1678 690 quod
1697 621 1876 674 Lucas
1896 618 1954 672 in
1972 616 2200 673 Actibus
2221 625 2624 672 commemorat
2649 619 2842 682 (20,t)·,
2865 613 2934 665 illa·

440 701 589 758 enim
615 712 865 774 tempore
892 705 1271 774 Timotheum,
1298 723 1465 779 quem
1493 707 1552 763 in
1579 705 1970 763 Macedoniam
1997 706 2361 776 praemiserat
2381 709 2526 772 (Aet.
2552 707 2738 768 19‚22)
2757 710 2812 756 et
2833 715 2931 771 quo-

440 805 566 844 cum
592 790 651 845 in
678 791 1005 848 Macedonia
1043 795 1276 850 alteram
1314 795 1602 865 epistolam
1640 795 1710 850 ad
1751 794 1878 849 Cor.
1911 794 2130 864 scripsit
2166 797 2220 860 (2
2245 793 2381 848 Cor.
2413 797 2541 860 1,1),
2572 790 2776 860 Ephesi
2801 789 2932 843 relin-

441 892 611 948 quere
639 894 751 934 non
788 880 993 950 potuit;
1020 889 1308 952 praeterea
1338 883 1435 939 illo
1472 891 1725 953 tempore
1754 883 1842 936 vix
1869 889 2000 936 nata
2037 889 2158 936 erat
2185 879 2414 936 ecclesia
2452 879 2710 948 ephesia,
2741 875 2934 931 necdum

440 965 697 1021 haereses
724 976 851 1022 ante
880 967 1019 1023 illud
1044 968 1150 1023 iter
1178 969 1385 1040 Ephesi
1421 985 1542 1025 esse
1569 979 1817 1036 exortaS,
1851 968 1998 1024 clare
2026 967 2189 1024 docet
2226 965 2524 1039 Apostolus
2559 981 2632 1020 ex
2658 965 2758 1021 illo
2783 964 2935 1018 itiner-e

443 1051 615 1108 redux
644 1053 819 1109 Mileti
850 1055 1203 1128 presbyteros
1227 1055 1481 1128 ephesios
1504 1057 1794 1129 alloquens
1819 1061 1965 1123 (Acl.
1991 1061 2158 1124 2039
2181 1059 2309 1127 sq.).
2334 1054 2527 1110 Mileto
2545 1063 2741 1108 autem
2763 1049 2936 1123 prolec-

442 1147 533 1194 tus
568 1141 907 1213 lerosolyma
934 1141 994 1198 in
1026 1143 1243 1200 vincula
1280 1146 1467 1200 statim
1495 1153 1582 1200 est
1614 1145 1895 1200 coniectus
1932 1153 1988 1198 et
2016 1144 2346 1199 Caesaream
2381 1144 2738 1213 Romamque
2773 1137 2940 1194 abdue·

442 1235 550 1283 tus,
580 1229 823 1285 Omnino
864 1229 1036 1302 igitur
1073 1230 1479 1289 admittendum
1508 1240 1620 1300 est,
1654 1231 1890 1286 Paulum
1918 1247 1986 1286 ex
2029 1229 2304 1301 prioribus
2345 1229 2578 1284 vinculis
2611 1228 2846 1284 solutum
2871 1241 2940 1295 per

443 1316 667 1372 Cretam
687 1317 747 1372 in
774 1317 965 1374 Asiam
988 1326 1154 1390 atque
1178 1319 1459 1390 Ephesum
1480 1318 1706 1375 rediisse
1735 1319 1922 1390 ibique
1945 1318 2299 1373 Timotheum
2323 1315 2644 1389 reliquisse,
2680 1314 2810 1371 dum
2833 1314 2942 1368 inte-

442 1418 538 1458 rea
562 1403 919 1460 Macedoniae
944 1414 1002 1460 et
1019 1405 1265 1462 Achaiae
1284 1405 1548 1464 ecclesias
1568 1406 1832 1462 visitaret.
1855 1407 2049 1478 Neque
2069 1405 2198 1460 huic
2221 1405 2526 1462 sententiae
2547 1404 2774 1460 obstant
2791 1401 2940 1456 verba.

446 1507 585 1562 quae
611 1501 740 1548 ante
780 1492 1023 1563 priorem
1059 1493 1435 1564 captivitatem
1464 1493 1797 1566 presbyteris
1826 1492 2063 1564 ephesiis
2089 1493 2226 1548 dixit
2263 1497 2499 1560 (20‚25);
2527 1507 2600 1548 eo
2629 1491 2751 1546 solo
2771 1490 2824 1544 in
2844 1503 2940 1543 oesu

445 1579 595 1634 enim
641 1580 805 1635 obiici
851 1588 1103 1651 possent,
1129 1581 1175 1636 si
1216 1581 1285 1636 ab
1316 1583 1584 1652 Apostolo
1630 1597 1698 1637 ex
1745 1581 2078 1637 revelatione
2125 1589 2310 1636 essent
2355 1582 2603 1651 prolata3
2637 1593 2766 1635 eum
2799 1587 2940 1632 autem

445 1668 841 1723 revelationem
868 1667 937 1722 de
962 1669 1111 1723 exitu
1135 1668 1391 1724 instantis
1418 1669 1752 1740 captivitatis
1777 1685 1890 1725 non
1915 1669 2200 1735 habuisse,
2231 1668 2364 1724 satis
2392 1676 2580 1739 patet,
2615 1666 2744 1739 quia
2771 1667 2822 1720 in
2855 1664 2940 1733 epi-

446 1755 603 1810 stolis
628 1771 695 1809 ex
725 1755 908 1826 priore
936 1756 1254 1826 captivitate
1281 1757 1499 1826 scriptis
1518 1771 1674 1829 spem
1693 1756 1951 1829 exprimit
1971 1755 2116 1820 l'ore,
2146 1765 2208 1812 ut
2223 1756 2286 1811 in
2311 1756 2608 1812 Orientem
2636 1755 2776 1811 liber
2799 1767 2940 1808 rever·

447 1851 598 1898 tatur
624 1841 807 1909 (Phil.
838 1849 998 1912 2243
1029 1843 1284 1901 Plcilem.
1314 1849 1426 1930 ²²).-

527 1994 586 2052 3.
606 1993 797 2052 -ΙΙΙ,
820 1993 1073 2054 ΟοοΑειο
1086 1993 1311 2071 pn'oris
1330 1993 1610 2073 epistolae
1625 1993 1710 2054 ad
1729 1995 1880 2055 Tim.
1897 1993 2238 2054 scribendae
2257 1994 2478 2054 eadem
2497 1994 2634 2054 fere
2655 1999 2802 2064 erat,
2817 2008 2940 2068 quae

448 2088 753 2167 epistolae
791 2090 867 2149 ad
903 2089 1143 2164 Titum;
1174 2090 1500 2168 utriusque
1536 2090 1707 2150 idem
1738 2109 1986 2170 quoque
2025 2107 2184 2152 murs
2219 2095 2316 2150 est
2338 2095 2528 2168 atque
2565 2090 2774 2151 simile
2807 2103 2942 2163 argu-

450 2191 753 2248 mentum.
789 2186 1192 2247 Timotheum
1234 2187 1405 2247 enim
1444 2187 1677 2265 Ephesi
1717 2189 2112 2265 relinquenS,
2143 2192 2212 2248 ut
2250 2186 2555 2248 ecclesiae
2601 2186 2938 2264 invigilaret.

447 2282 673 2344 Paulus
704 2282 943 2343 monita
962 2326 976 2352 ,
1010 2299 1171 2361 quae
1200 2283 1346 2343 viva
1372 2300 1525 2344 voce
1557 2283 1846 2356 dederat,
1877 2284 2130 2362 scriptis
2165 2283 2368 2344 literis
2399 2283 2754 2361 repetenda
2785 2279 2938 2340 duxit.

451 2382 518 2438 ut
544 2378 896 2456 discipulus
925 2379 1167 2439 difficili
1195 2397 1309 2440 suo
1334 2397 1597 2441 munere
1625 2380 1854 2440 melius
1882 2380 2058 2458 fungi
2091 2384 2321 2458 posset.

518 2492 821 2548 Ecclesiam
850 2491 1133 2563 ephesiam
1173 2493 1413 2564 primum
1447 2509 1612 2548 suum
1651 2492 1926 2550 fervorem
1953 2492 2233 2561 amisisse,
2260 2491 2495 2565 epistola
2525 2492 2625 2548 illa
2655 2493 2766 2547 iam
2791 2491 2938 2546 docet.

452 2594 618 2651 quam
647 2581 849 2636 Paulus
878 2595 1071 2636 versus
1098 2579 1268 2637 finem
1298 2581 1508 2653 primae
1533 2595 1666 2636 suae
1695 2581 2023 2652 captivitatis
2051 2581 2297 2652 scripsit;
2323 2580 2391 2636 ab
2425 2595 2493 2635 eo
2521 2589 2716 2637 autem
2739 2589 2940 2648 tempore

450 2669 507 2723 iu
546 2669 788 2738 peiorem
834 2677 1051 2739 partem
1092 2684 1182 2724 res
1217 2677 1379 2725 erant
1418 2679 1683 2724 mutatae.
1725 2669 1868 2740 Lupi
1917 2683 2169 2739 rapaceS‚
2203 2683 2343 2740 quos
2389 2667 2744 2738 praeviderat
2782 2664 2942 2721 Paulus

452 2761 602 2822 (Act.
630 2761 836 2826 20,29),
870 2756 1159 2813 ecclesiam
1176 2757 1517 2820 invaserant,
1545 2765 1712 2828 atque
1741 2773 1809 2811 ex
1836 2756 2202 2828 Ephesiorum
2229 2753 2414 2811 medio
2439 2761 2851 2812 exsurrexerant
2870 2750 2938 2803 viri
2982 2787 2983 2790 =

452 2845 744 2916 loquentes
790 2859 1067 2914 perversa,
1102 2845 1196 2915 qui
1241 2843 1542 2914 discipulos
1586 2853 1711 2916 post
1751 2860 1811 2900 se
1841 2841 2208 2900 abduxerant.
2255 2844 2534 2914 Ephesum
2582 2843 2860 2898 adveniens
2891 2833 2938 2890 ad

454 2933 739 2988 meliorem
770 2931 994 3004 quidem
1042 2932 1257 3004 frugem
1298 2934 1578 2988 revocavit
1626 2930 1844 3001 fideles,
1875 2931 1971 2987 sed
2001 2931 2215 2987 tamdiu
2263 2929 2468 3002 Ephesi
2512 2927 2838 2987 commorari
2857 2939 2938 2981 non

456 3020 663 3090 potuit,
696 3028 760 3075 ut
786 3036 979 3076 omnes
1004 3021 1063 3075 in
1091 3020 1236 3076 bona
1276 3022 1361 3076 via
1394 3020 1755 3076 confirmaret
1782 3035 2034 3091 novaque
2065 3019 2305 3090 pericula
2333 3027 2710 3089 praecaveret.
2740 3017 2858 3074 Ideo
2879 3013 2940 3065 Τι-

456 3109 750 3164 motheum
776 3108 1027 3180 reliquit,
1064 3109 1158 3179 qui
1186 3109 1449 3164 ecclesiae
1474 3117 1652 3164 totam
1685 3123 1844 3163 suam
1871 3123 2063 3164 curam
2099 3106 2424 3178 impendens
2461 3105 2772 3163 haereticos
2798 3106 2936 3172 impu·

457 3206 672 3269 gnaret.
699 3198 825 3252 Non
854 3197 973 3252 leve
998 3204 1118 3251 erat
1143 3211 1312 3264 onus,
1345 3196 1494 3267 quod
1524 3196 1771 3252 humeris
1799 3195 2074 3267 discipuli,
2107 3195 2202 3266 qui
2230 3194 2492 3251 ecclesiae
2521 3189 2940 3250 administrandae

457 3284 707 3341 nondum
730 3293 849 3340 erat
886 3285 1122 3355 peritus,
1152 3300 1183 3339 a
1207 3285 1471 3357 magistro
1499 3283 1919 3355 imponebatur,
1951 3281 2303 3356 diligentiore
2340 3283 2508 3354 igitur
2535 3282 2858 3339 institutione
2879 3277 2938 3329 iu-

459 3372 663 3446 dignit,
696 3380 750 3426 et
780 3372 910 3442 quia
939 3373 1121 3428 iunior
1155 3381 1274 3427 crat
1301 3380 1510 3434 aetate,
1544 3372 1748 3427 Paulus
1779 3372 1830 3426 ei
1869 3387 1980 3426 non
2019 3379 2236 3426 tantum
2276 3369 2486 3425 monita
2529 3369 2602 3426 de
2629 3370 2748 3425 aliis
2780 3365 2938 3440 guber-

459 3459 658 3516 nandis
680 3458 909 3516 tradidit
924 3503 937 3526 ,
971 3459 1069 3515 sed
1098 3461 1264 3516 etiam
1287 3460 1570 3515 nonnullis
1601 3459 1904 3530 praeceptis
1927 3457 2090 3514 saluti
2118 3457 2373 3530 discipuli
2394 3457 2568 3527 ipsius
2597 3456 2870 3518 consuluit,
2891 3463 2940 3504 ne

460 3547 873 3605 difficultatibus
903 3547 1111 3603 fractus
1138 3548 1388 3603 animum
1412 3546 1783 3618 desponderet
1805 3555 1903 3602 aut
1927 3547 2229 3603 iuventutis
2253 3545 2529 3602 illecebris
2559 3546 2886 3616 abriperetur.

538 3707 598 3762 4.
630 3733 711 3746 -
738 3701 833 3760 IV.
863 3702 1286 3760 Ancumnu‘ruu
1305 3703 1532 3776 prioris
1551 3698 1828 3776 epistolae
1849 3698 1934 3757 ad
1967 3697 2325 3758 Timotheum
2353 3697 2594 3774 optime
2615 3715 2651 3756 a
2673 3695 2731 3756 S.
2754 3693 2936 3754 Thoma

462 3798 859 3864 describitur,
892 3797 998 3874 qui
1034 3813 1175 3856 eam
1200 3799 1377 3855 vocat
1399 3817 1429 3848 «
1453 3796 1832 3873 pastoralem
1865 3795 2146 3872 regulam
2162 3841 2176 3868 ,
2211 3811 2333 3872 qua
2355 3794 2694 3872 Apostolus
2717 3789 2938 3862 discipu·

462 3898 592 3957 lum
621 3894 877 3954 instruit
924 3892 1000 3952 de
1048 3891 1371 3964 omnibus,
1403 3909 1562 3968 quae
1606 3895 1890 3969 spectant
1922 3890 2001 3951 ad
2031 3891 2315 3969 regimen
2356 3876 2769 3969 praelatorum
2797 3910 2844 3942 »-
2870 3877 2934 3940 Ad

463 4011 571 4054 sex
596 3992 802 4069 capita
827 3995 1039 4051 autem
1067 3993 1211 4067 apte
1236 3995 1607 4050 revocantur
1633 3989 1848 4048 omnia
1875 3989 2136 4048 monita.

533 4109 668 4162 Post
691 4105 951 4175 epistolae
984 4102 1428 4172 inscriptionem
1458 4103 1586 4168 (1,1.
1619 4105 1668 4170 2)
1702 4101 2002 4173 Apostolus
2029 4101 2216 4158 statim
2243 4100 2434 4158 thema
2463 4113 2746 4174 aggressus

539 4201 586 4250 ι.
618 4192 879 4265 proponit
897 4198 1223 4264 praecepta
1241 4191 1315 4246 de
1334 4191 1586 4262 qemeina
1609 4190 2065 4261 praedicatione
2097 4191 2111 4259 (
2120 4195 2349 4258 1,3-20)‚
2373 4204 2515 4260 quae
2544 4203 2656 4243 non
2679 4185 2748 4242 sit
2770 4181 2832 4236 de
2853 4177 2936 4232 inu·

710 4279 901 4335 tilibus
940 4278 1209 4334 doctrinis
1238 4287 1293 4333 et
1322 4292 1421 4349 pro
1462 4278 1574 4333 fine
1615 4276 1819 4333 habeat
1853 4278 2144 4332 caritatem
2182 4278 2411 4346 (1‚3-5);
2443 4276 2523 4332 eis
2559 4283 2762 4340 autem,
2789 4266 2866 4340 qui
2887 4259 2934 4317 ab

712 4367 818 4422 hac
846 4367 1061 4422 ratione
1092 4366 1353 4421 aberrant
1380 4366 1638 4437 (μδ-10),
1667 4365 1982 4436 exemplum
2011 4379 2172 4420 suum
2201 4363 2433 4435 opponit
2462 4363 2739 4436 (ml-20).

536 4463 587 4512 2.
622 4458 687 4510 In
714 4455 1055 4528 praeceptis
1083 4453 1157 4509 de
1192 4455 1459 4526 publicis
1489 4453 1942 4527 precationibus
1973 4453 2205 4524 (2‚1-15)
2239 4450 2456 4518 delinit,
2490 4466 2590 4522 pro
2628 4445 2805 4521 quibus
2831 4443 2934 4533 (1ss

714 4547 795 4610 7),
845 4557 875 4596 a
928 4542 1127 4612 quibus
1178 4553 1233 4598 et
1271 4542 1552 4614 quomodo
1595 4542 1662 4597 sit
1707 4539 2046 4612 precandum
2092 4543 2354 4608 (2,8-103;
2414 4539 2666 4595 mulieres
2707 4541 2865 4590 autem
2897 4538 2933 4578 11¹

716 4629 947 4686 ecclesia
975 4639 1161 4686 tacere
1190 4630 1341 4686 iubet
1373 4633 1662 4702 (zu-15).
