3050 5184
580 293 658 336 DE
701 292 1013 337 sAcnonmt
1055 293 1358 339 multotum
1399 293 1611 339 ORDINE
1652 295 1728 338 ΕΤ
1766 295 2250 341 PARTITIONIBUS.
2616 281 2689 339 13

173 430 402 476 serentur
439 423 554 490 ini,
596 440 834 495 quorum
883 435 1166 496 auctores,
1209 429 1311 482 etsi
1345 426 1675 498 'prophetica
1722 429 1917 499 qratia
1955 437 2137 483 essent
2180 428 2449 500 insigniti,
2488 444 2689 484 munus

171 521 332 564 tamen
359 511 748 582 propheticum
780 529 894 569 non
921 523 1288 570 exercuerunt
1311 513 1414 585 (cfr
1446 519 1613 586 Huqo
1643 531 1685 570 a
1712 516 1769 570 S.
1804 515 1953 571 Vict.
1985 517 2071 571 De
2099 516 2297 587 Script.
2337 521 2422 571 12.
2454 524 2510 571 et
2534 513 2691 588 infra

171 596 377 653 Dissert.
405 601 504 655 vl.
535 603 568 667 S
597 605 693 668 1.).
723 631 796 641 —
831 604 1259 675 Bipartt’tionis
1293 604 1448 658 Novi
1490 606 1644 658 Test.
1682 603 1923 675 primum
1960 604 2249 675 vestigium
2285 603 2395 660 iam
2432 603 2693 660 exhibent

173 684 336 741 Patres
361 684 653 758 apostolici
681 687 761 761 (S.
793 693 976 762 lqnat.
1007 692 1080 746 M.
1118 689 1187 746 ad
1219 689 1436 746 Philad.
1467 697 1530 760 53
1559 695 1670 764 Ep.
1705 691 1793 747 ad
1818 693 2027 764 Dioyn.
2058 695 2173 761 11)3
2205 700 2443 747 exeunte
2470 691 2689 748 saeculo

169 777 209 824 2.
227 771 282 828 in
305 790 667 832 communem
689 791 850 832 usum
871 777 1082 835 abierat
1108 777 1183 850 (S.
1204 781 1360 834 Iren.
1383 795 1434 834 c.
1461 779 1617 835 haer.
1644 781 1689 836 1.
1718 785 1784 848 33
1815 779 2064 835 Ter-tull.
2087 781 2170 835 De
2198 795 2441 851 praescr.
2466 785 2533 835 36
2552 788 2682 846 etc.;

170 860 328 918 Ctem.
357 863 541 919 Alex.
585 867 790 921 Strom.
819 867 949 923 vn.
981 872 1013 923 3
1043 867 1203 938 etc.),
1235 867 1332 922 sed
1368 884 1401 923 a
1439 867 1747 924 iunioribus
1782 867 2037 924 Patribus
2072 868 2249 923 rarius
2278 867 2593 925 adhibetur.
2624 898 2692 908 —

169 949 252 1015 Qui
275 951 590 1006 secundum
619 962 1008 1026 argumentum
1037 953 1206 1010 libros
1232 955 1290 1010 in
1318 964 1560 1026 quatuor
1581 957 1785 1012 classes
1811 954 2166 1020 distribuunt,
2200 955 2407 1027 primae
2433 956 2694 1028 legalium

171 1051 220 1090 ex
239 1039 437 1096 Vetere
465 1042 618 1096 Test.
644 1051 934 1098 accensent
958 1043 1397 1099 Pentateuchum
1424 1052 1481 1100 et
1512 1059 1581 1099 ex
1603 1045 1761 1102 Novo
1788 1045 1942 1101 Test.
1970 1053 2209 1115 quatuor
2234 1044 2559 1114 Evangelia,
2598 1041 2695 1099 sed

179 1125 362 1184 uidens
395 1135 512 1196 est,
537 1129 630 1184 illa
658 1129 860 1186 rectius
881 1129 1234 1186 adnumerari
1265 1129 1522 1202 operibus
1554 1129 1849 1186 historicis,
1878 1133 1943 1186 In
1971 1130 2417 1188 Introductione
2441 1133 2693 1204 speciali

187 1227 445 1284 sequemur
473 1215 916 1274 distributionem
945 1219 1004 1274 in
1029 1227 1144 1274 tres
1168 1221 1386 1275 classes.

232 1369 277 1424 4.
305 1401 396 1410 —
422 1367 520 1428 Ob
549 1366 912 1446 liturgicum
954 1385 1138 1430 usum
1165 1369 1368 1430 variae
1409 1370 1803 1448 singulorum
1832 1369 2140 1430 librorum
2171 1370 2520 1431 divisiones
2563 1371 2696 1430 sive

176 1461 461 1524 aludaeis
506 1465 638 1524 sive
682 1482 718 1524 a
761 1464 1128 1525 Christianis
1172 1472 1321 1527 sunt
1362 1465 1681 1541 invectae3
1715 1467 1796 1526 ob
1840 1465 2336 1528 commodiorem
2379 1466 2693 1544 privatum

173 1575 330 1620 usum
365 1565 468 1620 est
496 1560 855 1622 introducta
884 1578 1105 1622 eorum
1136 1561 1366 1622 divisio
1395 1563 1461 1622 in
1491 1563 1697 1641 capita
1725 1567 1789 1623 et
1815 1580 2055 1624 versus,

223 1681 538 1752 Apostolica
567 1691 748 1739 aetate
773 1683 888 1740 iam
914 1684 1008 1740 diu
1035 1683 1342 1740 invaluerat
1370 1684 1723 1740 Iudaeorum·
1744 1683 2086 1741 consuetudo
2104 1726 2119 1752 ‚
2150 1692 2213 1740 ut
2239 1685 2469 1757 singulis
2496 1683 2695 1740 sabba-

166 1768 252 1824 this
271 1771 448 1826 sectio
471 1770 748 1842 quaedam
769 1772 1131 1829 Pentateuchi
1153 1773 1209 1827 in
1235 1773 1525 1846 synagogis
1545 1772 1962 1846 praelegeretur
1986 1779 2139 1843 (Act.
2169 1778 2372 1842 15,21)‚
2396 1774 2477 1829 uti
2500 1773 2696 1830 eodem

167 1864 398 1928 tempore
425 1860 731 1915 nonnullae
759 1859 1158 1930 prophetarum
1186 1861 1478 1933 pericopae
1503 1861 1731 1918 lectioni
1767 1859 2019 1933 publicae
2054 1859 2427 1918 inserviebant
2454 1861 2607 1930 (Luc.
2636 1867 2691 1929 4,

169 1952 246 2014 163
269 1952 408 2003 Act.
435 1952 620 2010 13..15.
642 1947 750 2017 27).
774 1947 958 2004 Hodie
979 1949 1257 2021 integrum
1281 1949 1726 2006 Pentateuchum
1748 1965 1851 2021 pro
1874 1964 2109 2005 numero
2138 1948 2533 2006 sabbathorum
2564 1949 2694 2006 anni

166 2043 354 2100 innuis
389 2044 732 2100 intercalarii
755 2045 814 2100 in
841 2049 908 2101 54
939 2045 1276 2102 Parasckas
1303 2044 1704 2118 (distinctiones
1731 2063 1761 2102 a
1792 2037 1929 2106 ω’ἾΞ)
1946 2083 1961 2112 ,
1994 2047 2289 2118 distinxit)
2326 2046 2691 2113 distribuunt,

163 2155 286 2208 quas
327 2142 386 2196 in
425 2139 620 2196 Bibliis
661 2143 774 2197 suis
808 2141 1055 2198 indicant
1092 2142 1270 2199 tribus
1309 2143 1599 2214 adscriptis
1636 2148 1676 2202 Β
1718 2143 1803 2199 vel
1843 2152 1881 2201 Β
1899 2182 1914 2209 ,
1955 2154 2120 2216 prout
2154 2153 2285 2200 sunt
2322 2153 2421 2199 aut
2454 2149 2693 2216 apertae

165 2227 434 2309 (ΠῚΠῚΠΞ)
463 2247 566 2294 aut
589 2238 824 2294 clausae
850 2229 1166 2311 (nffmno)3
1199 2240 1234 2294 i.
1273 2255 1322 2294 e.
1355 2254 1422 2295 ex
1453 2239 1665 2310 placitis
1694 2239 2054 2295 rabbinorum
2082 2249 2177 2296 aut
2204 2256 2236 2296 a
2264 2256 2405 2296 nova
2432 2241 2575 2296 linea
2599 2249 2694 2295 attt

161 2327 208 2378 in
225 2326 404 2382 media
429 2326 578 2382 linea
597 2324 962 2384 inchoandae.
987 2326 1276 2383 Paraschis
1300 2328 1637 2398 respondent
1659 2329 1891 2383 totidem
1910 2326 2232 2402 ΗαῙῖαναε,
2260 2329 2296 2383 i.
2324 2345 2375 2384 e.
2403 2327 2691 2400 pericopae

163 2427 218 2466 ex
245 2413 533 2486 prophetis
561 2416 826 2484 selectae,
861 2431 1002 2486 quae
1028 2431 1234 2471 nomen
1270 2431 1431 2471 suum
1467 2414 1599 2471 inde
1638 2415 1872 2483 habent,
1904 2414 2056 2487 quod
2094 2416 2412 2488 prophetica
2450 2417 2691 2472 lectione

165 2510 446 2567 terminata
477 2512 716 2582 populus
743 2511 1037 2568 dimittitur
1067 2503 1222 2584 (ἾὉΕ
1239 2549 1254 2576 ,
1285 2511 1563 2582 dimisit).
1582 2542 1654 2553 —
1672 2516 1885 2569 Morem
1910 2512 2225 2583 scripturae
2251 2513 2312 2568 in
2331 2512 2577 2568 coetibus
2598 2528 2690 2568 sa-

164 2600 258 2652 eris
284 2599 686 2672 praelegendae
713 2600 958 2657 Ecclesia
985 2599 1054 2656 ab
1083 2601 1305 2671 antiqua
1335 2615 1613 2672 synagoga
1640 2599 1991 2669 transumsit,
2024 2599 2122 2655 sed
2146 2601 2260 2656 iam
2284 2617 2415 2656 mox
2441 2599 2689 2656 lectioni-

163 2685 254 2741 bus
277 2687 497 2743 Veteris
518 2689 669 2744 Test.
702 2688 834 2744 alias
863 2687 1076 2744 addidit
1103 2688 1188 2743 vel
1213 2687 1492 2744 substituit
1516 2705 1582 2743 ex
1611 2689 1919 2760 Evangeliis
1947 2687 2452 2760 Apostolorumque
2480 2689 2691 2760 scriptis

165 2773 432 2831 desumtas
469 2775 575 2848 (cl'r
598 2776 657 2832 S.
698 2779 844 2832 Just.
873 2778 952 2832 M.
980 2776 1145 2848 Apol.
1179 2776 1228 2833 1.
1256 2782 1356 2843 6⁷3
1396 2775 1641 2831 Ter-tull.
1672 2778 1757 2832 De
1792 2791 2035 2846 praescr.
2072 2781 2140 2830 36
2175 2778 2325 2846 etc.).
2356 2779 2428 2830 At
2456 2785 2605 2831 certa
2635 2784 2692 2831 et

165 2861 518 2920 determinata
545 2863 817 2920 librorum
846 2879 1130 2920 sacrorum
1156 2862 1350 2920 divisio
1378 2863 1508 2920 inde
1542 2880 1653 2918 non
1684 2872 1767 2920 est
1794 2873 2011 2929 exorta,
2046 2879 2217 2934 quum
2255 2879 2413 2919 suam
2443 2879 2691 2936 quaeque

166 2950 379 3008 ecelesia
414 2951 762 3022 particularis
799 2952 1254 3008 consuetudinem
1292 2951 1520 3008 haberet
1559 2961 1612 3007 et
1652 2952 1936 3009 retineret.
1975 2954 2058 3006 Eo
2096 2951 2279 3006 minus
2319 2959 2505 3008 autem
2540 2960 2689 3007 certa

167 3037 344 3096 divisio
371 3040 581 3096 exoriri
609 3040 816 3112 potuit,
844 3041 968 3112 quia
993 3038 1122 3097 inde
1148 3039 1220 3096 ab
1248 3049 1482 3096 exeunte
1503 3055 1649 3096 saec.
1676 3045 1731 3096 5.
1754 3056 1875 3096 mos
1896 3040 2145 3095 invectus
2173 3047 2275 3108 est,
2302 3049 2364 3095 ut
2390 3055 2491 3111 per
2510 3047 2691 3096 totum

167 3141 358 3184 annum
394 3143 512 3184 non
552 3129 790 3200 amplius
820 3144 888 3184 ex
926 3128 1120 3185 ordine
1151 3128 1352 3200 integri
1378 3127 1539 3196 libri,
1570 3127 1670 3184 sed
1699 3128 1931 3184 selectae
1969 3127 2252 3184 dumtaxat
2290 3143 2483 3186 earum
2509 3138 2692 3200 partes

169 3221 212 3280 (a
231 3219 537 3289 pericopae
567 3221 618 3284 n)
641 3218 1108 3290 preelegerentun
1140 3232 1280 3289 quae
1309 3215 1689 3272 ecelesiasticis
1719 3216 2059 3288 temporibus
2097 3217 2181 3271 vel
2219 3215 2372 3273 festis
2407 3216 2583 3289 magis
2610 3217 2691 3271 vi-

169 3303 428 3361 debantur
449 3297 772 3362 'convenii-e.

229 3391 308 3450 01>
334 3391 776 3450 commodiorem
793 3394 1112 3466 privatum
1143 3410 1316 3450 usum
1344 3409 1538 3450 omnes
1564 3394 1871 3463 Utriusque
1897 3394 2047 3449 Test.
2076 3393 2207 3449 libri
2232 3392 2398 3449 hodie
2423 3393 2485 3450 in
2511 3394 2691 3465 capita

169 3489 419 3537 etversus
442 3489 574 3536 sunt
595 3479 772 3550 divisi,
801 3497 942 3554 quae
967 3481 1186 3553 partitio
1213 3483 1449 3538 recentis
1469 3490 1556 3538 est
1582 3481 1822 3554 originis.
1852 3481 2006 3536 Sacc.
2036 3486 2088 3537 3.
2117 3480 2341 3552 quidem
2366 3483 2693 3538 Ammonius

171 3567 312 3624 Alex.
350 3568 652 3642 Evangelia
679 3569 740 3624 in
769 3575 904 3630 1162
933 3570 1174 3641 κεφάλαια
1201 3569 1508 3638 distribuit,
1540 3578 1603 3626 ut
1632 3569 1978 3624 harmoniam
2007 3569 2289 3641 quandam
2324 3571 2692 3641 evangelicam

173 3657 452 3722 stabiliret,
483 3665 650 3729 atque
677 3671 824 3712 saec.
849 3663 904 3714 5.
934 3659 1018 3713 vel
1047 3665 1102 3716 6.
1133 3657 1429 3729 Evangelia
1455 3656 1518 3713 in
1546 3663 1649 3712 318
1674 3656 1890 3723 tituloS‚
1923 3656 2199 3727 Epistulae
2221 3659 2278 3713 in
2303 3662 2406 3713 254
2430 3658 2688 3730 capitula.

174 3746 516 3820 Apoealypsis
555 3746 616 3801 in
653 3751 724 3802 24
761 3759 1046 3801 sermones
1087 3754 1142 3801 et
1167 3752 1238 3801 72
1267 3746 1506 3817 capitula
1537 3743 1709 3800 divisa
1741 3753 1887 3808 sunt,
1920 3744 2196 3815 similique
2231 3746 2446 3801 ratione
2482 3745 2695 3818 aliquos

173 3833 366 3890 Veteris
391 3836 546 3890 Test.
579 3832 751 3889 libros
777 3833 835 3889 in
864 3833 1044 3890 varias
1071 3843 1254 3906 partes
1285 3832 1490 3889 divisos
1530 3848 1647 3889 esse
1684 3831 1873 3887 scribit
1898 3832 2255 3888 Cassiodorus
2284 3835 2389 3904 (De
2415 3833 2542 3889 inst.
2578 3833 2691 3888 div.

171 3921 240 3976 lit.
271 3929 322 3979 1.
345 3923 446 3994 2.).
477 3925 556 3978 At
583 3937 778 3978 omnes
801 3920 940 3978 istae
961 3921 1274 3991 divisiones,
1303 3929 1496 3994 utpote
1519 3920 1875 3993 imperfectae
1900 3928 1956 3975 et
1979 3921 2313 3991 inaequaleS‚
2347 3936 2543 3992 parum
2569 3929 2697 3976 sunt

175 4019 407 4083 receptae
434 4025 542 4066 nec
577 4009 701 4066 usui
731 4024 850 4066 esse
880 4017 1208 4081 potuerunt,
1240 4008 1461 4081 quando
1501 4025 1647 4064 saec.
1685 4014 1770 4086 13.
1807 4007 2245 4064 concordantiae
2280 4007 2540 4064 adornari
2569 4023 2696 4064 coe-

175 4107 281 4164 ptae
312 4107 462 4156 sunt.
499 4101 699 4170 ltaque
737 4097 924 4155 Card.
966 4098 1154 4171 Steph.
1207 4097 1549 4169 Lanqtlton‚
1592 4096 1859 4168 archiep.
1914 4097 2208 4152 cantuar.
2252 4095 2315 4167 (†
2358 4097 2542 4164 1228),
2584 4111 2696 4152 non

179 4199 314 4256 vero,
339 4187 422 4244 uti
453 4186 744 4258 hucusque
773 4184 1048 4241 creditum
1086 4193 1196 4253 est,
1240 4185 1421 4243 card.
1459 4188 1631 4256 Huqo
1670 4199 1711 4238 a
1738 4186 1795 4239 S.
1841 4187 2027 4253 Caro,
2069 4185 2127 4239 Ο.
2168 4181 2367 4239 Praed.
2406 4185 2468 4252 (†
2506 4184 2697 4256 1260),

177 4286 342 4332 omnes
362 4291 553 4332 sacros
579 4274 756 4331 libros
779 4273 1000 4346 aequali
1025 4273 1194 4329 modo
1215 4273 1272 4327 in
1296 4272 1474 4343 capita
1503 4270 1807 4341 distribuit;
1834 4287 1977 4343 quae
2009 4270 2202 4326 divisio
2230 4272 2289 4326 in
2313 4272 2581 4345 vulgatae
2601 4289 2697 4330 co-

179 4358 304 4418 dices
319 4365 504 4420 statim
527 4371 754 4435 recepta
779 4361 930 4418 haud
955 4359 1052 4416 diu
1073 4369 1198 4433 post
1223 4361 1279 4416 in
1303 4360 1519 4431 aliquos
1538 4368 1789 4415 textuum
1816 4359 2269 4430 primigeniorum
2294 4359 2511 4416 codices
2533 4369 2699 4433 atque

181 4457 282 4516 post
297 4451 574 4509 inventam
599 4448 1028 4524 typographiam
1045 4450 1104 4504 in
1126 4463 1320 4505 omnes
1338 4446 1607 4504 editiones
1627 4449 1771 4520 typis
1792 4447 2089 4518 exscriptas
2114 4447 2345 4504 transiit.
2370 4449 2501 4506 Sola
2520 4449 2698 4520 capita

177 4533 472 4598 distinxerat
495 4539 852 4612 Stephanus»,
882 4540 1047 4610 Hugo
1075 4538 1318 4592 minores
1357 4535 1628 4608 quasdam
1664 4551 1857 4592 eorum
1895 4536 2164 4592 sectiones
2203 4535 2493 4608 adscriptis
2528 4536 2703 4592 literis

175 4627 246 4688 (A.
269 4629 326 4685 B.
352 4630 484 4704 etc.)
511 4628 886 4692 indicaverat;
921 4641 1182 4682 versuum
1209 4640 1337 4684 vero
1367 4624 1672 4694 distinctio,
1701 4624 1787 4680 vel
1816 4624 1861 4679 si
1889 4615 2063 4680 mavis
2084 4625 2425 4694 numeratio,
2457 4626 2702 4680 Roberco
