3050 5184
419 370 535 429 534
576 384 651 428 ΒΕ
680 385 825 428 novt
852 383 1020 426 'ri-:stu
1050 383 1239 427 mnus
1268 382 1616 427 mmc'rlcffi.
1649 399 1728 410 --
1753 378 1880 426 cAP.
1912 383 1956 426 Ι.
1991 381 2066 426 ΒΕ
2095 383 2288 428 EPIST.
2321 381 2598 428 nummis
2625 377 2918 426 UNIVERSE.

417 531 545 572 rum
566 515 951 572 collectionem
980 513 1038 569 in
1067 529 1171 570 usu
1196 513 1364 570 fuisse
1391 512 1780 580 ecclesiarum;
1813 522 1868 569 at
1893 529 2000 570 nec
2022 523 2161 586 quot
2189 515 2449 586 epistolas
2483 511 2812 570 continuerit
2835 525 2924 564 nec

419 619 448 658 a
473 619 583 674 quo
612 603 684 658 sit
710 603 881 672 sacta,
912 602 1028 657 ullo
1055 600 1225 658 modo
1250 600 1469 658 deliniri
1504 609 1701 671 potest.
1735 601 1966 658 Codices
1999 610 2188 658 autem
2227 603 2288 658 in
2315 601 2562 673 epistolis
2593 594 2926 670 disponendis

419 706 589 763 quam
614 691 855 746 maxime
884 689 1114 745 variant.
1158 690 1224 744 In
1257 705 1323 744 eo
1352 687 1604 760 plerique
1632 689 1868 762 catalogi
1896 691 2280 760 consentiunt,
2313 687 2462 762 quod
2489 687 2734 760 epistolis
2761 685 2826 742 ad
2853 685 2926 739 in·

417 787 601 850 tegras
625 778 883 834 ecclesias
912 775 1241 849 conscriptis
1271 784 1608 847 postponant
1629 775 1783 843 illaS,
1819 793 1961 848 quae
1989 777 2222 850 singulis
2250 777 2500 848 personis
2534 785 2666 832 sunt
2701 772 2926 830 destina-

419 872 537 934 tae3
566 881 599 922 a
628 881 737 938 qua
766 864 977 922 ordinis
998 864 1215 920 ratione
1244 879 1332 935 ep.
1363 862 1434 919 ad
1463 862 1640 919 Hebr.
1669 864 1788 920 sola
1817 862 2108 935 excipitur,
2129 880 2271 936 quae
2293 880 2407 920 non
2434 871 2654 920 tantum
2672 859 2820 934 apud
2843 861 2930 915 Oc-

420 953 739 1021 cidentales,
770 967 801 1008 a
828 951 1027 1025 quibus
1054 950 1268 1006 tardius
1290 959 1513 1022 recepta
1539 959 1642 1018 est,
1674 950 1772 1007 sed
1797 950 1966 1007 etiam
1993 951 2050 1008 in
2085 950 2312 1024 syriacis
2345 960 2401 1008 et
2426 949 2716 1007 nonnullis
2739 947 2930 1022 graecis
2996 1007 2997 1020 χ

420 1040 701 1098 codicibus
726 1040 985 1096 ultimum
1012 1036 1199 1095 locum
1221 1047 1471 1111 occupat.
1496 1041 1794 1095 Praeterea
1812 1040 1976 1112 longe
2002 1039 2184 1095 maior
2205 1040 2583 1112 catalogorum
2613 1043 2671 1094 et
2696 1036 2930 1093 codicum

421 1145 687 1184 numerus
715 1129 895 1200 primo
920 1129 981 1182 in
1007 1127 1134 1184 loco
1160 1141 1245 1198 ep.
1282 1125 1356 1182 ad
1402 1129 1688 1182 Romanos
1730 1127 1918 1198 ponit,
1949 1125 2047 1182 sed
2086 1142 2266 1183 canon
2302 1127 2566 1183 ecclesiae
2603 1139 2864 1181 romanae
2885 1123 2930 1176 in

424 1215 622 1290 fragm.
653 1215 1031 1272 Muratoriano
1067 1215 1226 1270 illam
1268 1215 1415 1269 inter
1457 1213 1721 1286 epistolas
1762 1213 2006 1270 ecclesiis
2037 1215 2272 1286 scriptas
2295 1215 2553 1271 ultimam
2583 1214 2849 1269 nominat.
2883 1213 2932 1264 ln

422 1303 725 1360 tridentino
767 1319 997 1372 canone,
1028 1303 1185 1358 cuius
1213 1301 1353 1358 ordo
1379 1300 1510 1357 inde
1547 1300 1617 1357 ab
1646 1301 1942 1374 Augustini
1981 1304 2232 1373 tempore
2270 1303 2329 1358 in
2369 1301 2543 1358 latina
2577 1300 2812 1356 ecclesia
2838 1297 2932 1353 usi·

424 1391 725 1449 tatissimus
754 1392 885 1460 fuit,
917 1407 982 1446 ea
1012 1389 1227 1446 videtur
1259 1405 1379 1446 esse
1411 1389 1702 1445 observata
1739 1390 1856 1458 lex,
1897 1397 1959 1444 ut
1985 1390 2136 1446 iuxta
2173 1389 2530 1446 ecclesiarum
2559 1401 2932 1461 personarum-

426 1495 552 1552 que,
578 1479 775 1551 quibus
803 1486 932 1534 sunt
977 1477 1300 1546 destinatae,
1345 1475 1674 1549 dignitatem
1711 1485 1767 1532 et
1809 1477 2124 1550 argumenti
2151 1479 2484 1551 gravitatem
2521 1477 2758 1550 singulis
2803 1476 2934 1530 locus

426 1568 813 1640 assignaretur.
849 1564 982 1622 Ideo
1010 1568 1175 1621 Rom.
1204 1572 1512 1636 sequuntur
1541 1571 1590 1620 1.
1621 1571 1674 1620 2.
1707 1565 1860 1633 Cor.,
1893 1565 2023 1637 quia
2053 1565 2192 1622 haec
2217 1581 2442 1638 quoque
2470 1565 2704 1622 ecclesia
2731 1565 2934 1619 Petrum

425 1656 769 1726 Paulumque
799 1651 1121 1709 fundatores
1155 1667 1216 1708 se
1256 1650 1511 1708 habuisse
1551 1650 1919 1724 gloriabatur;
1947 1661 2210 1725 quartum
2246 1655 2434 1709 locum
2459 1660 2698 1722 occupat
2723 1650 2850 1708 Gal.
2877 1647 2934 1704 ob

428 1742 737 1815 argumenti
766 1740 1120 1813 gravitatem,
1152 1739 1416 1795 ecclesiae
1439 1739 1640 1810 Ephes.
1671 1747 1727 1795 et
1753 1739 1991 1812 Philipp.
2020 1756 2088 1796 ex
2114 1740 2222 1797 illis
2247 1748 2397 1811 sunt,
2427 1739 2628 1814 quibus
2655 1735 2934 1795 fundandis
3000 1787 3001 1790 ,

430 1840 485 1886 et
512 1828 827 1886 erudiendis
855 1828 1059 1883 Paulus
1092 1828 1361 1886 maiorem
1398 1825 1830 1883 sollicitudinem
1864 1827 2222 1898 adhibuerat;
2253 1845 2382 1884 cum
2423 1845 2513 1901 ep.
2561 1826 2634 1884 ad
2665 1827 2865 1899 Ephes.
2893 1835 2934 1877 et

428 1917 670 1988 Philipp.
700 1924 887 1971 autem
915 1915 1210 1971 coniuncta
1248 1923 1335 1970 est
1358 1914 1591 1984 Coloss.,
1636 1915 1767 1986 quia
1798 1915 1996 1971 eodem
2033 1924 2284 1987 tempore
2316 1932 2446 1972 cum
2483 1915 2597 1973 illis
2635 1924 2720 1971 est
2752 1914 2932 1984 scripta

428 2014 593 2078 atque
622 2011 950 2076 argumento
978 2018 1079 2058 suo
1106 2003 1359 2074 proxime
1386 2001 1459 2058 ad
1483 2001 1690 2074 EpheS.
1721 2001 1951 2060 accedit.
1977 2004 2120 2060 Hinc
2149 2004 2399 2076 epistolis
2423 2004 2497 2060 ad
2519 2003 2742 2073 Thess,
2769 2017 2936 2074 quam·

429 2093 511 2148 vis
538 2093 747 2164 primae
774 2089 1008 2161 scriptae
1037 2091 1164 2158 sint,
1199 2090 1425 2146 ultimus
1441 2091 1596 2146 locus
1625 2099 1744 2146 erat
1767 2090 2170 2147 attribuendus
2199 2093 2540 2161 Timotheus,
2571 2092 2742 2164 quiin
2769 2089 2936 2146 inseri·

428 2179 706 2252 ptionibus
734 2179 1094 2251 epistolarum
1121 2176 1287 2233 toties
1314 2177 1656 2244 nominatur,
1682 2177 1962 2250 praecedit
1988 2179 2133 2248 Tito,
2165 2180 2322 2236 Titus
2348 2179 2660 2236 Philemoni
2695 2179 2814 2234 viro
2841 2177 2936 2248 pri·
3002 2179 3003 2236 ἐ

428 2275 573 2324 vato.
601 2269 702 2337 Ep.
728 2266 801 2322 ad
824 2264 999 2322 Hebr.
1032 2274 1156 2336 post
1195 2265 1436 2336 reliquas
1481 2279 1675 2320 omnes
1710 2274 1794 2322 est
1840 2267 2039 2337 posita,
2069 2268 2220 2339 quia,
2247 2268 2330 2322 uti
2374 2266 2636 2335 diximus,
2680 2266 2870 2322 ultima
2893 2265 2936 2317 in

429 2369 697 2412 canonem
727 2353 1127 2410 occidentalem
1155 2360 1240 2408 est
1256 2361 1497 2424 recepta.

496 2443 785 2513 Temporis
830 2441 1017 2514 igitur,
1060 2457 1171 2512 quo
1225 2440 1489 2511 epistolae
1535 2441 1878 2512 conscriptae
1927 2450 2086 2511 sunt,
2133 2443 2194 2498 in
2242 2444 2350 2499 illis
2404 2440 2760 2514 disponendis
2817 2439 2937 2495 ratio

431 2530 619 2587 habita
664 2545 777 2584 non
826 2537 937 2597 est,
977 2527 1432 2600 chronologicum
1466 2537 1655 2584 tamen
1703 2529 1958 2586 ordinem
2001 2531 2058 2585 in
2095 2537 2336 2586 tractatu
2383 2539 2574 2586 nostro
2616 2528 2934 2586 tenebimus,
3004 2587 3005 2602 χ

429 2617 720 2691 quoniam,
756 2616 833 2672 uti
862 2624 1053 2672 monet
1080 2617 1139 2672 S.
1184 2615 1632 2686 chrysostomus
1671 2622 1825 2690 (Arg.
1858 2633 1946 2688 ep.
1979 2617 2051 2673 ad
2079 2621 2243 2674 Rom.
2273 2618 2328 2690 2)
2369 2638 2396 2670 α
2424 2617 2790 2690 epistolarum
2815 2625 2939 2670 tem-

430 2721 531 2778 pus
558 2705 839 2776 cognitum
869 2703 941 2759 ad
968 2702 1135 2760 dubia
1163 2702 1424 2760 solvenda
1450 2704 1690 2760 multum
1721 2705 1936 2760 confert
1966 2727 2016 2760 n.
2051 2707 2246 2777 ltaque
2273 2721 2426 2777 eam,
2459 2720 2602 2779 quae
2643 2703 2940 2760 melioribus

428 2792 772 2866 argumentis
803 2791 1089 2862 probatur,
1116 2791 1445 2847 sententiam
1470 2791 1665 2859 secuti,
1698 2792 1957 2863 epistolas
1990 2808 2184 2848 omnes
2210 2793 2268 2848 in
2301 2803 2414 2848 tres
2439 2794 2642 2850 classes
2667 2792 2940 2849 distribue-

428 2897 582 2948 muS,
614 2895 851 2950 quarum
884 2879 1061 2951 prima
1098 2878 1402 2934 continebit
1435 2878 1700 2950 epistolas
1731 2887 1861 2935 ante
1893 2880 2136 2951 priorem
2177 2881 2554 2952 captivitatem
2581 2881 2940 2952 conscriptas:

432 2977 483 3026 1.
514 2976 569 3026 2.
598 2971 787 3028 Thess
806 3014 821 3039 ,
850 2973 1009 3037 Gal.,
1043 2979 1090 3028 l.
1122 2979 1175 3028 2.
1206 2973 1366 3040 Cor.,
1394 2975 1598 3041 Rom.;
1625 2973 1800 3028 altera
1829 2968 2094 3040 epistolas
2118 2970 2374 3041 Apostoli
2399 2971 2620 3026 Romae
2649 2971 2710 3025 in
2739 2967 2944 3024 vinculis

429 3052 677 3126 degentis
707 3073 722 3107 t
755 3051 1017 3122 Philipp.,
1048 3051 1274 3122 EpheS.,
1308 3051 1544 3118 Coloss.,
1589 3051 1849 3122 Philem.,
1893 3052 2100 3122 Hebr.;
2140 3055 2304 3111 tertia
2341 3056 2604 3124 epistolas
2632 3055 2936 3127 pastorales.

429 3155 565 3212 quas
593 3154 624 3195 e
650 3140 834 3211 priore
856 3138 1175 3210 captivitate
1199 3138 1464 3194 liberatus
1489 3144 1538 3206 (1
1571 3140 1739 3208 Tim.,
1763 3141 1894 3206 Tit.)
1924 3149 1981 3195 et
2007 3139 2164 3197 brevi
2191 3150 2319 3198 ante
2351 3151 2592 3198 mortem
2625 3143 2684 3198 in
2713 3141 2943 3200 secundis

428 3227 663 3282 vinculis
692 3231 743 3293 (2
772 3227 943 3292 Tim.)
975 3226 1305 3297 composuit.

516 3419 556 3506 g
595 3426 657 3486 3.
688 3457 775 3466 —
800 3422 894 3484 De
924 3419 1357 3510 epistolarium
1376 3419 1826 3508 paulinorum
1856 3434 2252 3510 arqumento
2290 3422 2504 3512 deque
2531 3424 2940 3494 adversariis.

1225 3523 1346 3612 qui
1382 3524 1453 3590 in
1490 3525 1624 3591 illis
1659 3525 2169 3614 impuqnantur.

512 3730 568 3787 1.
600 3759 681 3769 —
711 3747 741 3780 «
766 3726 983 3785 Totam
1006 3724 1133 3784 sere
1156 3725 1503 3803 theologiae
1527 3726 1874 3789 doctrinam
1895 3751 1924 3782 »ι
1951 3729 2013 3787 in
2034 3730 2304 3806 paulinis
2327 3731 2614 3808 epistolis
2636 3731 2941 3794 contineri.

428 3822 777 3883 rectissime
809 3821 965 3880 dixit
993 3823 1055 3882 S.
1090 3820 1379 3891 Thamar,
1412 3823 1648 3881 etenim
1671 3847 1700 3877 «
1736 3823 1814 3882 de
1847 3825 2140 3885 omnibus
2172 3827 2300 3885 fere
2329 3831 2550 3904 agunt,
2577 3829 2714 3888 sine
2743 3829 2946 3906 quibus

430 3922 540 3979 aut
570 3919 698 3978 vita
724 3921 832 3978 aut
859 3916 1027 3976 salus
1054 3915 1387 3975 hominum
1419 3923 1527 3978 aut
1557 3917 1832 3995 denique
1855 3922 2208 3998 evangelica
2227 3921 2512 3983 doctrina
2537 3930 2824 3984 constare
2843 3941 2946 3983 non

432 4019 643 4093 potest
686 4037 717 4069 »
746 4011 1077 4094 (salman).
1128 4013 1359 4072 Maiore
1410 4017 1622 4074 autem
1673 4015 2000 4092 diligentia
2047 4017 2113 4076 in
2156 4018 2452 4080 omnibus
2499 4019 2631 4080 fere
2687 4021 2948 4100 epistolis

431 4111 764 4188 Apostolus
783 4108 1320 4204 universalitatem
1342 4108 1558 4168 salutis
1579 4127 1693 4187 per
1710 4111 2023 4172 Christum
2040 4114 2262 4175 allatae
2281 4114 2554 4176 vindicat
2576 4121 2762 4195 atque
2783 4118 2950 4178 fidem

430 4208 628 4267 vivam
658 4207 957 4268 inlesum
996 4206 1311 4266 Christum
1347 4206 1608 4282 eiusque
1645 4209 2054 4286 Evangelium
2090 4210 2256 4270 viam
2294 4211 2544 4272 unicam
2575 4214 2798 4275 salutis
2833 4231 2948 4274 esse

431 4305 731 4364 ostendit.

502 4417 695 4470 Finem
736 4415 825 4471 vix
854 4414 1140 4470 inveniunt
1183 4417 1397 4484 PatreS,
1433 4414 1477 4470 si
1519 4413 1590 4471 de
1635 4415 1900 4472 thesauro
1943 4417 2326 4476 doctrinarum
2367 4422 2430 4477 in
2458 4422 2700 4493 paulinis
2726 4421 2950 4495 epistolis

434 4510 693 4557 contento
720 4502 1051 4572 loquuntur;
1082 4522 1106 4552 «
1142 4504 1586 4574 promptuarium
1615 4502 1902 4560 doctrinae
1930 4505 2137 4562 Christi
2163 4527 2188 4558 n
2221 4523 2317 4563 eas
2336 4509 2394 4564 S.
2423 4511 2694 4580 Cur-llius
2715 4511 2949 4583 appellat,

440 4607 464 4634 «
508 4587 669 4657 Legis
710 4597 765 4641 et
806 4589 1215 4658 ScrIpturarum
1256 4590 1561 4644 armarium
1608 4611 1632 4640 »
1681 4591 1739 4646 S.
1770 4592 2196 4662 Hieronymus,
2243 4615 2270 4646 α
2315 4597 2572 4666 metalla,
2615 4615 2754 4671 quae
2780 4597 2950 4670 quouis

436 4687 571 4730 auro
596 4672 945 4742 pretiosiores
964 4675 1123 4732 nobis
1148 4675 1449 4745 praebeant
1476 4677 1697 4732 divitias
1712 4721 1726 4748 ,
1751 4688 1808 4733 et
1833 4677 2041 4750 sontes,
2065 4682 2160 4754 qui
2184 4698 2490 4754 numquam
2521 4685 2634 4741 sint
2659 4685 2905 4742 defecturi
2929 4705 2946 4730 a·
