3050 5184
389 327 506 386 408
540 342 614 386 m:
645 343 779 386 vss'r.
815 343 1067 388 TESTAn.
1091 343 1290 389 umus
1311 343 1721 390 mopnnrlcls.
1746 361 1823 371 ·-
1844 343 1973 388 CAP.
1997 345 2079 388 IV.
2104 345 2181 388 1)ss
2200 345 2540 391 phorm-:Tui
2560 346 2897 392 EZEOEIEUS.

707 473 978 531 Iudicium
1009 484 1302 530 venturum
1326 475 1617 532 annuntiat
1638 476 1901 547 parabola
1930 474 2171 533 incendii
2192 475 2366 532 saltus
2394 477 2679 534 meridiani
2704 479 2905 548 (20‚4.‘›-

633 565 756 626 49),
797 577 939 633 quae
962 562 1268 633 explicatur
1303 563 1373 619 de
1395 563 1580 636 gladio
1620 565 1765 637 regis
1792 563 2307 620 Nabuchodonosor
2332 565 2627 638 (21,1-24),
2659 567 2755 636 qui
2782 579 2909 635 pon-
3012 557 3014 578 ⁴

635 649 906 706 tifieatum
935 657 990 704 et
1016 649 1280 706 thronum
1311 651 1448 706 luda
1475 651 1548 706 sit
1575 649 1959 708 destructurus
1986 655 2313 720 (21,25·32).

707 737 918 792 Causae
947 753 1250 808 poenarum
1292 739 1514 809 proprio
1544 753 1799 794 sermone
1830 741 2101 807 (22,1-31)
2124 747 2183 795 et
2206 739 2469 810 parabola
2502 740 2741 795 duarum
2768 755 2911 794 som·
3015 739 3016 764 ¹

635 839 762 879 rum
783 824 1140 880 meretricum
1158 824 1565 893 describuntur,
1598 841 1741 898 quae
1758 827 2065 883 Samariam
2088 835 2144 882 et
2168 827 2471 882 Ierusalem
2500 825 2661 882 idolis
2686 827 2914 882 servien-

633 919 717 966 tes
745 911 989 983 figurant
1017 917 1308 981 (23‚1-49).

706 1005 760 1052 5.
797 1003 854 1053 V
851 1002 1098 1055 aticinia
1121 1001 1511 1074 promulgata
1548 1017 1613 1056 eo
1640 1000 1765 1070 die,
1800 1018 1914 1073 quo
1948 1003 2267 1058 Ierusalem
2302 1001 2568 1058 obsideri
2604 1009 2811 1074 coepta
2842 1009 2915 1055 est

637 1091 928 1154 (24,1-27).
963 1118 1030 1128 -
1055 1090 1214 1144 Hanc
1244 1088 1392 1144 diem
1430 1088 1699 1145 adnotare
1726 1089 1909 1146 iussus
1940 1089 2240 1146 instantem
2282 1089 2653 1145 calamitatem
2694 1089 2801 1145 sub
2828 1105 2917 1160 pa-

637 1174 828 1230 rabola
865 1175 1010 1231 ollae
1037 1176 1340 1232 aestuantis
1379 1177 1671 1232 annuntiat
1700 1181 2001 1246 (24‚1-14);
2033 1176 2105 1233 de
2132 1178 2319 1232 uxoris
2345 1184 2529 1233 morte
2562 1177 2759 1248 lugere
2800 1191 2919 1248 pro·
3019 1163 3020 1174 ¹

636 1261 874 1330 hibetur,
907 1263 1034 1334 quia
1064 1261 1133 1318 de
1175 1265 1385 1336 templo
1419 1264 1715 1320 interituro
1754 1264 1935 1320 luctus
1960 1265 2033 1319 sit
2058 1263 2309 1336 agendus
2336 1264 2669 1336 (24,15-24);
2705 1263 2917 1318 demum

637 1349 1036 1406 contribulibus
1060 1351 1170 1405 suis
1193 1359 1376 1407 tacere
1399 1349 1637 1418 iubetur,
1664 1367 1839 1422 usque
1868 1350 2004 1406 dum
2028 1349 2339 1408 destructae
2364 1350 2521 1407 urbis
2546 1351 2807 1406 nuntium
2834 1365 2919 1404 ae·
3021 1352 3022 1377 ¹

634 1439 840 1509 ceperit
871 1441 1185 1508 (24,25-27).

457 1525 613 1581 ΡΑιιε
639 1542 876 1582 ALTERA
905 1529 1266 1596 (25,1-32,32)
1299 1533 1516 1599 septem
1540 1527 1807 1600 qentibus
1837 1528 2153 1584 interitum
2178 1530 2523 1584 annuntiat.

460 1621 509 1668 1.
535 1615 652 1670 Sex
666 1614 902 1686 populis
929 1615 1170 1683 uiciate,
1198 1614 1403 1687 quide
1429 1615 1677 1670 interitu
1704 1616 1855 1671 Iuda
1880 1616 2067 1686 ραυίεἱ
2093 1621 2261 1680 sunt,
2280 1616 2694 1672 annuntiatur
2714 1630 2919 1686 poena.
3023 1589 3024 1594 ἵ

707 1701 1036 1756 Brevissime
1065 1702 1334 1772 propheta
1373 1710 1569 1758 contra
1603 1704 2007 1768 Ammonitas,
2044 1703 2383 1768 Moabitas,
2422 1702 2768 1771 Idumaeos,
2794 1702 2923 1756 Plu·-

638 1787 926 1844 tistliaeos
956 1788 1286 1845 vaticinatur
1311 1791 1601 1860 (25,1-17).
1633 1821 1701 1832 -
1731 1789 1945 1846 Deinde
1982 1793 2124 1860 Tyri
2152 1790 2493 1862 completum
2520 1789 2813 1845 interitum
2834 1803 2923 1844 an-

639 1876 857 1931 nuntiat
886 1876 1157 1948 (26,1-21)
1201 1886 1368 1950 atque
1404 1879 1647 1934 carmine
1690 1876 1905 1949 lugubri
1934 1878 2148 1949 plangit
2184 1882 2476 1946 (27‚t·36);
2521 1877 2669 1948 regis
2716 1891 2925 1948 quoque

633 1963 763 2036 Tyri
789 1965 1090 2036 castigatur
1117 1963 1372 2036 superbia
1402 1972 1459 2020 et
1485 1963 1823 2036 praedicitur
1850 1981 2029 2036 poena
2059 1969 2344 2034 (28,1-19>.
2380 1997 2451 2006 —-
2477 1967 2653 2021 Breve
2684 1963 2925 2020 adnecti·
3027 1963 3028 1976 ¹

639 2059 731 2106 tur
755 2053 1072 2108 vaticinium
1099 2061 1292 2108 contra
1315 2052 1498 2109 Sidon
1525 2058 1844 2122 (28,20-26).

461 2143 514 2193 2.
543 2144 845 2212 Aeqyptus
874 2157 968 2196 sex
1011 2140 1274 2196 vaticiniis
1309 2140 1629 2212 castigatur.
1658 2171 1727 2180 —-
1755 2143 2019 2196 Primum
2047 2156 2101 2196 a.
2139 2148 2225 2196 10.
2268 2148 2393 2210 post
2428 2139 2729 2195 lechoniae
2754 2149 2925 2195 trans-
3028 2211 3030 2214 Α

640 2227 1028 2299 migrationem
1051 2226 1318 2298 praedicit
1342 2227 1617 2283 Pharaoni
1646 2227 1857 2298 totique
1875 2231 2127 2301 Aegypto
2153 2226 2428 2283 excidium
2448 2231 2753 2296 <29,1-16)‚
2772 2234 2927 2297 atque

635 2313 996 2371 confirmatur
1023 2316 1214 2384 altero,
1240 2313 1389 2386 quod
1415 2330 1466 2370 a.
1493 2321 1584 2370 27.
1609 2315 1987 2387 promulgatur
2007 2315 2308 2388 (29,17·30,
2328 2319 2430 2382 19).
2463 2316 2733 2370 Tertium
2764 2329 2815 2369 a.
2852 2318 2925 2367 11.

640 2401 848 2457 editum
893 2409 976 2457 est
1005 2405 1335 2470 (30,20-26),
1369 2411 1425 2457 et
1467 2408 1753 2474 quartum
1798 2402 1994 2458 eodem
2025 2417 2171 2457 anno
2202 2410 2489 2471 comparat
2512 2400 2827 2456 Pharaonis
2849 2401 2925 2454 in-

637 2489 860 2545 teritum
881 2505 1009 2545 cum
1033 2489 1260 2546 interitu
1282 2489 1429 2562 regis
1451 2491 1709 2561 Assyriae
1732 2494 2015 2556 (31‚1·17).
2038 2491 2319 2561 Quintum
2342 2493 2680 2559 (32‚1-16;et
2708 2493 2922 2544 sextum

642 2582 947 2646 <32,17-32)
973 2593 1028 2633 a.
1068 2583 1156 2635 12.
1188 2577 1340 2634 edita
1368 2585 1497 2632 sunt
1525 2576 1731 2650 elegiae
1755 2575 1824 2634 de
1853 2576 2157 2633 Pharaonis
2184 2575 2419 2633 excidio.

461 2667 618 2722 Pans
655 2681 878 2722 run-rm
923 2669 1292 2736 (83,1-48,35)
1339 2664 1655 2721 vaticiniis
1701 2665 2120 2722 consolatoriis
2167 2669 2355 2720 Deum
2409 2663 2643 2736 fidelem
2698 2681 2825 2720 esse
2876 2667 2927 2716 in

630 2754 1122 2826 promissionibus
1153 2754 1545 2810 demonstrat.

467 2848 515 2896 1.
545 2843 652 2897 Pro
679 2840 1134 2909 introductione,
1156 2849 1219 2895 ut
1243 2841 1379 2896 falsa
1405 2839 1783 2895 israelitarum
1802 2839 2003 2896 fiducia
2023 2839 2365 2907 destruatur,
2392 2838 2657 2894 edocetur
2676 2839 2925 2910 populus.

640 2927 773 3000 quid
820 2929 1157 3000 requiratur,
1207 2936 1271 2982 ut
1313 2928 1743 2998 promissionum
1791 2927 2067 2998 particeps
2113 2927 2213 2984 fiat
2260 2931 2562 2996 (3³,1-20);
2611 2927 2930 2998 sanguinem

640 3017 792 3071 enim
821 3015 1285 3072 abrahamiticum
1311 3014 1382 3070 ad
1411 3014 1466 3070 id
1497 3031 1611 3070 non
1638 3015 1889 3070 sufficere
1916 3019 2246 3084 (33,21-34).

465 3109 517 3158 2.
553 3104 870 3158 Vaticim‘a
898 3103 972 3159 de
995 3105 1368 3160 restitutione
1395 3109 1450 3158 et
1473 3101 1694 3176 futura
1722 3103 1927 3171 gloria
1956 3102 2146 3158 Israel
2172 3105 2563 3171 (34,1-39,29).

714 3194 1006 3246 Pastorum
1044 3187 1350 3246 infidelium
1392 3189 1575 3246 locum
1616 3190 1909 3261 occupabit
1950 3187 2129 3244 bonus
2172 3198 2377 3261 pastor.
2414 3218 2487 3230 —
2513 3187 2760 3244 Reiectis
2794 3186 2931 3242 enim

639 3277 880 3349 antiquis
912 3278 1253 3349 pastoribuS,
1281 3279 1375 3349 qui
1403 3277 1663 3333 Israelem
1693 3276 2057 3348 perdiderunt
2086 3278 2361 3332 Dominus
2388 3285 2689 3349 congregat
2721 3287 2931 3348 gregem

639 3381 804 3422 suum
833 3371 1104 3435 (34.1-17)
1131 3367 1291 3438 eique
1321 3365 1613 3436 praeponit
1640 3372 1921 3436 pastorem
1949 3364 2238 3421 Davidem
2270 3367 2603 3432 (34,18-31).

718 3453 946 3508 Diversa
983 3469 1104 3508 sors
1142 3453 1360 3509 Israelis
1397 3461 1453 3508 et
1491 3451 1808 3507 Idumaeae.
1849 3483 1923 3493 -—
1955 3451 2233 3519 Idumaei,
2264 3458 2456 3522 utpote
2496 3450 2719 3506 Israelis
2760 3449 2932 3505 hostes

646 3545 932 3608 (35,1·15)
971 3542 1292 3612 vicinaeque
1341 3548 1533 3613 gentes
1562 3539 1919 3595 destruentur
1966 3544 2248 3609 (36‚1-7);
2293 3536 2365 3594 ad
2404 3552 2711 3610 perennem
2760 3544 2933 3592 autem

643 3629 876 3701 gloriam
897 3638 1151 3701 resurget
1174 3630 1347 3685 Israel
1373 3631 1645 3700 (36,8-15)
1674 3626 1746 3683 01)
1774 3627 2046 3683 bonorem
2086 3626 2326 3684 nominis
2362 3624 2590 3681 Domini
2620 3627 2931 3690 (amm-381.

719 3717 1084 3772 Resuscitatio
1109 3725 1165 3772 et
1193 3717 1324 3772 unio
1351 3716 1523 3772 lsrael
1552 3713 1769 3770 duabus
1788 3713 2067 3786 parabolis
2090 3714 2417 3769 illustratur.
2451 3741 2525 3753 —
2549 3711 2777 3768 Etenim
2800 3725 2933 3765 mor·

645 3813 870 3860 tuorum
907 3819 1030 3860 ossa
1069 3805 1400 3860 vaticinante
1437 3801 1711 3875 propheta
1750 3803 1859 3858 vita
1896 3817 2043 3858 nova
2077 3800 2357 3857 donantur
2394 3803 2699 3869 (37,1-14)‚
2742 3807 2798 3854 et
2834 3797 2934 3852 duo

645 3893 792 3964 ligna
835 3907 1006 3947 manu
1048 3893 1164 3948 eius
1206 3891 1497 3948 coniuncta
1540 3891 1801 3946 unionem
1845 3905 2146 3962 regnorum
2187 3888 2567 3961 praefigurant
2610 3890 2931 3954 (vas-285.

718 3980 958 4036 Victoria
986 3978 1057 4036 de
1083 3979 1334 4035 hostibus
1359 3977 1502 4034 duce
1527 3977 1653 4050 Gog
1680 3993 1887 4032 novum
1923 3993 2160 4049 regnum
2187 3975 2547 4049 aggressuris.
2578 4004 2651 4015 -
2688 3973 2935 4028 Hostium

646 4069 910 4125 lsraelem
939 4066 1224 4123 destruere
1255 4065 1559 4123 volentium
1588 4063 1817 4120 consilio
1846 4063 2117 4136 propheta
2140 4063 2371 4135 opponit
2392 4061 2687 4118 consilium
2714 4061 2817 4116 Dei
2846 4075 2933 4126 ag·

647 4157 986 4228 gressionem
1007 4155 1374 4226 permittentis
1393 4155 1653 4222 (38,1-'28)
1672 4195 1685 4222 ,
1714 4169 1780 4208 ac
1804 4151 1933 4208 dein
1955 4151 2201 4208 hostium
2226 4160 2467 4222 stragem
2486 4147 2751 4204 describit
2768 4151 2933 4214 (39,¹·

646 4247 734 4311 20)
765 4243 1086 4316 fructusque
1113 4243 1376 4299 victoriae
1403 4240 1649 4298 celebrat
1676 4243 2001 4308 (39,21-29).

472 4336 524 4386 3.
555 4332 908 4404 Prophetiea
937 4331 1260 4403 descriptio
1287 4331 1428 4385 novi
1454 4329 1627 4400 reyni
1655 4329 1843 4383 Israel
1868 4331 2256 4396 (40,1-48‚35).
2288 4324 2581 4396 Templum
2606 4322 2935 4378 destructum

649 4419 895 4488 iacebat,
923 4419 1103 4475 cultus
1131 4425 1466 4484 cessaverat,
1502 4418 1737 4486 populus
1760 4433 1791 4470 e
1819 4423 1970 4470 terra
1999 4429 2095 4469 sua
2127 4421 2245 4468 erat
2278 4413 2483 4468 eiectus
2517 4431 2531 4466 :
2564 4427 2633 4466 ex
2664 4409 2753 4465 his
2780 4408 2935 4480 igitur

651 4506 920 4577 propheta
951 4506 1192 4562 desumit
1218 4505 1469 4577 symbola
1497 4503 1569 4558 ad
1602 4519 1807 4558 novum
1836 4501 2069 4557 Messiae
2097 4515 2332 4572 regnum
2360 4497 2803 4554 describendum.

724 4593 1124 4648 Describuntur
1174 4592 1301 4647 novi
1353 4589 1545 4661 templi
1592 4589 1733 4645 atria
1786 4597 1841 4644 et
1886 4587 2158 4644 vestibula
2216 4589 2489 4656 (wa-49)
2506 4627 2521 4652 ‚
2571 4581 2932 4640 sanctuarium

656 4680 836 4750 ipsum
869 4681 1136 4746 (na-24)
1155 4723 1168 4746 ‚
1203 4677 1452 4734 aedificia
1485 4678 1543 4732 in
1572 4678 1726 4732 atriis
1756 4683 1939 4732 erecta
1968 4677 2258 4744 (ΩΑ-20).
