3050 5184
388 289 510 348 574
552 303 625 346 ne
671 303 813 348 novi
860 305 1026 347 rnsr.
1070 303 1258 348 unius
1298 303 1650 350 almericus».
1679 303 1910 346 -οΑΡ,
1961 303 2030 346 11.
2067 302 2142 346 na
2186 302 2378 345 Epis-r.
2415 299 2588 342 mum
2633 295 2904 340 sinaeus.

391 449 509 489 rem
555 434 946 508 mysteriorum
987 435 1419 492 christianorum
1458 435 1896 492 celebrationem
1941 434 2227 503 despicere
2273 431 2580 502 coeperint.
2629 431 2710 484 Eo
2763 427 2913 496 igitur

393 531 663 592 tempore,
694 538 803 592 quo
830 523 1033 578 Paulus
1059 526 1272 579 Romae
1297 524 1546 594 captivus
1569 522 1834 596 degebat,
1869 543 1896 574 α
1923 522 2128 578 misera
2144 562 2159 589 ,
2185 520 2366 592 inquit
2386 522 2442 576 S.
2479 519 2913 586 chrysostomus

392 610 469 676 (in
498 609 671 664 Hebr.
703 607 884 666 Praei.
910 610 992 681 2),
1019 608 1123 666 fuit
1156 610 1405 667 fidelium
1434 611 1776 683 lerosolyma
1801 619 2158 680 ceteramque
2203 607 2570 665 Palaestinam
2615 603 2911 660 inhabitan-

391 697 532 752 tium
568 696 831 753 conditiO.
862 697 1048 766 Quare
1077 697 1212 770 quid
1242 700 1473 766 mirum,
1510 698 1558 754 si
1595 699 1718 768 ille,
1751 699 1850 770 qui
1885 697 2184 754 anathema
2221 709 2342 752 esse
2369 710 2470 766 pro
2494 691 2803 748 incredulis
2843 691 2912 744 lu·

392 783 545 840 daeis
572 785 791 842 volebat
818 795 873 842 et
910 785 979 842 de
1020 787 1299 842 conversis
1341 785 1413 843 ad
1452 785 1624 842 fldem
1664 794 1784 842 tam
1829 794 1954 842 crat
1991 783 2289 852 sollicitus,
2317 791 2381 838 ut
2417 780 2487 838 ad
2525 797 2620 836 eos
2665 776 2912 850 proficisi

392 887 695 944 eorumque
722 874 1077 930 necessitates
1111 873 1287 930 lenire
1322 888 1437 930 non
1463 873 1779 942 dubitaret,
1811 888 1959 928 nunc
1985 888 2082 928 eos
2105 870 2277 928 literis
2302 869 2630 926 exhortetur
2651 876 2716 923 et
2741 881 2914 922 conso-

393 959 538 1016 letur
564 967 621 1016 et
645 957 907 1016 cadentes
934 959 1405 1017 admonitionibus
1437 959 1552 1016 suis
1581 957 1858 1017 confortet
1887 963 1962 1016 »Ρ
1991 960 2340 1030 Quamquam
2369 957 2516 1013 enim
2546 953 2850 1028 praeputii,
2876 960 2916 1004 et

394 1062 505 1102 non
535 1047 996 1112 circumcisioniS‚
1025 1049 1327 1118 Apostolus
1372 1056 1536 1118 esset,
1569 1049 1768 1104 caritas
1795 1048 2002 1106 Christi
2044 1062 2173 1102 eum
2203 1044 2464 1116 urgebat,
2489 1053 2552 1099 ut
2578 1042 2788 1098 fratres
2812 1055 2918 1095 suos

394 1133 699 1190 secundum
723 1149 949 1192 carnem
976 1137 1035 1190 in
1058 1135 1189 1192 fidei
1218 1136 1463 1207 periculo
1487 1136 1734 1192 maximo
1761 1137 2094 1192 constitutos
2125 1150 2224 1206 pro
2255 1133 2466 1190 viribus
2486 1130 2801 1189 adiuvaret.

474 1287 532 1345 8.
562 1319 638 1330 -—
662 1287 732 1346 V.
768 1290 1199 1348 Anauuauruu
1239 1304 1314 1348 13⁶1·
1356 1303 1576 1348 nivisro
1619 1303 1958 1348 arisroma.
2005 1283 2308 1356 Quoniam
2355 1283 2646 1344 fidelium
2689 1295 2918 1360 quoque

398 1380 957 1458 palaestinensium
992 1383 1337 1444 multorum
1365 1383 1608 1443 animos
1635 1400 1672 1442 a
1711 1401 1778 1443 se
1817 1399 1954 1444 esse
1991 1380 2380 1442 abalienatos
2413 1395 2538 1439 non
2578 1377 2916 1456 ignorabat.

396 1479 729 1554 Apostolus
752 1480 976 1540 eadem
1004 1480 1275 1553 ratione,
1296 1497 1418 1558 qua
1446 1479 1736 1540 ecclesiis
1765 1497 1802 1538 a
1826 1495 1894 1540 se
1914 1478 2188 1539 fundatis
2205 1524 2220 1548 ,
2246 1473 2786 1553 ierosolymitanis
2813 1489 2922 1534 suc-

396 1591 643 1636 currere
674 1592 798 1635 non
829 1575 1065 1654 potuit,
1098 1593 1214 1636 nec
1243 1576 1651 1636 seductorum
1683 1591 1926 1636 errores
1959 1574 2202 1634 directe
2223 1571 2475 1651 aggredi
2500 1575 2566 1632 et
2591 1570 2918 1632 confutare.

396 1671 543 1731 ldeo
574 1672 829 1732 nomine
860 1689 973 1732 suo
1016 1688 1356 1750 suppresso
1399 1671 1754 1750 diynitatem
1795 1675 1856 1731 et
1895 1669 2314 1732 excellentiam
2353 1667 2520 1732 Noui
2571 1667 2924 1728 Testamenta·

391 1785 537 1846 prae
590 1767 791 1827 Vetere
832 1769 1157 1845 exposuit,
1198 1772 1270 1830 ut
1305 1768 1610 1829 indirecte
1655 1767 1900 1828 Veteris
1941 1765 2416 1844 abrogationem
2458 1764 2794 1828 insinuans
2833 1777 2922 1822 eos

398 1868 615 1922 contra
645 1863 847 1923 cultus
876 1863 1119 1941 antiqui
1150 1864 1550 1942 splendorem
1578 1863 2006 1943 praemuniret
2041 1869 2104 1924 et
2131 1881 2167 1923 a
2189 1863 2414 1924 Vetere
2451 1863 2618 1939 Lege
2659 1859 2922 1926 rotrahe·

395 1963 511 2020 ret.
558 1962 727 2019 Duae
759 1959 1061 2037 epistolae
1104 1965 1310 2040 partes
1350 1966 1493 2037 apte
1535 1961 2026 2040 distinguuntur,
2073 1960 2415 2039 doqmatiea
2459 1957 2838 2037 (1‚1-10,18)
2875 1965 2924 2018 et

390 2061 777 2134 paraenetica
801 2055 1271 2136 (lonii-1321),
1304 2057 1593 2135 quamvis
1625 2057 1816 2118 etiam
1842 2058 1906 2117 in
1935 2057 2144 2135 priore
2173 2058 2350 2135 parte
2379 2055 2746 2133 paraenesis
2775 2052 2924 2114 haud

396 2170 658 2230 parvum
692 2154 907 2213 locum
934 2159 1226 2230 occupet.

463 2259 622 2314 Paas
651 2273 840 2314 Paroa
866 2271 1230 2316 nocua-rica
1259 2261 1586 2328 (1,1-10‚18)
1614 2257 1832 2330 triplice
1860 2273 1928 2313 ex
1952 2257 2135 2330 capite
2161 2256 2305 2313 Novi
2329 2255 2676 2312 Testamenti
2699 2251 2924 2325 praecel-

392 2345 621 2401 lentiam
646 2359 779 2416 prae
806 2345 1010 2401 Vetere
1037 2343 1398 2403 demonstrat.

468 2438 516 2488 1.
544 2435 641 2488 Ex
660 2437 843 2504 parte
886 2437 1201 2488 auctorum
1236 2437 1558 2507 Utriusque
1590 2434 1949 2490 Testamenti
1989 2433 2303 2504 (1,1-2,18).
2332 2433 2504 2487 Vetus
2526 2447 2559 2486 a
2589 2431 2755 2486 Novo
2777 2445 2922 2502 supe·

638 2527 813 2588 ratur,
845 2520 971 2592 quia
998 2519 1139 2577 illud
1168 2536 1267 2592 per
1294 2521 1520 2594 angelos
1553 2521 1872 2578 ordinatum
1899 2529 2021 2578 erat
2051 2520 2152 2592 (cfr
2179 2521 2313 2578 Gal.
2347 2522 2493 2590 a,19)
2512 2560 2527 2586 ,
2562 2518 2733 2574 huius
2757 2525 2922 2574 autem

640 2615 837 2664 auctor
865 2615 949 2664 est
975 2608 1149 2664 Filius
1177 2609 1283 2665 Dei
1309 2609 1448 2680 ipse.

709 2696 1079 2752 Praemittens
1106 2699 1288 2752 Deum
1317 2712 1415 2768 per
1444 2697 1646 2754 Filium
1669 2713 1836 2754 suum
1861 2697 2022 2754 nobis
2051 2711 2170 2753 esse
2195 2697 2444 2753 locutum
2472 2696 2666 2764 (1,1·3)
2693 2698 2920 2764 Aposto-

638 2783 725 2839 lus
754 2783 993 2840 ostendit
1020 2783 1300 2841 Christum
1328 2785 1554 2857 angelos
1581 2801 1844 2855 superare
1870 2785 2088 2840 ratione
2113 2783 2333 2840 divinae
2353 2791 2588 2840 naturae
2613 2791 2673 2838 et
2701 2780 2918 2853 dignita-

636 2871 711 2927 tis
734 2875 983 2940 (1‚4-14),
1012 2871 1161 2928 unde
1189 2871 1495 2941 concludit,
1530 2873 1648 2928 eius
1675 2872 1946 2939 sermoni,
1973 2872 2014 2926 i.
2037 2889 2083 2928 e.
2117 2873 2306 2928 Novae
2345 2871 2504 2943 Legi,
2551 2869 2918 2940 perfectiorem

639 2958 1011 3015 obedientiam
1054 2957 1241 3015 deberi
1281 2961 1499 3030 (2,1-4).
1533 2991 1598 3000 —
1624 2961 1806 3028 Quam
1851 2959 2267 3016 conclusionem
2307 2958 2602 3015 confirmat
2643 2955 2920 3014 ostendens

634 3046 856 3104 Christo
884 3045 1266 3103 concreditum
1294 3063 1413 3103 esse
1442 3063 1681 3120 regnum
1703 3046 2094 3104 messianicum
2123 3046 2318 3119 (za-9)
2345 3055 2404 3102 et
2431 3045 2738 3117 explicam,
2765 3050 2920 3100 curet

641 3135 921 3206 quomodo
949 3133 1231 3190 Christum
1257 3134 1505 3192 decuerit
1535 3134 1810 3192 humiliari
1839 3143 2068 3207 propter
2093 3144 2344 3192 nostram
2371 3134 2611 3190 salutem
2641 3137 2914 3204 (zm-18.-

460 3229 515 3277 2.
562 3225 654 3278 Em
688 3227 863 3295 parte
915 3222 1323 3278 mediatorum
1390 3223 1709 3297 Utriusque
1765 3226 2125 3280 Testamenti
2171 3222 2210 3278 i.
2261 3239 2311 3278 e.
2360 3223 2565 3293 Moysis
2623 3228 2684 3276 et
2737 3217 2918 3276 Christi

652 3313 955 3378 (a‚1-4,13).

708 3397 1038 3454 Brevissime
1060 3397 1332 3466 ostendit,
1369 3407 1580 3470 quanto
1603 3396 1833 3454 inferior
1854 3399 2075 3469 Moyses
2101 3399 2173 3454 sit
2212 3396 2430 3452 Christo
2472 3399 2706 3468 (3,1·6);
2737 3393 2918 3452 deinde

636 3491 825 3539 autem
861 3487 1175 3557 exemplum
1217 3487 1597 3542 Israelitarum
1639 3485 1710 3543 ob
1753 3485 2198 3541 incredulitatem
2240 3485 2310 3540 ab
2351 3485 2605 3558 ingressu
2645 3485 2708 3540 in
2747 3482 2917 3539 Palae-

636 3571 839 3627 stinam
881 3573 1231 3630 exclusorum
1264 3579 1489 3643 (aa-19)
1531 3574 1710 3647 typice
1739 3572 2017 3644 explicans
2045 3569 2354 3628 cavendum
2379 3579 2599 3643 monet,
2631 3587 2708 3628 ne
2735 3571 2834 3643 ipsi
2856 3567 2916 3623 ab

633 3660 883 3732 ingressu
912 3662 969 3715 in
996 3663 1247 3732 requiem
1281 3661 1644 3717 excludantur
1672 3661 1926 3731 (ιω-13).

458 3753 509 3802 3.
544 3750 641 3803 Ex
659 3753 843 3820 parte
862 3747 1211 3820 pontificum
1243 3752 1554 3822 Utriusque
1593 3748 1954 3804 Testamenti
1979 3753 2367 3819 (4,14-10,18).

705 3838 1069 3892 Demonstrat
1094 3837 1261 3910 igitur
1289 3838 1473 3892 Iesum
1503 3851 1624 3892 esse
1648 3836 1968 3906 pontificem
1995 3837 2349 3908 (4,14—5,1o),
2377 3843 2435 3891 et
2461 3843 2763 3908 postquam
2789 3835 2912 3890 vitu·

633 3924 979 3996 perationem
1001 3925 1073 3980 de
1100 3925 1373 3980 lectorum
1395 3923 1718 3979 infirmitate
1744 3923 1801 3979 in
1831 3921 1942 3979 fide
1969 3922 2258 3996 praemisit
2284 3939 2512 3995 eosque,
2539 3932 2604 3979 ut
2630 3923 2708 3982 ad
2735 3919 2914 3996 periec-

638 4012 781 4067 tiora
821 4011 1112 4080 anhelent,
1138 4011 1462 4068 exhortatus
1490 4019 1574 4066 est
1617 4015 1982 4081 (5,11-6,19),
2011 4010 2256 4068 ostendit
2297 4026 2428 4067 eum
2466 4026 2588 4068 esse
2613 4011 2910 4083 pontificem

640 4099 793 4154 iuxta
818 4099 1073 4156 ordinem
1098 4097 1506 4156 Melchisedech
1541 4099 1754 4171 (7,1·a).

711 4188 835 4256 Quo
854 4186 1216 4243 fundamento
1236 4186 1412 4257 posito
1432 4185 1805 4242 sacerdotium
1825 4187 2424 4244 melchisedechianum
2446 4187 2750 4244 aaronitico
2767 4199 2906 4257 prae-

640 4283 787 4330 stare
816 4273 981 4330 docet
1006 4289 1334 4345 comparans
1359 4289 1626 4347 personas
1649 4275 1908 4346 (7‚4·28),
1937 4289 2240 4346 earumque
2271 4289 2504 4330 munera
2533 4276 2708 4333 relate
2739 4273 2806 4329 ad
2832 4273 2906 4326 in-

638 4371 861 4418 ternum
898 4377 1093 4418 eorum
1130 4363 1377 4418 valorem
1412 4365 1635 4430 (an-5),
1680 4361 1854 4418 relate
1891 4360 1962 4418 ad
1993 4360 2188 4418 foedus
2231 4360 2302 4417 ad
2343 4360 2496 4434 quod
2535 4363 2806 4432 pertinent
2841 4361 2903 4424 (8,

639 4449 808 4520 643),
832 4450 1007 4506 relate
1030 4453 1101 4506 ad
1128 4449 1405 4520 effectum,
1434 4465 1603 4523 quem
1630 4449 1946 4522 producunt
1975 4453 2231 4518 (tm-14).

712 4539 953 4592 Demum
994 4536 1388 4608 obiectionem,
1434 4553 1578 4610 quae
1623 4553 1691 4594 ex
1731 4537 1935 4594 Christi
1984 4546 2168 4594 morte
2209 4545 2403 4594 contra
2445 4535 2564 4594 eius
2605 4537 2902 4610 dignitatem

638 4622 855 4678 desumi
886 4625 1084 4694 potuit,
1113 4625 1189 4681 ita
1214 4624 1447 4695 refutat,
1476 4635 1539 4683 ut
1567 4627 1684 4682 eius
1709 4625 2032 4682 excellentia
2059 4625 2236 4697 magis
2259 4635 2523 4698 appareat
2551 4626 2878 4694 (9,15-1⁰‚183
