3050 5184
1185 321 1649 367 Pnotnconnm.
2644 311 2683 366 3

117 461 300 508 autem
329 469 424 509 res
448 463 532 509 est
555 453 866 526 antiquior3
897 469 1140 526 namque
1168 456 1322 510 velut
1351 477 1374 506 α
1405 454 1822 511 introductores
1844 457 1901 511 S.
1930 455 2250 527 Scripturae
2276 477 2299 508 su
2331 457 2689 512 Cassiodorus

121 550 222 602 iam
267 550 532 597 recenset
575 547 642 596 T
621 542 944 612 Jclaonmm
991 547 1165 606 Don„
1214 543 1270 598 S.
1325 545 1747 616 Auqustinum‚
1800 543 2176 613 ,dm-ianam,
2226 547 2286 601 ὃ.
2332 545 2689 602 Eucherium

121 629 324 701 Luyd„
353 630 660 686 [anilium
699 629 953 704 Afrum,
988 630 1187 702 quibus
1220 631 1429 688 addere
1461 631 1639 702 potuit
1676 631 1991 704 Om'qenem
2018 649 2241 704 quoque
2269 641 2326 688 et
2352 632 2689 688 Melitonem

117 718 289 772 δατ-ά.
305 718 458 789 ,qui
485 717 682 774 eadem
721 719 964 788 ratione,
999 735 1106 791 qua
1137 719 1357 790 reliqui,
1389 728 1683 791 praecepta
1714 719 2190 792 interpretationis
2226 721 2475 778 maxime
2503 721 2679 777 tradi-

119 807 376 861 derant.
332 805 350 840 ¹
409 807 669 862 Ceterum
708 808 1090 878 quaestionem
1127 809 1199 863 de
1235 808 1448 880 origine
1481 817 1537 864 et
1574 809 1909 864 auctoritate
1937 807 2211 864 librorum
2240 810 2401 864 solus
2420 809 2679 868 Innitens

119 895 316 965 attigit,
343 893 438 950 alii
461 895 678 968 antiqui
701 895 866 950 simul
895 911 1024 952 cum
1049 894 1350 963 historiciS,
1375 895 1815 968 archaeologicis
1844 905 1949 952 etc.
1984 897 2401 968 quaestionibus
2423 905 2521 951 aut
2548 895 2679 952 data

113 982 414 1038 occasione
439 983 502 1038 in
528 984 946 1040 commentariis
973 991 1358 1040 tractaverunt
1385 993 1482 1040 aut
1505 984 1566 1040 in
1594 986 2125 1066 commentariorum
2150 984 2563 1056 prolegomenis
2594 985 2677 1039 vel

113 1071 170 1124 in
201 1070 465 1140 operibus
493 1070 770 1127 historicis
799 1072 1208 1144 explicarunt.
1165 1071 1188 1106 ²

183 1157 371 1214 Media
403 1167 588 1216 aetate
615 1175 818 1216 nomen
848 1158 1284 1216 introductionis
1321 1177 1438 1217 non
1473 1158 1755 1216 invenitur
1783 1117 2127 1232 adhibitum3
2160 1162 2312 1234 leges
2341 1161 2675 1232 interpreta-

111 1246 290 1302 tionis
314 1263 382 1302 eo
411 1255 664 1319 tempore
691 1250 751 1303 in
779 1247 1106 1320 dogmaticis
1132 1248 1393 1319 operibus
1419 1247 1802 1316 tradebantur
1834 1250 2085 1321 reliquae
2112 1249 2467 1321 quaestiones
2489 1247 2601 1304 ab
2586 1263 2674 1302 tn-

105 1335 456 1406 terpretibus
481 1335 840 1402 scholasticis,
871 1336 952 1392 uti
976 1351 1010 1392 a
1037 1337 1314 1406 Patribus»,
1343 1335 1759 1392 commentariis
1788 1337 2205 1404 inserebantur3
2238 1345 2481 1392 attamen
2508 1351 2673 1392 accu-

0 1466 3 1507 ,ζ
105 1432 228 1478 rate
259 1423 378 1478 iam
411 1431 606 1479 monet
643 1423 836 1481 θανά.
869 1429 1044 1496 Huqo
1073 1425 1238 1495 (saec.
1279 1429 1386 1492 13.)
1414 1425 1474 1480 in
1512 1427 2044 1481 commentariorum
2080 1425 2490 1497 prolegomenis
2518 1444 2543 1474 α
2579 1439 2675 1480 sex

107 1527 226 1566 esse
255 1510 643 1582 praelibanda,
671 1527 812 1584 quae
835 1513 1006 1568 totius
1030 1513 1212 1584 operis
1235 1512 1438 1568 seriem
1463 1512 1711 1584 pandant
1730 1521 1787 1569 et
1814 1514 2093 1586 legentem
2119 1511 2392 1585 dirigant,
2426 1527 2569 1596 quae
2590 1527 2670 1566 sc.

1 1666 3 1669 y
107 1600 370 1669 materia,
394 1599 524 1671 quis
545 1607 760 1666 auctor,
785 1616 926 1672 quae
945 1601 1199 1669 intentio,
1230 1616 1372 1672 quae
1400 1600 1633 1668 utilitas,
1660 1601 1785 1673 quis
1802 1600 2003 1656 modus
2026 1600 2249 1674 agendi,
2279 1600 2401 1672 quis
2424 1599 2619 1656 titulus
2642 1619 2667 1650 n

128 1689 358 1760 Proleg.
391 1688 454 1742 in
481 1689 642 1754 Ios).
683 1689 896 1757 Quibus
923 1688 1110 1744 omnia
1142 1689 1256 1744 fere
1289 1689 1664 1759 continentur,
1702 1704 1843 1761 quae
1879 1688 2011 1745 inde
2040 1705 2072 1744 a
2102 1704 2249 1744 saec.
2287 1693 2371 1744 16.
2404 1687 2671 1760 separatis

107 1777 369 1846 operibus
395 1777 630 1832 tractari
657 1785 714 1832 et
739 1778 889 1833 velut
917 1785 1170 1848 separata
1198 1775 1490 1849 disciplina
1519 1777 1698 1834 excoli
1724 1785 1855 1832 sunt
1882 1785 2101 1848 coepta.
2564 1852 2568 1854 ῃ
2718 1765 2723 1772 ’

175 1865 479 1920 Meliorem
495 1864 974 1922 introductoribus
995 1865 1140 1922 viam
1158 1865 1490 1922 monstravit
1507 1865 1716 1922 sinatus
1736 1866 2019 1934 Senensis,
2040 1867 2109 1922 O.
2130 1865 2335 1924 Praed.
2357 1867 2419 1934 (†
2442 1869 2598 1931 1569)
2614 1864 2664 1926 ὃς

111 1952 392 2023 duplicem
435 1952 584 2008 enim
631 1953 798 2008 linem
841 1952 1252 2009 Introductioni
1287 1953 1616 2025 assignavit,
1663 1960 1725 2007 ut
1764 1954 2013 2026 legentes
2051 1951 2123 2008 ad
2160 1955 2217 2009 S.
2256 1954 2667 2024 scripturarum

117 2040 358 2096 studium
389 2050 752 2113 praepararet
778 2056 1083 2113 earumque
1117 2041 1506 2097 auctoritatem
1547 2040 1897 2108 defenderet,
1926 2056 2092 2113 quem
2112 2040 2584 2121 duplicemfinem
2605 2048 2669 2095 ut

117 2131 436 2200 attingeret,
466 2130 528 2184 in
555 2145 656 2185 sua
685 2152 712 2178 ι
745 2128 1090 2186 Bibliotheca
1120 2145 1276 2185 saera
1311 2150 1334 2180 υ
1369 2137 1720 2200 argumenta,
1749 2129 2047 2202 originem,
2073 2129 2466 2185 auctoritatem
2492 2127 2665 2184 libro-

123 2233 244 2270 rum
271 2233 556 2274 sacrorum
585 2217 860 2289 exposuit,
891 2217 1214 2290 apocrypha
1239 2225 1294 2272 et
1326 2216 1809 2290 pseudepigrapha
1836 2217 2156 2288 descripsit,
2188 2225 2366 2273 artem
2390 2217 2664 2287 interpre-

119 2305 332 2360 tationis
355 2303 624 2374 tradidit,
655 2321 826 2376 opera
865 2321 1009 2377 quae
1041 2304 1112 2362 de
1146 2305 1444 2376 scripturis
1487 2313 1661 2378 agunt
1702 2305 2074 2373 enumeravit,
2094 2305 2445 2380 „obiectiones
2472 2312 2663 2362 contra

115 2393 526 2465 scripturarum
558 2394 946 2450 auctoritatem
975 2395 1172 2450 allatas
1209 2394 1397 2450 solvit.
1431 2393 1685 2450 Eundem
1714 2392 1997 2464 duplicem
2030 2393 2198 2449 linem
2228 2393 2333 2448 sihi
2361 2407 2666 2464 proposue-

121 2491 234 2536 runt
265 2481 386 2538 eius
422 2496 773 2536 successores
810 2481 1000 2550 multi,
1035 2481 1133 2538 sed
1163 2489 1260 2538 aut
1295 2480 1539 2554 priorem
1570 2490 1667 2537 aut
1698 2481 1939 2538 alterum
1978 2482 2160 2554 magis
2195 2490 2458 2553 urgentes
2487 2481 2543 2537 in
2570 2497 2665 2536 sua

125 2584 266 2639 opera
295 2568 711 2626 introductoria
749 2569 919 2626 variis
950 2569 1129 2625 titulis
1168 2579 1433 2625 exornata
1474 2569 1836 2636 <Bibliotheca
1876 2585 2030 2625 sacra
2051 2613 2065 2636 ,
2100 2571 2331 2642 isagoge
2366 2571 2451 2626 vel
2479 2572 2664 2626 Intro-

115 2655 324 2728 ductio,
345 2657 756 2729 Prolegomena
777 2657 866 2712 vel
891 2658 1238 2729 Praeloquia,
1266 2661 1583 2729 Apparatus
1601 2673 1757 2712 sacer
1784 2666 1910 2724 etc.,
1940 2663 2067 2724 etc.)
2101 2659 2259 2728 plura
2291 2657 2378 2712 vel
2406 2659 2663 2730 pauciora

111 2744 173 2800 de
199 2747 528 2819 linguarum
555 2745 814 2810 scientia,
848 2745 1110 2813 historia,
1151 2745 1540 2818 archaeologia
1578 2754 1684 2801 etc.
1718 2754 2069 2816 receperunt,
2103 2746 2179 2800 ita
2218 2753 2281 2800 ut
2311 2745 2460 2802 haud
2489 2761 2663 2818 pauca

109 2851 166 2888 ex
195 2835 310 2890 illis
335 2833 602 2905 operibus
625 2833 738 2888 sint
763 2833 984 2906 farrago
1018 2833 1295 2905 quaedam
1320 2835 1599 2889 variarum
1628 2833 2037 2905 quaestionum,
2071 2848 2210 2904 quas
2234 2842 2490 2890 auctores
2512 2832 2664 2890 libris

109 2924 272 2978 sacris
301 2921 644 2992 explicandis
672 2930 770 2977 aut
797 2920 1164 2978 defendendis
1193 2921 1417 2977 idoneas
1447 2922 1767 2978 censebant.
2712 2989 2719 2995 .

175 3013 386 3066 Versus
417 3009 590 3064 linem
621 3025 767 3064 saec.
805 3015 889 3064 17.
917 3010 1076 3064 Rich.
1109 3009 1344 3078 Simon,
1377 3011 1582 3080 Congr.
1617 3011 1774 3065 Orat.
1802 3011 1867 3078 (1-
1897 3011 2073 3079 1⁷12),
2102 3009 2313 3079 primus
2334 3009 2663 3067 methodum

111 3099 430 3154 historicam
459 3105 517 3152 et
538 3097 787 3154 criticam
811 3096 1086 3154 adhibuit.
1118 3096 1396 3165 Quoniam
1424 3098 1575 3154 enim
1601 3097 1698 3153 illo
1728 3105 1981 3168 tempore
2008 3095 2077 3152 ab
2101 3097 2406 3154 incredulis
2426 3099 2662 3171 inspira-

107 3187 182 3242 tio
211 3187 494 3242 librorum
519 3200 810 3241 sacrorum
846 3185 1300 3257 impugnabatur,
1331 3185 1389 3240 in
1416 3201 1516 3240 sua
1550 3205 1577 3236 α
1614 3185 1859 3240 Historia
1890 3185 2082 3240 critica
2112 3205 2137 3237 υ
2163 3184 2206 3253 ⁸,
2234 3194 2300 3242 ut
2326 3186 2665 3243 obiectiones

166 3349 232 3409 (1)
255 3345 498 3396 Adriani
519 3357 662 3398 mon.
687 3346 952 3408 Εἷσαγωγὴ
971 3347 1038 3402 εἰς
1065 3345 1150 3402 τὰς
1176 3345 1305 3401 θείας
1331 3345 1511 3408 γραφάς
1537 3346 1741 3407 (Miqne
1764 3343 1957 3393 Patrol.
1980 3357 2055 3406 gr.
2082 3348 2291 3406 98‚1273
2313 3357 2423 3408 sqq.
2450 3372 2512 3382 —-
2540 3346 2661 3396 Edi-

109 3428 294 3475 tionem
319 3425 552 3474 criticam
579 3423 781 3474 curavit
801 3425 857 3472 F.
890 3423 1178 3486 Goessling.
1209 3423 1380 3473 Berlin
1415 3425 1575 3486 1887.)
1604 3449 1665 3459 --
1696 3422 2017 3472 cassiodori
2045 3423 2315 3472 Institutio
2338 3423 2499 3475 divin.
2526 3423 2659 3476 liter.

107 3509 308 3568 «nique
343 3503 538 3554 Patrol.
575 3503 666 3554 lat.
701 3507 907 3560 70‚1105
933 3503 1080 3566 sqq.).
1115 3529 1179 3539 -—
1221 3503 1482 3567 Tychonii
1509 3506 1648 3552 Don.
1687 3504 1893 3565 Septem
1931 3502 2136 3565 regulae
2163 3502 2227 3550 ad
2258 3503 2663 3565 investigandam

105 3595 154 3636 et
171 3583 530 3636 inveniendam
549 3582 934 3646 intelligentiam
951 3583 1332 3646 scripturarum
1357 3583 1448 3645 (M.
1475 3587 1615 3638 18,13
1634 3582 1790 3644 sqq.).
1812 3607 1877 3618 —-
1895 3585 1946 3631 S.
1971 3585 2257 3643 Auqmtini
2270 3584 2514 3633 Doctrina
2528 3585 2661 3634 chri-

107 3669 271 3716 stiana
295 3668 394 3728 (Μ.
424 3667 571 3722 34,16
597 3663 753 3726 sqq.).
783 3689 848 3698 -
876 3665 927 3712 S.
953 3662 1212 3712 Eucherii
1247 3661 1415 3725 Luqd.
1447 3661 1597 3712 Liber
1622 3660 1958 3710 formularum
1988 3661 2270 3723 spiritualis
2298 3662 2663 3725 intelligentiae

107 3753 158 3795 ot
181 3744 552 3795 instructiones
578 3741 646 3792 ad
671 3741 930 3792 Salonium
963 3744 1058 3800 (Μ.
1089 3745 1262 3799 50‚727
1290 3741 1447 3804 sqq.).
1476 3767 1535 3776 —
1569 3742 1761 3790 [anilii
1792 3739 1912 3802 Afri
1946 3742 2019 3789 De
2048 3740 2280 3803 partibus
2310 3740 2433 3805 legis
2460 3742 2677 3796 divinae.

107 3827 186 3875 vel
213 3824 460 3876 Instituta
476 3821 729 3884 regularia
757 3820 962 3871 divinae
983 3819 1105 3882 legis
1129 3821 1222 3883 (Μ.
1250 3825 1390 3878 68,11
1415 3833 1529 3883 sqq.
1554 3819 1849 3870 Editionem
1868 3820 2236 3870 accuratiorem
2262 3835 2371 3870 cur.
2402 3824 2470 3871 Π.
2498 3824 2661 3872 Kiltn.

109 3903 342 3967 Frihurgi
373 3903 528 3965 1880).
559 3927 622 3938 —-
649 3902 888 3963 origenis
916 3900 982 3950 de
1003 3899 1276 3961 Principiis
1299 3901 1385 3948 lv.
1413 3899 1504 3962 (Μ.
1540 3903 1707 3958 11341
1734 3898 1887 3962 sqq.).
1918 3926 1981 3936 -
2006 3901 2281 3950 Metuonis
2308 3900 2468 3950 sard.
2497 3901 2666 3951 Clavis

105 3985 402 4048 scripturae
429 3981 482 4031 S.
513 3979 580 4030 ad
608 3994 702 4030 nos
729 3993 828 4029 non
857 3979 1111 4043 pervenit.

167 4067 238 4125 (2)
276 4063 486 4110 Praeter
511 4060 736 4110 Eusebia·
775 4063 926 4109 Caes.
963 4059 1240 4108 Historiam
1277 4059 1457 4109 eccles.
1502 4060 1598 4122 (Μ.
1642 4059 1719 4121 20)
1757 4062 1810 4107 et
1844 4062 1891 4108 S.
1934 4060 2261 4122 Hieronymi
2300 4060 2661 4115 praefationes,

107 4143 371 4204 prologos,
401 4139 592 4189 librum
621 4139 683 4188 de
711 4139 847 4188 Viris
875 4137 1164 4188 illustribus
1189 4140 1283 4200 (Μ.
1312 4143 1388 4196 23,
1393 4144 1479 4188 601
1513 4138 1650 4201 sqq.)
1682 4136 2061 4202 nonnullasque
2084 4138 2328 4201 epistolas
2357 4140 2453 4188 hoc
2481 4139 2535 4188 in
2559 4139 2665 4189 loco

109 4220 368 4271 nontinari
398 4221 665 4269 merentur
700 4222 752 4268 S.
782 4218 1152 4280 Chrysostomi
1178 4218 1419 4279 synopsis
1454 4217 1751 4282 Scripturae
1786 4219 1841 4266 S.
1871 4219 1967 4279 (Μ.
1998 4224 2075 4276 56,
2083 4222 2174 4268 313
2203 4218 2355 4281 sqq..)
2383 4221 2471 4267 Ps.
2496 4219 2665 4268 Atha-

109 4303 258 4350 nasii
285 4299 531 4363 synopsis
555 4299 608 4348 S.
637 4299 686 4347 S.
712 4297 806 4359 (Μ.
837 4303 914 4358 28,
921 4301 1008 4347 284
1038 4298 1188 4360 sqq.‚)
1213 4299 1264 4346 S.
1291 4296 1492 4346 Isidori
1516 4299 1669 4359 Hisp.
1694 4296 2185 4359 Etymologiaruml.
2214 4299 2302 4348 VI.
2324 4301 2375 4346 et
2402 4298 2666 4348 Prooemia

109 4381 160 4427 in
186 4379 346 4427 libros
368 4380 484 4428 Vct.
513 4381 567 4426 et
592 4379 721 4427 Nov.
751 4378 881 4426 Test.
911 4375 1004 4437 (Μ.
1037 4383 1114 4428 82
1120 4380 1214 4425 229
1241 4390 1351 4440 sqq.
1380 4380 1459 4434 83,
1468 4381 1557 4426 115
1585 4389 1717 4438 sqq.
1705 4376 1740 4425 l.

174 4461 244 4518 (3)
268 4459 405 4506 sixti
425 4461 642 4506 Senem.
674 4454 985 4505 Bibliotheca
1009 4460 1184 4504 sancta
1211 4456 1263 4504 in
1285 4459 1400 4505 octo
1426 4454 1587 4504 libros
1615 4454 1827 4516 digesta.
1858 4455 2083 4505 venetiis
2108 4459 2243 4506 1566.
2264 4456 2541 4518 (Optimam
2564 4457 2667 4506 edi-

111 4539 308 4585 tionem
335 4537 537 4584 curavit
565 4534 747 4584 Tuom.
771 4536 829 4584 M
836 4535 1007 4584 alance
1035 4537 1095 4585 Ο.
1125 4535 1304 4584 Praed.
1336 4533 1549 4598 Neapoli
1579 4536 1734 4596 1742).
1905 4524 1908 4526 ’

178 4617 250 4676 (4)
277 4619 334 4666 12.
360 4616 546 4664 Simon
567 4613 795 4664 Histoire
821 4613 1036 4677 critique
1062 4614 1134 4664 du
1162 4614 1325 4664 Vieux
1349 4617 1658 4664 Testament.
1689 4613 1835 4663 Paris
1862 4617 2006 4675 1678;
2035 4615 2167 4664 Hist.
2189 4615 2304 4665 crit.
2332 4614 2400 4664 du
2426 4619 2667 4666 Nouveau

113 4697 253 4744 rest.
279 4694 420 4744 Paris
453 4697 598 4753 1⁶89;
627 4691 759 4743 Hist.
791 4691 904 4740 crit.
923 4693 1023 4744 -des
1054 4693 1283 4744 versione
1312 4693 1382 4742 du
1413 4696 1470 4742 N.
1497 4695 1553 4742 T.
1590 4694 1731 4742 Paris
1765 4697 1911 4752 169ος
1944 4693 2077 4744 Hist.
2108 4695 2207 4744 crit
2241 4693 2331 4744 des
2352 4700 2666 4746 commenta-
