3050 5184
717 314 790 357 ns
834 316 984 361 unm
1028 318 1275 364 nmmum
1317 321 1678 368 assumento
1718 326 1793 370 ΕΤ
1838 326 1994 371 rma.
2234 326 2239 331 ·
2501 318 2619 375 229

169 447 385 505 Iudices
406 451 602 522 (κριταί,
632 448 914 535 Πνῑρρῖιῂ)
938 448 996 504 in
1024 465 1182 508 sacra
1209 452 1436 509 historia
1465 454 1567 509 viri
1592 455 1673 510 illi
1694 458 2072 529 nominantur,
2097 460 2190 533 qui
2220 460 2349 517 inde
2368 478 2401 517 a
2421 464 2619 517 Iosuae

113 560 268 608 morte
295 571 469 627 usque
496 556 566 614 ad
595 562 776 616 Saulis
801 560 1125 617 electionem
1151 556 1553 630 rempublicam
1578 559 1933 617 israeliticam
1958 562 2417 621 administrabant
2433 568 2472 635 ¹,
2504 582 2618 622 non

113 638 370 697 ordinario
413 660 644 702 munere
684 646 972 721 fungentes
1007 654 1104 701 aut
1135 645 1394 701 continua
1432 648 1779 703 successione
1816 664 1935 705 sese
1975 651 2337 723 excipientes,
2379 652 2477 708 sed
2516 669 2617 724 pro

113 741 275 783 rerum
317 734 642 790 necessitate
687 735 852 791 certis
895 732 1236 806 temporibus
1279 731 1598 789 immediate
1626 750 1659 791 a
1685 737 1808 792 Deo
1854 738 2061 806 vocati,
2089 747 2153 793 ut
2198 748 2296 794 aut
2340 741 2615 811 integrum

113 816 352 883 populum
385 829 482 875 aut
517 837 687 877 unam
723 822 1024 879 alteramve
1057 820 1266 876 tribum
1301 820 1373 875 ab
1402 820 1601 878 iniusta
1644 821 1887 879 hostium
1932 825 2287 895 oppressione
2313 826 2621 883 liberarent

112 907 253 973 atque
273 903 346 959 ad
373 906 536 978 Legis
563 908 1003 966 observationem
1030 907 1359 964 reducerent
1388 908 1444 963 in
1468 924 1643 979 eaque
1672 910 2083 968 confirmarent.
2114 912 2425 969 Dictatores
2452 914 2619 986 igitur

112 988 310 1057 quidam
339 1004 498 1049 erant
525 995 786 1053 divinitus
813 996 1130 1064 constituti,
1150 994 1248 1051 sed
1277 1011 1344 1049 ex
1367 993 1533 1051 variis
1560 994 1781 1052 familiis
1806 1007 1861 1053 et
1887 998 2141 1055 tribubus
2170 1002 2415 1058 assumti.
2437 1001 2615 1069 Quin-

112 1073 265 1133 decim
292 1082 379 1136 vel
405 1081 648 1139 sedecim
674 1092 1036 1141 numerantur
1061 1083 1168 1138 hoc
1195 1080 1386 1137 ordine
1412 1103 1425 1137 :
1459 1083 1703 1139 Otlmiel
1726 1090 1815 1151 (ex
1840 1084 1991 1141 tribu
2016 1086 2204 1155 luda),
2236 1087 2373 1143 Aod
2396 1088 2616 1153 (Benia-

111 1164 242 1235 min),
266 1167 530 1241 Samqar
554 1174 641 1240 (Ρ),
670 1172 852 1241 [lahel
866 1171 938 1240 ἢ,
967 1171 1240 1227 Debbora
1269 1169 1597 1241 (Ephraim),
1624 1176 1828 1227 Barac
1850 1173 2170 1245 (Nephtali)‚
2216 1176 2441 1231 Gedeon
2474 1178 2618 1241 (Ma-

111 1257 286 1321 nasse),
320 1256 507 1313 leola
536 1258 858 1330 (Iszachar),
893 1263 1022 1315 lair
1049 1256 1234 1325 (Gad)‚
1265 1257 1466 1329 Iephte
1501 1256 1685 1330 (Gad),
1723 1259 1967 1315 Abesan
2004 1260 2165 1327 (Iuda
2198 1263 2285 1317 vel
2323 1262 2615 1331 Zabulon),

111 1338 352 1397 Akidon
378 1345 686 1417 (Zabulon),
717 1346 930 1404 Abdon
957 1345 1291 1417 (Ephraim),
1319 1346 1562 1400 Samson
1591 1345 1776 1415 (Dan),
1804 1347 1938 1403 Heli
1964 1356 2021 1402 et
2046 1350 2288 1405 Samuel
2312 1350 2505 1421 (Levi).
2538 1352 2618 1405 Ex

112 1426 285 1496 quibus
321 1431 426 1486 soli
459 1440 600 1499 tres,
627 1434 852 1491 Othniel
870 1476 884 1502 ,
917 1434 1072 1499 Heli,
1104 1432 1354 1500 Samuel,
1386 1440 1567 1488 totum
1604 1433 1899 1505 populum,
1923 1435 2126 1507 reliqui
2152 1452 2320 1492 unam
2352 1446 2448 1493 aut
2473 1453 2618 1493 non-

110 1516 266 1572 nullas
290 1518 472 1575 tribus
495 1520 765 1578 iudicasse
793 1521 1048 1578 videntur
1061 1521 1101 1575 ².
1131 1524 1216 1575 De
1244 1519 1392 1576 hisce
1419 1520 1587 1592 igitur
1616 1520 1895 1579 iudicibus
1922 1522 2037 1596 agit
2064 1523 2202 1579 liber
2227 1533 2443 1593 noster;
2472 1540 2619 1581 erra-

111 1611 178 1657 ret
200 1614 413 1671 autem,
447 1609 544 1679 qui
572 1610 630 1665 in
659 1626 725 1665 eo
754 1610 1074 1666 continuam
1103 1608 1292 1679 populi
1327 1608 1607 1665 israelitici
1631 1608 1917 1665 historiam
1936 1626 1969 1665 a
1998 1619 2179 1666 morte
2214 1612 2409 1667 Iosuae
2445 1628 2619 1683 usque

110 1688 164 1744 ad
194 1692 520 1751 electionem
550 1697 730 1753 Saulis
759 1696 904 1753 tradi
939 1704 1208 1753 censeret.
1242 1696 1498 1767 Namque
1533 1695 1772 1753 duorum
1810 1697 1980 1769 (Heli,
2012 1698 2253 1765 Samuel)
2287 1714 2358 1754 ne
2396 1700 2620 1755 nomina

111 1777 312 1846 quidem
353 1793 880 1855 commemorantur,
911 1792 1125 1855 septem
1165 1783 1399 1841 aliorum
1439 1783 1692 1855 (samgar
1729 1789 1841 1853 3,5,
1878 1785 2029 1841 Iahel
2067 1791 2182 1856 5,6‚
2217 1786 2397 1843 Thola
2426 1796 2481 1843 et
2510 1788 2621 1842 Iair

113 1870 308 1937 toa-5,
336 1870 588 1940 Abesan,
615 1872 884 1940 Ahialon,
914 1870 1114 1927 Abdon
1146 1876 1356 1939 12,8-5)
1383 1886 1471 1927 res
1498 1880 1685 1943 gestae
1722 1872 1909 1928 nullae
1940 1882 2257 1941 narrantur,
2286 1877 2454 1945 atque
2490 1874 2619 1929 reli-

110 1970 324 2023 quorum
350 1973 573 2030 quoque
601 1974 808 2030 paucae
833 1958 1122 2015 dumtaxat
1150 1974 1239 2014 res
1263 1958 1580 2015 traduntur.

169 2100 222 2157 2.
249 2130 334 2145 —··
359 2100 785 2178 Arqumentum
814 2099 957 2161 libri
990 2117 1064 2160 ex
1090 2099 1234 2176 fine,
1263 2116 1453 2176 quem
1481 2102 1699 2160 auctor
1725 2101 1845 2160 sibi
1882 2102 2240 2179 proposuit,
2273 2107 2417 2180 apte
2461 2102 2619 2163 defl-

110 2194 277 2256 nitur.
310 2195 426 2267 Qui
477 2196 672 2256 simili
714 2197 934 2269 modo,
973 2214 1098 2275 quo
1149 2194 1451 2255 fidelitate
1493 2196 1708 2259 divina
1752 2197 2179 2259 demonstrata
2215 2199 2398 2259 Iosue
2454 2198 2619 2259 filios

109 2290 270 2351 lsrael
311 2292 380 2351 in
421 2291 594 2353 fideli
635 2294 816 2371 Legis
861 2292 1299 2354 observatione
1345 2308 1706 2353 conservare
1751 2293 1979 2365 voluit,
2010 2294 2271 2354 eandem
2320 2296 2616 2355 observa-

107 2388 322 2449 tionem
343 2389 786 2450 inculcandam
804 2390 926 2449 sibi
950 2388 1276 2467 proposuit
1298 2387 1615 2466 descripta
1628 2388 1839 2450 divina
1853 2390 2112 2461 iustitia,
2137 2407 2300 2469 quae
2326 2396 2612 2469 tempore

107 2484 362 2547 iudicum
392 2486 752 2546 idololatras
783 2486 1091 2547 israelitas
1133 2484 1522 2562 gravissimis
1563 2485 1783 2561 poenis
1824 2485 2079 2557 afflixit,
2110 2486 2355 2547 sincera
2395 2494 2607 2549 autem

105 2582 476 2655 poenitentia
501 2580 582 2643 ad
610 2583 952 2643 Dominum
980 2597 1164 2643 suum
1191 2597 1524 2641 conversos
1553 2580 1790 2641 adiuvit
1808 2581 2091 2641 hostibus
2116 2583 2389 2660 repulsis
2420 2588 2482 2643 et
2502 2583 2615 2643 de-

103 2677 289 2738 victis.

161 2791 218 2846 In
239 2808 306 2848 eo
340 2792 493 2847 enim
527 2800 676 2847 totus
712 2800 796 2848 est
830 2800 1044 2859 auctor,
1073 2799 1134 2845 ut
1161 2789 1444 2859 ostendat,
1473 2790 1687 2861 integra
1714 2788 1963 2845 iudicum
1986 2798 2169 2846 aetate
2198 2812 2224 2843 α
2254 2792 2618 2852 alternavisse

105 2878 228 2947 apud
261 2879 504 2936 Iudaeos
539 2888 596 2935 et
632 2878 973 2935 humilitates
1003 2878 1256 2935 laborum
1289 2893 1390 2950 pro
1419 2893 1613 2933 eorum
1642 2878 1878 2947 peccatis
1904 2886 1960 2934 et
1995 2879 2389 2949 prosperitates
2416 2894 2617 2935 conso-

105 2966 352 3024 lationum
365 2975 598 3039 propter
608 2967 1022 3023 miserationem
1041 2966 1144 3021 Dei
1169 2986 1193 3017 n
1221 2968 1296 3034 (S.
1313 2966 1603 3037 Animosa).
1626 2967 1788 3021 Hunc
1809 2981 1971 3022 suum
1990 2966 2159 3022 finem
2179 2982 2316 3035 esse,
2342 2966 2400 3022 in
2418 2982 2617 3039 prooe-

104 3056 194 3111 mio
211 3059 355 3128 (2‚11
389 3060 538 3127 sqq.)
568 3054 771 3111 diserte
793 3052 975 3121 docet,
1006 3062 1172 3126 atque
1197 3061 1317 3108 toto
1344 3069 1446 3108 suo
1471 3052 1747 3109 tractandi
1772 3053 1942 3109 modo
1970 3053 2196 3123 indicat,
2229 3070 2401 3126 quum
2425 3055 2616 3127 singu-

105 3142 168 3196 las
181 3152 362 3215 partes
382 3158 416 3199 a
440 3144 679 3215 peccatis
697 3141 1048 3213 increpandis
1065 3141 1308 3212 incipiat,
1331 3141 1531 3213 quibus
1546 3140 1645 3197 filii
1666 3143 1833 3198 lsrael
1856 3142 2227 3199 calamitatem
2250 3142 2494 3214 aliquam
2514 3142 2621 3199 sibi

103 3238 456 3297 attraxerant,
486 3238 543 3285 et
577 3238 704 3301 post
727 3245 921 3285 eorum
951 3228 1348 3301 poenitentiam
1378 3239 1873 3286 commemoratam
1905 3229 1977 3285 ad
2008 3246 2203 3285 eorum
2235 3229 2620 3286 liberationem

105 3319 420 3375 narrandam
447 3326 695 3373 transeat
719 3320 829 3386 (3,⁷
859 3332 981 3389 sqq.
1018 3321 1082 3372 12
1111 3331 1254 3387 sqq.;
1282 3321 1371 3382 4,ι
1413 3331 1560 3388 sqq.;
1600 3322 1687 3385 6,ι
1730 3332 1853 3389 sqq.
1895 3320 2045 3388 etc.).
2078 3321 2272 3389 ltaque
2310 3326 2373 3373 ut
2408 3318 2619 3374 contri-

101 3403 234 3461 hules
268 3422 402 3463 suos
434 3405 506 3461 ab
545 3404 698 3461 omni
727 3404 890 3477 Legis
919 3404 1214 3460 violatione
1251 3403 1616 3473 absterreret,
1643 3420 1744 3474 pro
1774 3413 2101 3477 argumento
2129 3406 2223 3461 illa
2253 3405 2399 3461 facta
2425 3406 2621 3461 aetatis

107 3493 334 3551 iudicum
364 3493 475 3550 sibi
501 3492 780 3549 narranda
809 3493 1000 3564 elegit,
1023 3491 1222 3563 quibus
1252 3489 1439 3547 divina
1465 3491 1672 3547 iustitia
1710 3493 1766 3547 in
1801 3492 2077 3563 puniendo
2113 3492 2321 3564 populo
2361 3502 2621 3563 peccante

103 3587 149 3634 et
166 3580 445 3639 liberando
475 3580 926 3654 protegendoque
946 3579 1152 3657 populo
1175 3579 1570 3650 poenitentiam
1596 3588 1796 3651 agente
1824 3579 2025 3635 clarius
2052 3580 2372 3651 apparebat.

153 3738 216 3802 (ι)
241 3732 398 3819 ⁸022}
429 3738 738 3803 (iudicavit)
771 3738 952 3788 latiore
980 3750 1134 3789 sensu
1165 3736 1234 3787 de
1269 3749 1503 3800 suprema
1538 3735 1841 3799 reipublicae
1870 3734 2311 3787 administratione
2348 3736 2619 3787 adhibetur

105 3841 140 3885 ει
165 3840 276 3899 1229.
319 3843 430 3897 8‚5;
460 3839 492 3885 4
518 3838 642 3899 ch.
686 3840 820 3895 15,5;
851 3834 994 3897 ete),
1027 3833 1160 3901 unde
1189 3832 1451 3895 schophet
1478 3832 1811 3895 (respondens
1850 3833 2034 3897 punico
2076 3832 2239 3897 sufes,
2286 3833 2357 3897 pl.
2406 3832 2623 3897 sufetes)

106 3914 446 3974 gubernatores
483 3914 568 3965 vel
609 3927 869 3978 supremos
903 3913 1231 3976 magistratus
1265 3911 1523 3962 interdum
1564 3911 1795 3974 designat
1833 3916 1939 3973 (Ps.
1981 3917 2121 3973 2,ιο;
2164 3916 2233 3962 Is.
2265 3917 2353 3971 40,
2382 3917 2441 3962 23
2480 3912 2617 3973 ete).

155 3994 212 4055 (2)
236 3996 394 4046 Iakel
423 3995 619 4059 (ludic.
650 3994 749 4056 5,6)
778 3993 850 4043 ita
880 4006 996 4042 cum
1040 3992 1248 4054 Samgar
1283 3990 1595 4048 nominatur,
1634 3994 1693 4040 ut
1722 4004 1839 4041 vere
1874 3991 2033 4041 Iudex
2060 3991 2221 4041 fuisse
2258 3991 2495 4040 videatur
2524 4002 2615 4038 nec

108 4074 328 4125 marandi
368 4074 550 4125 debeat
581 4088 700 4123 cnm
739 4072 955 4123 muliere
991 4070 1166 4120 cinaea
1197 4069 1362 4129 lahel,
1391 4082 1525 4133 quae
1551 4072 1663 4127 4,ss
1704 4083 1814 4133 sqq.
1848 4072 1899 4119 et
1926 4075 2034 4131 5,24
2072 4083 2184 4133 sqq.
2214 4068 2524 4118 nominatur.
2559 4094 2620 4102 —-

111 4152 264 4203 Barac
291 4152 447 4203 titulo
469 4152 662 4203 Iudicis
687 4152 740 4202 in
765 4155 938 4201 nostro
965 4149 1095 4199 libro
1122 4162 1226 4199 non
1255 4150 1482 4207 ornatur,
1507 4147 1599 4197 sed
1630 4152 1651 4197 1
1680 4151 1802 4211 Req.
1837 4152 1997 4211 12,u,
2027 4147 2276 4211 siquidem
2302 4146 2391 4195 illo
2417 4145 2471 4195 in
2505 4144 2618 4195 loco

110 4227 238 4281 lectio
265 4232 408 4285 Alex.
444 4235 496 4282 et
529 4233 640 4293 syr.
677 4229 1004 4293 praeferenda
1030 4232 1107 4279 est
1134 4226 1340 4279 lectioni
1367 4229 1521 4276 Mass.
1558 4229 1612 4276 et
1636 4225 1783 4289 vulg.
1816 4253 1877 4263 —
1905 4226 2230 4283 Abimelech,
2259 4225 2395 4273 filius
2426 4222 2616 4274 Gedeo-

107 4307 194 4367 nis,
217 4324 308 4361 nec
336 4311 498 4361 Index
528 4308 674 4359 ullibi
702 4310 1010 4369 nominatur,
1043 4320 1136 4357 nec
1163 4320 1248 4367 ea,
1277 4320 1408 4370 quae
1432 4305 1602 4367 gessit,
1634 4305 1802 4355 Iudice
1838 4308 1963 4355 sunt
1988 4305 2154 4367 digna.
2184 4330 2248 4339 —
2286 4305 2397 4352 Non
2426 4306 2612 4352 cuncto

109 4390 272 4449 populo
297 4389 574 4453 praemisse
599 4388 796 4439 Iudices
823 4401 1020 4447 omnes,
1045 4386 1214 4437 elucet
1236 4398 1299 4434 ex
1321 4383 1561 4450 eo,·quod
1591 4384 1643 4433 in
1673 4384 1783 4433 suis
1810 4382 2113 4433 exercitibus
2136 4382 2369 4433 Debbora
2393 4385 2444 4432 et
2467 4384 2621 4432 Barac

109 4464 277 4518 milites
301 4482 390 4519 sex
419 4468 686 4518 dumtaxat
713 4466 940 4517 tribuum
960 4464 1409 4515 cisiordanicarum
1432 4463 1749 4522 habuerunt,
1780 4463 1983 4515 Gedeon
2012 4475 2076 4511 ex
2108 4460 2233 4510 solis
2259 4464 2484 4525 quatuor
2508 4476 2616 4526 sep-

112 4546 523 4605 tentrionalibus‚
567 4547 742 4609 Iephte
782 4560 846 4596 ex
881 4544 1000 4595 solis
1039 4542 1456 4595 transiordanicis
1470 4578 1483 4602 ‚
1517 4542 1821 4606 quibuscum
1857 4542 1994 4605 ipsos
2034 4552 2239 4604 quoque
2278 4540 2621 4604 Ephraimitas

111 4623 342 4677 debellare
363 4626 552 4677 debuit.
