3050 5184
376 312 653 355 msromA
698 308 928 353 ‘rexrus
965 306 1279 351 vomant-3
1322 307 1510 359 usone
1554 308 1632 349 An
1673 308 1835 352 conc.
1887 309 2318 355 rmnnu‘rmun.
2510 292 2626 351 109

136 456 221 495 siae
242 456 365 497 suae
390 449 447 497 et
473 442 529 497 S.
560 440 893 513 Stephanus
922 439 981 511 (†
1015 442 1193 505 1134.)
1220 438 1475 495 omnibus
1504 439 1616 495 suis
1643 441 1993 496 monasteriis
2017 448 2233 496 textum
2267 437 2624 495 emendatum

134 528 383 584 dederunt.
413 528 555 598 Quid
577 544 707 584 vero
726 527 784 582 hi
802 535 1033 582 conatus
1053 525 1399 598 profecerint,
1424 526 1587 583 docet
1608 532 1778 600 Huyo
1799 544 1842 583 a
1861 532 1918 584 S.
1946 528 2098 583 Viot.
2121 528 2346 583 ineunte
2365 542 2508 581 saec.
2535 532 2623 581 12.

133 632 436 688 conquerens
481 638 495 673 :
542 635 569 671 α
609 632 721 672 usu
748 631 920 687 pravo
947 615 1321 671 invalescente
1352 614 1561 671 factum
1584 624 1695 684 est,
1727 624 1790 671 ut
1818 614 2066 673 diversas
2091 615 2320 671 diversis
2346 614 2625 687 sequenti-

130 703 207 757 bus
227 704 604 760 translationes
630 704 707 760 ita
735 702 961 759 tandem
990 703 1177 758 omnia
1199 711 1460 773 corrupta
1482 702 1623 771 sint,
1649 710 1712 758 ut
1740 719 1914 776 paene
1938 718 2116 785 nunc²
2146 702 2280 774 quid
2307 702 2504 773 cuique
2531 700 2624 756 tri-

130 789 368 847 buendum
393 792 496 862 sit,
522 792 808 865 ignoretur
836 812 862 842 »
898 789 988 859 (de
1016 790 1213 862 Script.
1244 794 1343 857 9.).

186 996 233 1051 9..
262 1028 328 1037 —
354 994 511 1055 Inde
536 995 615 1054 ab
648 994 905 1055 ineunte
936 1010 1096 1053 saec.
1137 994 1233 1053 13.
1276 1010 1503 1071 magna
1535 992 1972 1054 Universitatis
2011 992 2382 1055 Parisiensis
2409 995 2622 1054 aucto-

128 1089 245 1147 ritas
270 1090 507 1161 effecit,
536 1094 605 1151 ut
630 1090 930 1167 vulgatae
958 1092 1199 1159 textus,
1234 1089 1342 1167 qui
1373 1090 1437 1149 in
1463 1089 1598 1149 eius
1629 1088 1862 1149 scholis
1885 1089 2301 1151 adhibebatur
2331 1088 2626 1170 (Parisius

128 1186 196 1243 rel
216 1188 515 1266 exemplar
540 1184 933 1265 Par-iriense),
964 1185 1136 1246 velut
1159 1190 1350 1263 typus
1383 1186 1679 1245 omnibus
1709 1186 1837 1246 fere
1878 1186 2154 1247 librariis
2177 1186 2508 1246 inserviret
2531 1188 2624 1245 at-

128 1299 219 1357 que
242 1282 531 1359 plurimis
568 1282 897 1343 codicibus
936 1284 1407 1361 propagaretur.
1450 1282 1746 1342 Attamen
1784 1298 1982 1359 quum
2018 1286 2226 1343 textus
2263 1281 2624 1360 parisiensis

127 1379 241 1438 salis
262 1382 426 1440 esset
442 1380 735 1449 vitiosuS,
760 1378 1158 1439 uniformitas
1178 1377 1499 1439 iuniorum
1520 1377 1812 1438 codicum
1832 1377 1952 1437 hoc
1976 1378 2166 1439 modo
2195 1382 2408 1439 exorta
2423 1379 2623 1438 maio-

128 1490 228 1533 rem
250 1476 337 1534 eis
364 1476 803 1536 auctoritatem
829 1492 952 1535 non
985 1473 1363 1535 conciliavit.
1397 1473 1624 1535 Contra
1649 1490 1799 1534 vero
1826 1475 2012 1536 multi
2035 1474 2334 1553 theologi,
2365 1480 2438 1535 ut
2458 1475 2624 1534 hanc

132 1586 367 1632 errorum
402 1570 922 1650 propagationem
950 1570 1363 1647 impedirent,
1392 1574 1723 1647 apparatus
1767 1571 2020 1631 criticos
2059 1570 2356 1650 colligere
2391 1587 2619 1648 coepe-

130 1672 255 1738 runt,
283 1685 441 1745 quos
481 1667 739 1727 nomine
782 1668 1145 1727 Cor-rectom'i
1178 1664 1294 1745 (vel
1338 1664 1809 1747 Epanortliocae)
1849 1664 2050 1728 indito
2088 1684 2215 1727 non
2256 1669 2503 1727 tantum
2539 1666 2620 1727 ad

132 1764 444 1835 parisiensis
476 1763 884 1842 exemplariS,
917 1763 1029 1825 sed
1058 1762 1325 1824 aliorum
1362 1780 1613 1842 quoque
1644 1764 1936 1825 codicum
1966 1763 2474 1824 emendationem
2506 1762 2618 1823 de-

132 1857 409 1921 stinarunt.
447 1864 687 1922 Revera
723 1877 847 1920 una
889 1877 1035 1921 cum
1064 1860 1525 1939 antiquioribus
1554 1860 1874 1922 codicibus
1912 1858 2212 1921 nonnulla
2235 1859 2621 1921 correctoria

134 1956 456 2033 corrigendo
482 1957 788 2035 vulgatae
815 1957 1011 2017 textui
1044 1958 1293 2035 egregie
1319 1957 1692 2018 inserviunt.

180 2084 245 2139 De
266 2086 503 2143 editione
520 2086 815 2143 Parisiensi
840 2093 896 2141 et
922 2085 991 2141 de
1018 2086 1378 2143 Correctoriis
1398 2086 1483 2142 cl'r
1509 2086 1788 2159 egregiam
1814 2074 1878 2143 R.
1915 2091 1980 2142 Ρ.
2013 2085 2257 2161 Denisle,
2292 2088 2361 2142 Ο.
2391 2085 2613 2156 Praed.‚

134 2168 527 2230 dissertationem
562 2173 633 2229 de
672 2173 1150 2230 correctoriorum
1191 2188 1335 2229 saec.
1378 2180 1463 2230 13.
1506 2172 1786 2230 codicibus
1825 2176 1912 2244 (H.
1942 2172 2164 2247 Denifle
2204 2191 2261 2230 u.
2309 2178 2404 2231 Fr.
2435 2174 2617 2230 Ehrle

134 2258 291 2315 Archiv
308 2260 393 2317 fiir
410 2262 695 2317 Literatur
714 2269 821 2316 etc.
845 2261 936 2317 lv.
969 2267 1125 2317 1888.
1148 2277 1204 2333 p.
1227 2267 1331 2317 263
1360 2265 1525 2334 sqq.).
1548 2261 1822 2332 Quoniam
1847 2270 2030 2318 textus
2049 2278 2205 2320 sacer
2229 2283 2256 2313 α
2281 2277 2382 2333 pro
2404 2260 2616 2319 maiore

136 2354 251 2409 parte
286 2358 579 2422 corruptus
617 2349 676 2405 in
706 2348 1007 2421 exemplari
1045 2350 1299 2422 vulgato,
1330 2347 1480 2422 quod
1514 2358 1600 2406 est
1626 2350 1960 2419 parisiense,
2000 2358 2057 2405 et
2086 2350 2145 2406 in
2175 2349 2296 2406 aliis
2329 2349 2468 2407 locis
2507 2350 2613 2406 du-

136 2428 243 2501 bius.
278 2451 409 2507 quae
445 2436 719 2493 dubitatio
748 2434 909 2493 cadat
933 2437 993 2493 in
1024 2437 1204 2494 virum
1232 2437 1534 2508 sapientem
1563 2457 1588 2488 n
1623 2436 1933 2493 habebatur
1961 2436 2065 2505 (cfr
2091 2442 2223 2511 1³⁰9·
2251 2442 2450 2494 Bacon
2471 2440 2614 2510 Opus

135 2522 327 2579 tertium.
350 2526 416 2581 L.
441 2540 491 2581 c.
518 2541 577 2597 p.
611 2529 757 2595 277),
787 2539 852 2580 ex
882 2525 1121 2596 antiquis
1144 2524 1456 2592 codicibus,
1487 2527 1714 2581 Patrum
1737 2525 2034 2582 latinorum
2063 2525 2348 2597 operibu3‚
2373 2528 2616 2583 textibus

135 2620 307 2679 quoque
330 2612 671 2686 primigeniis
715 2612 901 2668 variae
939 2612 1203 2668 lectiones
1230 2628 1263 2669 a
1304 2612 1493 2668 multis
1529 2612 1806 2686 theologis
1840 2628 1984 2671 saec.
2035 2619 2119 2671 13.
2162 2614 2344 2687 colligi
2385 2624 2614 2687 coeptae

137 2704 247 2763 sunt,
266 2714 399 2770 quae
418 2700 613 2757 addito
652 2699 721 2757 de
748 2698 1121 2773 praeferendis
1147 2698 1473 2756 lectionibus
1494 2697 1698 2756 iudicio
1729 2716 1842 2756 uno
1866 2715 2030 2772 opere
2058 2702 2488 2767 comprehensae
2515 2718 2611 2757 ve-

138 2778 195 2833 lut
214 2799 385 2843 norma
412 2798 470 2846 et
492 2788 687 2861 regula
708 2795 909 2856 essent,
940 2786 1014 2843 ad
1040 2803 1208 2859 quam
1226 2788 1431 2843 latinus
1454 2794 1640 2844 textus
1661 2787 2122 2844 transcriberetur
2142 2798 2197 2844 et
2226 2788 2614 2845 emendaretur

141 2869 565 2944 acori-actorium).
593 2876 841 2931 Primum
868 2873 1137 2932 eiusmodi
1165 2890 1305 2947 opus
1326 2874 1576 2948 theologi
1601 2873 1740 2931 Ord.
1768 2875 1969 2932 Praed.
1994 2876 2053 2931 in
2075 2876 2410 2931 monasterio
2437 2879 2611 2933 Seno-

138 2958 257 3012 nensi
272 2960 515 3019 videntur
545 2961 847 3019 adornasse
880 2965 1195 3033 (Cor-rectio
1218 2962 1603 3031 Senonensis);
1632 2960 1782 3035 quod
1809 2977 1982 3034 quum
2005 2962 2160 3019 iustis
2191 2961 2473 3020 desideriis
2497 2979 2612 3019 non
2637 2974 2646 2983 ·

138 3043 441 3119 satisfaceret,
476 3052 664 3108 card.
695 3054 861 3126 Huqo
887 3067 931 3107 a
962 3050 1019 3107 S.
1068 3053 1249 3115 Caro,
1288 3053 1355 3108 Ο.
1398 3049 1620 3118 Praed.‚
1653 3051 1890 3107 alterum
1929 3049 2252 3120 elaboravit,
2287 3051 2440 3107 cuius
2479 3067 2611 3106 usus

138 3126 311 3190 decreto
336 3139 559 3209 capituli
576 3138 849 3211 generalis
874 3136 1012 3196 Ord.
1041 3138 1239 3195 Praed.
1273 3155 1324 3194 a.
1357 3144 1512 3195 1256.
1537 3138 1796 3195 omnibus
1821 3137 1969 3194 illius
1995 3138 2202 3195 ordinis
2227 3138 2501 3211 theologis
2529 3148 2612 3195 est

140 3224 465 3293 praescriptus,
498 3226 657 3283 Circa
684 3224 837 3283 idem
860 3235 1081 3298 tempus
1120 3227 1505 3282 Franciseani
1540 3227 1742 3299 aliique
1777 3226 1998 3282 ordines
2034 3235 2335 3299 coetusque
2368 3227 2610 3300 religiosi

139 3302 289 3364 Similia
312 3326 469 3383 opera
502 3312 896 3383 condiderunt3
936 3315 1082 3369 inter
1126 3314 1309 3370 omnia
1326 3357 1341 3383 ‚
1382 3328 1524 3385 quae
1557 3313 1844 3386 hucusque
1882 3312 2198 3386 diligentius
2234 3322 2364 3370 sunt
2401 3317 2610 3371 exami-

139 3400 251 3459 nata,
264 3396 389 3455 illud
406 3402 633 3471 eminet,
656 3402 804 3474 quod
830 3402 1213 3458 Sor-bonicum
1239 3410 1486 3471 vocatur,
1510 3402 1639 3473 quia
1659 3402 1960 3474 exemplari
1975 3400 2034 3457 in
2051 3400 2386 3459 bibliotheca
2415 3402 2610 3459 sorbo-

141 3477 231 3535 nica
248 3498 553 3547 conservato
574 3490 777 3545 iterum
804 3488 1062 3546 innotuit.
1096 3490 1453 3561 Quantopere
1487 3488 1562 3545 ad
1585 3488 1914 3545 hodiernum
1957 3490 2224 3561 vulgatae
2251 3498 2470 3548 nostrae
2495 3500 2610 3547 tex-

140 3570 229 3622 tum
244 3574 637 3634 emendandum
662 3578 1003 3633 Correctoria
1043 3578 1253 3646 iuvent,
1284 3575 1525 3633 ostendit
1565 3580 1696 3634 Car.
1732 3576 2066 3633 Ver-cellone
2103 3578 2172 3645 (V
2173 3578 2320 3634 ariae
2345 3579 2611 3635 lectiones

144 3650 263 3745 mg·
287 3670 381 3719 etc.
411 3666 663 3735 κώπης
692 3665 792 3721 sed
822 3666 983 3736 pauci
1002 3664 1305 3721 admodum
1342 3664 1628 3737 hucusque
1652 3664 1764 3721 illis
1799 3664 2178 3722 examinandis
2201 3682 2430 3738 operam
2452 3683 2609 3723 suam

144 3746 487 3810 'mist-Merum.

194 3830 431 3893 Codicum
473 3840 740 3913 vulgatae
762 3841 958 3913 ingens
997 3850 1083 3897 est
1106 3856 1397 3906 numerus,
1428 3838 1526 3895 sed
1576 3841 1970 3913 plerorumque
2007 3839 2303 3911 iuniorum,
2335 3858 2366 3897 a
2410 3844 2609 3915 quibus

146 3908 385 3980 bn<fiemus
404 3936 593 3984 noster
618 3935 799 3983 textus
822 3928 1124 3997 derivatur,
1150 3929 1333 3983 minor
1358 3936 1443 3984 est
1464 3927 1762 3984 auctoritas
1775 3970 1790 3998 ‚
1817 3928 2079 3999 quoniam
2107 3928 2403 4001 parisiense
2426 3946 2608 3987 exem·

148 3999 233 4097 piar
253 4022 551 4082 sequuntur.
579 4018 767 4089 Longe
791 4016 903 4072 illie
934 4024 1218 4089 praestant
1257 4016 1608 4081 vetustiores;
1648 4016 1972 4088 antiquitate
2009 4032 2203 4073 omnes
2237 4027 2466 4089 superat
2489 4024 2604 4074 Bo-

150 4084 313 4150 biensis
326 4102 631 4175 palimps„
658 4103 751 4175 qui
778 4119 922 4160 saec.
952 4110 1005 4160 5,
1039 4104 1259 4161 exeunti
1288 4111 1384 4160 aut
1408 4103 1622 4160 ineunti
1644 4118 1788 4159 saec.
1819 4110 1872 4161 6.
1905 4103 2270 4172 adscribitur;
2303 4105 2404 4161 sed
2432 4106 2606 4163 maio·

148 4182 234 4231 ΜΠ
254 4179 513 4247 dumtaxat
536 4190 664 4247 libri
694 4190 868 4247 Iudic.
900 4200 1117 4264 partem
1141 4200 1198 4248 et
1225 4191 1533 4264 fragmenta
1559 4190 1685 4247 libr.
1719 4190 1874 4248 Ruth
1903 4201 1960 4248 et
1987 4192 2087 4249 Iob
2113 4194 2378 4249 continet.
2407 4196 2604 4250 Aetate

148 4266 493 4358 &fustor-itate
528 4278 587 4334 in
628 4280 782 4335 Novo
818 4280 967 4335 Test.
998 4280 1207 4336 eminet
1249 4279 1588 4347 mutiensis,
1633 4280 1693 4335 in
1737 4280 1993 4352 Utroque
2029 4282 2177 4336 Test.
2223 4280 2604 4352 Amicitiam,-

152 4358 259 4411 ρτιοι·
288 4369 399 4418 ante
436 4381 488 4422 a.
530 4372 656 4423 546.
701 4367 1045 4439 conscriptus
1084 4376 1139 4425 et
1178 4366 1263 4424 bis
1302 4383 1335 4425 a
1374 4370 1432 4425 S.
1481 4368 1704 4424 Victore
1743 4369 1874 4438 Cap.
1921 4373 1992 4433 (a.
2035 4373 2160 4423 546.
2192 4376 2250 4424 et
2285 4374 2434 4436 547.)
2477 4386 2602 4427 cor-

152 4444 287 4497 rectus
318 4444 465 4507 hodie
490 4454 697 4511 Fuldae
736 4464 1075 4524 asservatum
1106 4457 1247 4512 alter
1286 4471 1459 4529 usque
1504 4454 1578 4511 ad
1623 4455 1727 4512 hos
1767 4456 1992 4512 ultimos
2031 4472 2207 4512 annos
2239 4471 2272 4511 a
2296 4458 2599 4528 servande,

152 4519 191 4571 ⁵·
213 4524 445 4595 Benedicti
465 4540 760 4615 discipulo,
787 4560 837 4599 c.
868 4559 922 4599 a.
949 4549 1073 4600 541.
1106 4544 1163 4599 in
1204 4544 1364 4600 ltalia
1404 4545 1640 4615 scriptus
1665 4543 2019 4614 credebatur3
2062 4542 2228 4601 hodie
2253 4555 2440 4604 tamen
2471 4548 2603 4604 satis

154 4618 346 4677 constare
368 4626 588 4701 videtur,
620 4648 749 4687 eum
777 4631 848 4688 ab
884 4632 1016 4689 italo
1048 4632 1269 4705 quidem
1297 4632 1608 4689 Cassiodori
1643 4640 1794 4689 textu
1830 4632 2142 4703 dependere
2174 4632 2272 4690 sed
2309 4635 2368 4690 in
2405 4636 2599 4709 Anglia
