<?xml version="1.0" encoding="UTF-8"?>
<!DOCTYPE html PUBLIC "-//W3C//DTD XHTML 1.0 Transitional//EN"
    "http://www.w3.org/TR/xhtml1/DTD/xhtml1-transitional.dtd">
<html xmlns="http://www.w3.org/1999/xhtml" xml:lang="en" lang="en">
 <head>
  <title>
</title>
<meta http-equiv="Content-Type" content="text/html;charset=utf-8" />
  <meta name='ocr-system' content='tesseract 3.04.00' />
  <meta name='ocr-capabilities' content='ocr_page ocr_carea ocr_par ocr_line ocrx_word'/>
</head>
<body>
  <div class='ocr_page' id='page_1' title='image "./historicaeetcri00corngoog_0562.png"; bbox 0 0 3050 5184; ppageno 0'>
   <div class='ocr_carea' id='block_1_1' title="bbox 379 289 2879 354">
    <p class='ocr_par' dir='ltr' id='par_1_1' title="bbox 379 289 2879 354">
     <span class='ocr_line' id='line_1_1' title="bbox 379 289 2879 354; baseline 0 -7"><span class='ocrx_word' id='word_1_1' title='bbox 379 289 496 348; x_wconf 77' lang='lat'>552</span> <span class='ocrx_word' id='word_1_2' title='bbox 579 305 651 348; x_wconf 75' lang='lat' dir='ltr'>na</span> <span class='ocrx_word' id='word_1_3' title='bbox 679 306 820 350; x_wconf 70' lang='lat' dir='ltr'>now</span> <span class='ocrx_word' id='word_1_4' title='bbox 855 307 1017 351; x_wconf 72' lang='lat' dir='ltr'>&#39;ras-r.</span> <span class='ocrx_word' id='word_1_5' title='bbox 1051 307 1248 352; x_wconf 76' lang='lat' dir='ltr'>manis</span> <span class='ocrx_word' id='word_1_6' title='bbox 1278 309 1623 354; x_wconf 63' lang='lat' dir='ltr'>ntnxcrrms.</span> <span class='ocrx_word' id='word_1_7' title='bbox 1648 327 1725 338; x_wconf 91' lang='lat'>—</span> <span class='ocrx_word' id='word_1_8' title='bbox 1746 311 1873 354; x_wconf 65' lang='lat' dir='ltr'>car.</span> <span class='ocrx_word' id='word_1_9' title='bbox 1906 311 1967 354; x_wconf 88' lang='lat' dir='ltr'>n.</span> <span class='ocrx_word' id='word_1_10' title='bbox 2002 309 2080 352; x_wconf 74' lang='lat' dir='ltr'>nr:</span> <span class='ocrx_word' id='word_1_11' title='bbox 2108 309 2297 353; x_wconf 75' lang='lat' dir='ltr'>srrsr.</span> <span class='ocrx_word' id='word_1_12' title='bbox 2330 307 2602 352; x_wconf 66' lang='lat' dir='ltr'>mumius</span> <span class='ocrx_word' id='word_1_13' title='bbox 2628 304 2879 350; x_wconf 57' lang='lat' dir='ltr'>sinaeus.</span> 
     </span>
    </p>
   </div>
   <div class='ocr_carea' id='block_1_2' title="bbox 379 435 2887 808">
    <p class='ocr_par' dir='ltr' id='par_1_2' title="bbox 379 435 2887 808">
     <span class='ocr_line' id='line_1_2' title="bbox 381 435 2885 521; baseline 0 -25"><span class='ocrx_word' id='word_1_14' title='bbox 381 435 678 496; x_wconf 84' lang='lat' dir='ltr'>defendat</span> <span class='ocrx_word' id='word_1_15' title='bbox 698 435 1054 518; x_wconf 80' lang='lat'>(1‚15-7,16)</span> <span class='ocrx_word' id='word_1_16' title='bbox 1077 446 1140 500; x_wconf 89' lang='lat' dir='ltr'>et</span> <span class='ocrx_word' id='word_1_17' title='bbox 1159 447 1372 501; x_wconf 88' lang='lat' dir='ltr'>contra</span> <span class='ocrx_word' id='word_1_18' title='bbox 1400 442 1923 521; x_wconf 83' lang='lat' dir='ltr'>pseudapostolos</span> <span class='ocrx_word' id='word_1_19' title='bbox 1942 441 2346 519; x_wconf 84' lang='lat' dir='ltr'>apostolicam</span> <span class='ocrx_word' id='word_1_20' title='bbox 2373 457 2549 501; x_wconf 87' lang='lat' dir='ltr'>suam</span> <span class='ocrx_word' id='word_1_21' title='bbox 2576 438 2885 499; x_wconf 86' lang='lat' dir='ltr'>auctorita-</span> 
     </span>
     <span class='ocr_line' id='line_1_3' title="bbox 379 532 2885 615; baseline 0.001 -25"><span class='ocrx_word' id='word_1_22' title='bbox 379 534 510 590; x_wconf 87' lang='lat' dir='ltr'>tem</span> <span class='ocrx_word' id='word_1_23' title='bbox 537 532 822 594; x_wconf 87' lang='lat' dir='ltr'>vindicet</span> <span class='ocrx_word' id='word_1_24' title='bbox 846 534 1284 615; x_wconf 82' lang='lat'>(10,1-13,10);</span> <span class='ocrx_word' id='word_1_25' title='bbox 1315 539 1379 597; x_wconf 90' lang='lat' dir='ltr'>in</span> <span class='ocrx_word' id='word_1_26' title='bbox 1409 538 1785 598; x_wconf 88' lang='lat' dir='ltr'>intermedia</span> <span class='ocrx_word' id='word_1_27' title='bbox 1814 542 2028 597; x_wconf 88' lang='lat' dir='ltr'>autem</span> <span class='ocrx_word' id='word_1_28' title='bbox 2060 537 2336 597; x_wconf 86' lang='lat' dir='ltr'>sectione</span> <span class='ocrx_word' id='word_1_29' title='bbox 2361 536 2657 597; x_wconf 86' lang='lat' dir='ltr'>collectas</span> <span class='ocrx_word' id='word_1_30' title='bbox 2687 533 2885 593; x_wconf 81' lang='lat' dir='ltr'>facien-</span> 
     </span>
     <span class='ocr_line' id='line_1_4' title="bbox 382 627 2887 712; baseline 0 -26"><span class='ocrx_word' id='word_1_31' title='bbox 382 627 494 687; x_wconf 86' lang='lat' dir='ltr'>das</span> <span class='ocrx_word' id='word_1_32' title='bbox 515 630 912 690; x_wconf 87' lang='lat' dir='ltr'>commendat</span> <span class='ocrx_word' id='word_1_33' title='bbox 940 631 1293 712; x_wconf 82' lang='lat'>(8‚1-9‚15).</span> <span class='ocrx_word' id='word_1_34' title='bbox 1323 634 1567 694; x_wconf 83' lang='lat' dir='ltr'>Primae</span> <span class='ocrx_word' id='word_1_35' title='bbox 1588 637 1800 695; x_wconf 89' lang='lat' dir='ltr'>autem</span> <span class='ocrx_word' id='word_1_36' title='bbox 1822 638 1885 693; x_wconf 83' lang='lat' dir='ltr'>et</span> <span class='ocrx_word' id='word_1_37' title='bbox 1909 633 2131 693; x_wconf 83' lang='lat' dir='ltr'>tertiae</span> <span class='ocrx_word' id='word_1_38' title='bbox 2153 634 2313 711; x_wconf 91' lang='lat' dir='ltr'>parti</span> <span class='ocrx_word' id='word_1_39' title='bbox 2337 630 2673 692; x_wconf 86' lang='lat' dir='ltr'>nonnullas</span> <span class='ocrx_word' id='word_1_40' title='bbox 2698 630 2887 689; x_wconf 83' lang='lat' dir='ltr'>inserit</span> 
     </span>
     <span class='ocr_line' id='line_1_5' title="bbox 382 722 2420 808; baseline 0.003 -27"><span class='ocrx_word' id='word_1_41' title='bbox 382 722 834 801; x_wconf 80' lang='lat' dir='ltr'>digressioneS‚</span> <span class='ocrx_word' id='word_1_42' title='bbox 868 745 1030 804; x_wconf 88' lang='lat' dir='ltr'>quae</span> <span class='ocrx_word' id='word_1_43' title='bbox 1064 733 1270 789; x_wconf 87' lang='lat' dir='ltr'>tamen</span> <span class='ocrx_word' id='word_1_44' title='bbox 1302 747 1446 790; x_wconf 90' lang='lat' dir='ltr'>cum</span> <span class='ocrx_word' id='word_1_45' title='bbox 1472 735 1840 808; x_wconf 87' lang='lat' dir='ltr'>argumento</span> <span class='ocrx_word' id='word_1_46' title='bbox 1864 734 2031 789; x_wconf 84' lang='lat' dir='ltr'>arcte</span> <span class='ocrx_word' id='word_1_47' title='bbox 2066 729 2420 789; x_wconf 82' lang='lat' dir='ltr'>cohaerent.</span> 
     </span>
    </p>
   </div>
   <div class='ocr_carea' id='block_1_3' title="bbox 379 837 2909 2665">
    <p class='ocr_par' dir='ltr' id='par_1_3' title="bbox 379 837 2891 1090">
     <span class='ocr_line' id='line_1_6' title="bbox 449 837 2890 914; baseline 0.001 -24"><span class='ocrx_word' id='word_1_48' title='bbox 449 837 774 895; x_wconf 77' lang='lat' dir='ltr'>Exonniulu</span> <span class='ocrx_word' id='word_1_49' title='bbox 799 845 1025 909; x_wconf 84' lang='grc'><strong>(1,1-14)</strong></span> <span class='ocrx_word' id='word_1_50' title='bbox 1053 851 1272 913; x_wconf 88' lang='lat' dir='ltr'>praeter</span> <span class='ocrx_word' id='word_1_51' title='bbox 1301 844 1718 914; x_wconf 87' lang='lat' dir='ltr'>inscriptionem</span> <span class='ocrx_word' id='word_1_52' title='bbox 1744 845 1871 914; x_wconf 82' lang='lat'>(1.1.</span> <span class='ocrx_word' id='word_1_53' title='bbox 1900 846 1975 912; x_wconf 80' lang='lat'>2.)</span> <span class='ocrx_word' id='word_1_54' title='bbox 2004 840 2313 914; x_wconf 84' lang='lat' dir='ltr'>longiorem</span> <span class='ocrx_word' id='word_1_55' title='bbox 2340 841 2583 897; x_wconf 88' lang='lat' dir='ltr'>continet</span> <span class='ocrx_word' id='word_1_56' title='bbox 2612 839 2890 912; x_wconf 84' lang='lat' dir='ltr'>gratiarum</span> 
     </span>
     <span class='ocr_line' id='line_1_7' title="bbox 381 924 2891 1002; baseline 0.001 -24"><span class='ocrx_word' id='word_1_57' title='bbox 381 924 682 993; x_wconf 82' lang='lat' dir='ltr'>actionem,</span> <span class='ocrx_word' id='word_1_58' title='bbox 713 927 770 981; x_wconf 91' lang='lat' dir='ltr'>in</span> <span class='ocrx_word' id='word_1_59' title='bbox 798 942 906 998; x_wconf 86' lang='lat' dir='ltr'>qua</span> <span class='ocrx_word' id='word_1_60' title='bbox 943 944 1188 985; x_wconf 88' lang='lat' dir='ltr'>amorem</span> <span class='ocrx_word' id='word_1_61' title='bbox 1215 945 1377 986; x_wconf 87' lang='lat' dir='ltr'>suum</span> <span class='ocrx_word' id='word_1_62' title='bbox 1405 945 1535 1002; x_wconf 81' lang='lat' dir='ltr'>erga</span> <span class='ocrx_word' id='word_1_63' title='bbox 1574 930 1887 986; x_wconf 85' lang='lat' dir='ltr'>Corinthios</span> <span class='ocrx_word' id='word_1_64' title='bbox 1914 928 2227 1001; x_wconf 86' lang='lat' dir='ltr'>exprimens</span> <span class='ocrx_word' id='word_1_65' title='bbox 2255 930 2467 984; x_wconf 90' lang='lat' dir='ltr'>animos</span> <span class='ocrx_word' id='word_1_66' title='bbox 2504 927 2573 982; x_wconf 89' lang='lat' dir='ltr'>ad</span> <span class='ocrx_word' id='word_1_67' title='bbox 2605 927 2891 1000; x_wconf 80' lang='lat' dir='ltr'>apologiam</span> 
     </span>
     <span class='ocr_line' id='line_1_8' title="bbox 379 1011 2617 1090; baseline 0.002 -25"><span class='ocrx_word' id='word_1_68' title='bbox 379 1011 521 1066; x_wconf 88' lang='lat' dir='ltr'>bene</span> <span class='ocrx_word' id='word_1_69' title='bbox 546 1014 918 1084; x_wconf 82' lang='lat' dir='ltr'>recipiendam</span> <span class='ocrx_word' id='word_1_70' title='bbox 947 1025 1241 1088; x_wconf 75' lang='lat' dir='ltr'>praeparat</span> <span class='ocrx_word' id='word_1_71' title='bbox 1265 1022 1490 1087; x_wconf 86' lang='grc'><strong>(1,3-10)</strong></span> <span class='ocrx_word' id='word_1_72' title='bbox 1519 1026 1576 1073; x_wconf 90' lang='lat' dir='ltr'>et</span> <span class='ocrx_word' id='word_1_73' title='bbox 1603 1021 1675 1074; x_wconf 89' lang='lat' dir='ltr'>ad</span> <span class='ocrx_word' id='word_1_74' title='bbox 1698 1027 2084 1090; x_wconf 81' lang='lat' dir='ltr'>argumentum</span> <span class='ocrx_word' id='word_1_75' title='bbox 2106 1017 2305 1072; x_wconf 82' lang='lat' dir='ltr'>transit</span> <span class='ocrx_word' id='word_1_76' title='bbox 2333 1022 2617 1084; x_wconf 65' lang='lat' dir='ltr'>(lai-14).</span> 
     </span>
    </p>

    <p class='ocr_par' dir='ltr' id='par_1_4' title="bbox 383 1099 2894 1243">
     <span class='ocr_line' id='line_1_9' title="bbox 455 1099 2894 1177; baseline 0.001 -23"><span class='ocrx_word' id='word_1_77' title='bbox 455 1099 518 1154; x_wconf 88' lang='lat' dir='ltr'>In</span> <span class='ocrx_word' id='word_1_78' title='bbox 548 1115 744 1158; x_wconf 70' lang='lat' dir='ltr'>pann</span> <span class='ocrx_word' id='word_1_79' title='bbox 771 1118 966 1160; x_wconf 69' lang='lat' dir='ltr'>PARTE</span> <span class='ocrx_word' id='word_1_80' title='bbox 997 1110 1322 1176; x_wconf 75' lang='lat'>(1‚15-⁷,16)</span> <span class='ocrx_word' id='word_1_81' title='bbox 1352 1105 1551 1177; x_wconf 83' lang='lat' dir='ltr'>agendi</span> <span class='ocrx_word' id='word_1_82' title='bbox 1580 1121 1735 1160; x_wconf 89' lang='lat' dir='ltr'>suam</span> <span class='ocrx_word' id='word_1_83' title='bbox 1764 1106 2038 1162; x_wconf 87' lang='lat' dir='ltr'>rationem</span> <span class='ocrx_word' id='word_1_84' title='bbox 2068 1110 2137 1160; x_wconf 86' lang='lat' dir='ltr'>ab</span> <span class='ocrx_word' id='word_1_85' title='bbox 2161 1103 2605 1161; x_wconf 84' lang='lat' dir='ltr'>adversariorum</span> <span class='ocrx_word' id='word_1_86' title='bbox 2630 1100 2894 1158; x_wconf 86' lang='lat' dir='ltr'>calumniis</span> 
     </span>
     <span class='ocr_line' id='line_1_10' title="bbox 383 1184 643 1243; baseline 0.008 -3"><span class='ocrx_word' id='word_1_87' title='bbox 383 1184 643 1243; x_wconf 87' lang='lat' dir='ltr'>vindicat.</span> 
     </span>
    </p>

    <p class='ocr_par' dir='ltr' id='par_1_5' title="bbox 459 1276 2897 1704">
     <span class='ocr_line' id='line_1_11' title="bbox 459 1276 2895 1348; baseline -0.001 -20"><span class='ocrx_word' id='word_1_88' title='bbox 459 1282 506 1328; x_wconf 86' lang='lat'>1.</span> <span class='ocrx_word' id='word_1_89' title='bbox 539 1276 800 1333; x_wconf 83' lang='lat' dir='ltr'>Levitatis</span> <span class='ocrx_word' id='word_1_90' title='bbox 827 1287 883 1333; x_wconf 90' lang='lat' dir='ltr'>et</span> <span class='ocrx_word' id='word_1_91' title='bbox 909 1278 1311 1337; x_wconf 84' lang='lat' dir='ltr'>inconstantiae</span> <span class='ocrx_word' id='word_1_92' title='bbox 1355 1290 1643 1336; x_wconf 88' lang='lat' dir='ltr'>accusatus</span> <span class='ocrx_word' id='word_1_93' title='bbox 1690 1289 1837 1348; x_wconf 86' lang='lat' dir='ltr'>erat,</span> <span class='ocrx_word' id='word_1_94' title='bbox 1876 1281 2004 1348; x_wconf 80' lang='lat' dir='ltr'>quia</span> <span class='ocrx_word' id='word_1_95' title='bbox 2050 1279 2262 1336; x_wconf 88' lang='lat' dir='ltr'>itineris</span> <span class='ocrx_word' id='word_1_96' title='bbox 2290 1279 2583 1334; x_wconf 87' lang='lat' dir='ltr'>consilium</span> <span class='ocrx_word' id='word_1_97' title='bbox 2612 1281 2895 1332; x_wconf 77' lang='lat' dir='ltr'>mutaverat</span> 
     </span>
     <span class='ocr_line' id='line_1_12' title="bbox 631 1363 2895 1439; baseline -0.002 -18"><span class='ocrx_word' id='word_1_98' title='bbox 631 1367 920 1436; x_wconf 84' lang='lat'>(1,15-17).</span> <span class='ocrx_word' id='word_1_99' title='bbox 965 1367 1146 1436; x_wconf 87' lang='lat' dir='ltr'>Quam</span> <span class='ocrx_word' id='word_1_100' title='bbox 1183 1369 1520 1425; x_wconf 88' lang='lat' dir='ltr'>calumniam</span> <span class='ocrx_word' id='word_1_101' title='bbox 1565 1369 1739 1424; x_wconf 87' lang='lat' dir='ltr'>reiicit</span> <span class='ocrx_word' id='word_1_102' title='bbox 1776 1367 2175 1439; x_wconf 85' lang='lat' dir='ltr'>Apostolorum</span> <span class='ocrx_word' id='word_1_103' title='bbox 2215 1367 2271 1421; x_wconf 92' lang='lat' dir='ltr'>in</span> <span class='ocrx_word' id='word_1_104' title='bbox 2310 1381 2511 1438; x_wconf 86' lang='lat' dir='ltr'>genere</span> <span class='ocrx_word' id='word_1_105' title='bbox 2547 1363 2895 1420; x_wconf 84' lang='lat' dir='ltr'>constantiam</span> 
     </span>
     <span class='ocr_line' id='line_1_13' title="bbox 629 1454 2897 1526; baseline -0.002 -18"><span class='ocrx_word' id='word_1_106' title='bbox 629 1467 904 1522; x_wconf 87' lang='lat' dir='ltr'>asserens,</span> <span class='ocrx_word' id='word_1_107' title='bbox 951 1455 1153 1526; x_wconf 88' lang='lat' dir='ltr'>quippe</span> <span class='ocrx_word' id='word_1_108' title='bbox 1196 1456 1289 1526; x_wconf 91' lang='lat' dir='ltr'>qui</span> <span class='ocrx_word' id='word_1_109' title='bbox 1336 1455 1705 1512; x_wconf 84' lang='lat' dir='ltr'>immutabiles</span> <span class='ocrx_word' id='word_1_110' title='bbox 1750 1455 2007 1511; x_wconf 81' lang='lat' dir='ltr'>veritates</span> <span class='ocrx_word' id='word_1_111' title='bbox 2050 1455 2365 1525; x_wconf 82' lang='lat' dir='ltr'>praedicent</span> <span class='ocrx_word' id='word_1_112' title='bbox 2415 1454 2679 1522; x_wconf 81' lang='lat'>(1‚18·22)</span> <span class='ocrx_word' id='word_1_113' title='bbox 2698 1495 2713 1520; x_wconf 88' lang='lat'>‚</span> <span class='ocrx_word' id='word_1_114' title='bbox 2756 1461 2897 1521; x_wconf 86' lang='lat' dir='ltr'>atque</span> 
     </span>
     <span class='ocr_line' id='line_1_14' title="bbox 629 1541 2896 1612; baseline -0.002 -17"><span class='ocrx_word' id='word_1_115' title='bbox 629 1542 822 1596; x_wconf 90' lang='lat' dir='ltr'>mutati</span> <span class='ocrx_word' id='word_1_116' title='bbox 846 1542 1060 1597; x_wconf 88' lang='lat' dir='ltr'>consilii</span> <span class='ocrx_word' id='word_1_117' title='bbox 1085 1543 1365 1612; x_wconf 88' lang='lat' dir='ltr'>explicans</span> <span class='ocrx_word' id='word_1_118' title='bbox 1388 1543 1679 1612; x_wconf 86' lang='lat' dir='ltr'>rationem,</span> <span class='ocrx_word' id='word_1_119' title='bbox 1707 1543 1965 1611; x_wconf 87' lang='lat' dir='ltr'>quoniam</span> <span class='ocrx_word' id='word_1_120' title='bbox 1992 1543 2255 1599; x_wconf 87' lang='lat' dir='ltr'>nimirum</span> <span class='ocrx_word' id='word_1_121' title='bbox 2278 1557 2378 1597; x_wconf 92' lang='lat' dir='ltr'>suo</span> <span class='ocrx_word' id='word_1_122' title='bbox 2398 1541 2646 1597; x_wconf 84' lang='lat' dir='ltr'>adventu</span> <span class='ocrx_word' id='word_1_123' title='bbox 2676 1554 2773 1596; x_wconf 84' lang='lat' dir='ltr'>eos</span> <span class='ocrx_word' id='word_1_124' title='bbox 2788 1553 2896 1592; x_wconf 85' lang='lat' dir='ltr'>con·</span> 
     </span>
     <span class='ocr_line' id='line_1_15' title="bbox 629 1627 1995 1704; baseline 0.004 -22"><span class='ocrx_word' id='word_1_125' title='bbox 629 1627 852 1684; x_wconf 86' lang='lat' dir='ltr'>tristare</span> <span class='ocrx_word' id='word_1_126' title='bbox 878 1630 1120 1685; x_wconf 88' lang='lat' dir='ltr'>noluerit</span> <span class='ocrx_word' id='word_1_127' title='bbox 1147 1634 1499 1699; x_wconf 81' lang='lat'>(1‚23-2,17).</span> <span class='ocrx_word' id='word_1_128' title='bbox 1992 1701 1995 1704; x_wconf 8' lang='grc' dir='ltr'><strong><em>ἢ</em></strong></span> 
     </span>
    </p>

    <p class='ocr_par' dir='ltr' id='par_1_6' title="bbox 456 1716 2905 2486">
     <span class='ocr_line' id='line_1_16' title="bbox 456 1716 2899 1788; baseline -0 -20"><span class='ocrx_word' id='word_1_129' title='bbox 456 1721 508 1768; x_wconf 82' lang='lat'>2.</span> <span class='ocrx_word' id='word_1_130' title='bbox 540 1718 904 1788; x_wconf 83' lang='lat' dir='ltr'>Arrogantiae</span> <span class='ocrx_word' id='word_1_131' title='bbox 943 1726 1000 1772; x_wconf 88' lang='lat' dir='ltr'>et</span> <span class='ocrx_word' id='word_1_132' title='bbox 1025 1716 1316 1788; x_wconf 81' lang='lat' dir='ltr'>superbiae</span> <span class='ocrx_word' id='word_1_133' title='bbox 1337 1718 1615 1774; x_wconf 87' lang='lat' dir='ltr'>calumnia</span> <span class='ocrx_word' id='word_1_134' title='bbox 1642 1719 1700 1774; x_wconf 90' lang='lat' dir='ltr'>in</span> <span class='ocrx_word' id='word_1_135' title='bbox 1723 1735 1851 1774; x_wconf 89' lang='lat' dir='ltr'>eum</span> <span class='ocrx_word' id='word_1_136' title='bbox 1892 1718 2212 1783; x_wconf 87' lang='lat' dir='ltr'>iactabatur,</span> <span class='ocrx_word' id='word_1_137' title='bbox 2246 1717 2509 1787; x_wconf 88' lang='lat' dir='ltr'>quoniam</span> <span class='ocrx_word' id='word_1_138' title='bbox 2534 1731 2595 1770; x_wconf 88' lang='lat' dir='ltr'>se</span> <span class='ocrx_word' id='word_1_139' title='bbox 2624 1716 2745 1785; x_wconf 87' lang='lat' dir='ltr'>ipse</span> <span class='ocrx_word' id='word_1_140' title='bbox 2766 1729 2899 1768; x_wconf 87' lang='lat' dir='ltr'>com·</span> 
     </span>
     <span class='ocr_line' id='line_1_17' title="bbox 631 1802 2897 1877; baseline -0.001 -21"><span class='ocrx_word' id='word_1_141' title='bbox 631 1802 919 1859; x_wconf 75' lang='lat' dir='ltr'>mandaret</span> <span class='ocrx_word' id='word_1_142' title='bbox 943 1813 999 1860; x_wconf 88' lang='lat' dir='ltr'>et</span> <span class='ocrx_word' id='word_1_143' title='bbox 1015 1820 1222 1876; x_wconf 84' lang='lat' dir='ltr'>magna</span> <span class='ocrx_word' id='word_1_144' title='bbox 1251 1821 1381 1861; x_wconf 89' lang='lat' dir='ltr'>cum</span> <span class='ocrx_word' id='word_1_145' title='bbox 1406 1805 1610 1862; x_wconf 87' lang='lat' dir='ltr'>fiducia</span> <span class='ocrx_word' id='word_1_146' title='bbox 1640 1815 1697 1861; x_wconf 91' lang='lat' dir='ltr'>et</span> <span class='ocrx_word' id='word_1_147' title='bbox 1734 1806 1989 1862; x_wconf 88' lang='lat' dir='ltr'>libertate</span> <span class='ocrx_word' id='word_1_148' title='bbox 2026 1803 2309 1877; x_wconf 76' lang='grc' dir='ltr'>(παῤῥησία)</span> <span class='ocrx_word' id='word_1_149' title='bbox 2346 1806 2699 1874; x_wconf 78' lang='lat' dir='ltr'>loqueretur3</span> <span class='ocrx_word' id='word_1_150' title='bbox 2731 1809 2897 1858; x_wconf 85' lang='lat' dir='ltr'>eontra</span> 
     </span>
     <span class='ocr_line' id='line_1_18' title="bbox 632 1888 2899 1962; baseline -0.001 -17"><span class='ocrx_word' id='word_1_151' title='bbox 632 1906 774 1962; x_wconf 85' lang='lat' dir='ltr'>quae</span> <span class='ocrx_word' id='word_1_152' title='bbox 815 1907 1211 1962; x_wconf 87' lang='lat' dir='ltr'>praemonens,</span> <span class='ocrx_word' id='word_1_153' title='bbox 1243 1909 1302 1948; x_wconf 65' lang='lat' dir='ltr'>se</span> <span class='ocrx_word' id='word_1_154' title='bbox 1329 1909 1436 1949; x_wconf 88' lang='lat' dir='ltr'>nee</span> <span class='ocrx_word' id='word_1_155' title='bbox 1463 1909 1494 1948; x_wconf 91' lang='lat' dir='ltr'>a</span> <span class='ocrx_word' id='word_1_156' title='bbox 1523 1893 1819 1949; x_wconf 89' lang='lat' dir='ltr'>Corinthiis</span> <span class='ocrx_word' id='word_1_157' title='bbox 1847 1908 1951 1949; x_wconf 89' lang='lat' dir='ltr'>nec</span> <span class='ocrx_word' id='word_1_158' title='bbox 1992 1897 2065 1948; x_wconf 85' lang='lat' dir='ltr'>ad</span> <span class='ocrx_word' id='word_1_159' title='bbox 2090 1892 2405 1948; x_wconf 85' lang='lat' dir='ltr'>Corinthios</span> <span class='ocrx_word' id='word_1_160' title='bbox 2440 1888 2899 1946; x_wconf 81' lang='lat' dir='ltr'>commendatione</span> 
     </span>
     <span class='ocr_line' id='line_1_19' title="bbox 633 1978 2899 2051; baseline -0.002 -19"><span class='ocrx_word' id='word_1_161' title='bbox 633 1979 880 2050; x_wconf 84' lang='lat' dir='ltr'>indigere</span> <span class='ocrx_word' id='word_1_162' title='bbox 905 1983 1101 2047; x_wconf 61' lang='lat' dir='ltr'>(tm-3)</span> <span class='ocrx_word' id='word_1_163' title='bbox 1131 1982 1398 2051; x_wconf 85' lang='lat' dir='ltr'>explicat,</span> <span class='ocrx_word' id='word_1_164' title='bbox 1429 1980 1706 2037; x_wconf 88' lang='lat' dir='ltr'>undenam</span> <span class='ocrx_word' id='word_1_165' title='bbox 1732 1983 1876 2036; x_wconf 88' lang='lat' dir='ltr'>hanc</span> <span class='ocrx_word' id='word_1_166' title='bbox 1918 1980 2177 2037; x_wconf 84' lang='lat' dir='ltr'>fiduciam</span> <span class='ocrx_word' id='word_1_167' title='bbox 2202 1979 2448 2046; x_wconf 87' lang='lat' dir='ltr'>hauriat,</span> <span class='ocrx_word' id='word_1_168' title='bbox 2488 1978 2703 2034; x_wconf 86' lang='lat' dir='ltr'>scilicet</span> <span class='ocrx_word' id='word_1_169' title='bbox 2730 1993 2795 2032; x_wconf 81' lang='lat' dir='ltr'>ex</span> <span class='ocrx_word' id='word_1_170' title='bbox 2818 1989 2899 2030; x_wconf 85' lang='lat' dir='ltr'>suo</span> 
     </span>
     <span class='ocr_line' id='line_1_20' title="bbox 635 2067 2899 2139; baseline -0.001 -18"><span class='ocrx_word' id='word_1_171' title='bbox 635 2067 868 2122; x_wconf 88' lang='lat' dir='ltr'>ministri</span> <span class='ocrx_word' id='word_1_172' title='bbox 909 2068 1050 2122; x_wconf 85' lang='lat' dir='ltr'>Novi</span> <span class='ocrx_word' id='word_1_173' title='bbox 1077 2070 1225 2123; x_wconf 85' lang='lat' dir='ltr'>Test.</span> <span class='ocrx_word' id='word_1_174' title='bbox 1259 2069 1444 2123; x_wconf 82' lang='lat' dir='ltr'>officio</span> <span class='ocrx_word' id='word_1_175' title='bbox 1463 2111 1476 2136; x_wconf 88' lang='lat'>‚</span> <span class='ocrx_word' id='word_1_176' title='bbox 1509 2068 1661 2139; x_wconf 89' lang='lat' dir='ltr'>quod</span> <span class='ocrx_word' id='word_1_177' title='bbox 1699 2067 2063 2125; x_wconf 88' lang='lat' dir='ltr'>ministerium</span> <span class='ocrx_word' id='word_1_178' title='bbox 2088 2067 2523 2124; x_wconf 81' lang='lat' dir='ltr'>excelsissimum</span> <span class='ocrx_word' id='word_1_179' title='bbox 2548 2070 2621 2121; x_wconf 82' lang='lat' dir='ltr'>sit</span> <span class='ocrx_word' id='word_1_180' title='bbox 2651 2067 2899 2133; x_wconf 45' lang='lat' dir='ltr'>(aſs-45³,</span> 
     </span>
     <span class='ocr_line' id='line_1_21' title="bbox 635 2153 2901 2227; baseline -0.003 -18"><span class='ocrx_word' id='word_1_181' title='bbox 635 2169 702 2209; x_wconf 89' lang='lat' dir='ltr'>ex</span> <span class='ocrx_word' id='word_1_182' title='bbox 730 2157 867 2223; x_wconf 87' lang='lat' dir='ltr'>tine,</span> <span class='ocrx_word' id='word_1_183' title='bbox 898 2169 1064 2227; x_wconf 89' lang='lat' dir='ltr'>quem</span> <span class='ocrx_word' id='word_1_184' title='bbox 1092 2156 1146 2209; x_wconf 85' lang='lat' dir='ltr'>in</span> <span class='ocrx_word' id='word_1_185' title='bbox 1175 2171 1274 2210; x_wconf 87' lang='lat' dir='ltr'>suo</span> <span class='ocrx_word' id='word_1_186' title='bbox 1303 2153 1484 2211; x_wconf 83' lang='lat' dir='ltr'>officio</span> <span class='ocrx_word' id='word_1_187' title='bbox 1523 2157 1702 2211; x_wconf 91' lang='lat' dir='ltr'>solum</span> <span class='ocrx_word' id='word_1_188' title='bbox 1732 2171 1863 2227; x_wconf 88' lang='lat' dir='ltr'>prae</span> <span class='ocrx_word' id='word_1_189' title='bbox 1900 2157 2074 2210; x_wconf 90' lang='lat' dir='ltr'>oculis</span> <span class='ocrx_word' id='word_1_190' title='bbox 2114 2154 2342 2223; x_wconf 85' lang='lat' dir='ltr'>habeat,</span> <span class='ocrx_word' id='word_1_191' title='bbox 2373 2153 2582 2210; x_wconf 87' lang='lat' dir='ltr'>scilicet</span> <span class='ocrx_word' id='word_1_192' title='bbox 2610 2163 2675 2208; x_wconf 89' lang='lat' dir='ltr'>ut</span> <span class='ocrx_word' id='word_1_193' title='bbox 2711 2153 2901 2223; x_wconf 81' lang='lat' dir='ltr'>placeat</span> 
     </span>
     <span class='ocr_line' id='line_1_22' title="bbox 634 2239 2899 2316; baseline -0.002 -20"><span class='ocrx_word' id='word_1_194' title='bbox 634 2240 851 2296; x_wconf 89' lang='lat' dir='ltr'>Christo</span> <span class='ocrx_word' id='word_1_195' title='bbox 881 2242 1119 2299; x_wconf 88' lang='lat' dir='ltr'>Domino</span> <span class='ocrx_word' id='word_1_196' title='bbox 1149 2248 1476 2311; x_wconf 81' lang='lat'>(4‚7-5‚10)‚</span> <span class='ocrx_word' id='word_1_197' title='bbox 1508 2259 1575 2298; x_wconf 88' lang='lat' dir='ltr'>ex</span> <span class='ocrx_word' id='word_1_198' title='bbox 1606 2243 1832 2310; x_wconf 84' lang='lat' dir='ltr'>motivo,</span> <span class='ocrx_word' id='word_1_199' title='bbox 1869 2259 1975 2312; x_wconf 81' lang='lat' dir='ltr'>quo</span> <span class='ocrx_word' id='word_1_200' title='bbox 2006 2243 2075 2299; x_wconf 91' lang='lat' dir='ltr'>ad</span> <span class='ocrx_word' id='word_1_201' title='bbox 2104 2242 2381 2316; x_wconf 85' lang='lat' dir='ltr'>agendum</span> <span class='ocrx_word' id='word_1_202' title='bbox 2420 2241 2767 2312; x_wconf 76' lang='lat' dir='ltr'>impellatur,</span> <span class='ocrx_word' id='word_1_203' title='bbox 2804 2239 2837 2294; x_wconf 91' lang='lat' dir='ltr'>i.</span> <span class='ocrx_word' id='word_1_204' title='bbox 2862 2253 2899 2292; x_wconf 82' lang='lat' dir='ltr'>e.</span> 
     </span>
     <span class='ocr_line' id='line_1_23' title="bbox 636 2327 2905 2403; baseline -0.002 -20"><span class='ocrx_word' id='word_1_205' title='bbox 636 2345 702 2384; x_wconf 88' lang='lat' dir='ltr'>ex</span> <span class='ocrx_word' id='word_1_206' title='bbox 731 2330 959 2385; x_wconf 87' lang='lat' dir='ltr'>caritate</span> <span class='ocrx_word' id='word_1_207' title='bbox 982 2329 1186 2385; x_wconf 86' lang='lat' dir='ltr'>Christi</span> <span class='ocrx_word' id='word_1_208' title='bbox 1221 2347 1320 2402; x_wconf 89' lang='lat' dir='ltr'>pro</span> <span class='ocrx_word' id='word_1_209' title='bbox 1350 2331 1606 2388; x_wconf 89' lang='lat' dir='ltr'>omnihus</span> <span class='ocrx_word' id='word_1_210' title='bbox 1630 2331 1915 2386; x_wconf 87' lang='lat' dir='ltr'>morientis</span> <span class='ocrx_word' id='word_1_211' title='bbox 1944 2340 2109 2403; x_wconf 82' lang='lat' dir='ltr'>atque</span> <span class='ocrx_word' id='word_1_212' title='bbox 2145 2331 2221 2387; x_wconf 90' lang='lat' dir='ltr'>ita</span> <span class='ocrx_word' id='word_1_213' title='bbox 2250 2344 2443 2386; x_wconf 88' lang='lat' dir='ltr'>omnes</span> <span class='ocrx_word' id='word_1_214' title='bbox 2471 2327 2834 2399; x_wconf 86' lang='lat' dir='ltr'>impellentis,</span> <span class='ocrx_word' id='word_1_215' title='bbox 2858 2333 2905 2378; x_wconf 86' lang='lat' dir='ltr'>ut</span> 
     </span>
     <span class='ocr_line' id='line_1_24' title="bbox 635 2417 1967 2486; baseline 0.002 -16"><span class='ocrx_word' id='word_1_216' title='bbox 635 2432 749 2472; x_wconf 91' lang='lat' dir='ltr'>non</span> <span class='ocrx_word' id='word_1_217' title='bbox 771 2417 901 2485; x_wconf 84' lang='lat' dir='ltr'>sibi,</span> <span class='ocrx_word' id='word_1_218' title='bbox 930 2417 1024 2473; x_wconf 86' lang='lat' dir='ltr'>sed</span> <span class='ocrx_word' id='word_1_219' title='bbox 1050 2418 1154 2474; x_wconf 90' lang='lat' dir='ltr'>soli</span> <span class='ocrx_word' id='word_1_220' title='bbox 1175 2417 1392 2474; x_wconf 89' lang='lat' dir='ltr'>Christo</span> <span class='ocrx_word' id='word_1_221' title='bbox 1417 2419 1606 2474; x_wconf 84' lang='lat' dir='ltr'>vivant</span> <span class='ocrx_word' id='word_1_222' title='bbox 1629 2423 1967 2486; x_wconf 81' lang='lat'>(5,11-6‚10).</span> 
     </span>
    </p>

    <p class='ocr_par' dir='ltr' id='par_1_7' title="bbox 463 2503 2909 2665">
     <span class='ocr_line' id='line_1_25' title="bbox 463 2503 2909 2576; baseline -0.002 -18"><span class='ocrx_word' id='word_1_223' title='bbox 463 2509 515 2560; x_wconf 82' lang='lat'>3.</span> <span class='ocrx_word' id='word_1_224' title='bbox 555 2504 885 2576; x_wconf 83' lang='lat' dir='ltr'>Apologiam</span> <span class='ocrx_word' id='word_1_225' title='bbox 924 2505 1189 2560; x_wconf 82' lang='lat' dir='ltr'>terminat</span> <span class='ocrx_word' id='word_1_226' title='bbox 1225 2505 1678 2561; x_wconf 82' lang='lat' dir='ltr'>affectuosissima</span> <span class='ocrx_word' id='word_1_227' title='bbox 1704 2507 2115 2575; x_wconf 81' lang='lat' dir='ltr'>exhortatione,</span> <span class='ocrx_word' id='word_1_228' title='bbox 2141 2505 2197 2560; x_wconf 91' lang='lat' dir='ltr'>in</span> <span class='ocrx_word' id='word_1_229' title='bbox 2231 2505 2388 2560; x_wconf 87' lang='lat' dir='ltr'>cuius</span> <span class='ocrx_word' id='word_1_230' title='bbox 2415 2505 2525 2559; x_wconf 86' lang='lat' dir='ltr'>line</span> <span class='ocrx_word' id='word_1_231' title='bbox 2552 2503 2748 2557; x_wconf 88' lang='lat' dir='ltr'>Titum</span> <span class='ocrx_word' id='word_1_232' title='bbox 2774 2515 2909 2557; x_wconf 86' lang='lat' dir='ltr'>eom·</span> 
     </span>
     <span class='ocr_line' id='line_1_26' title="bbox 639 2589 2096 2665; baseline 0.001 -20"><span class='ocrx_word' id='word_1_233' title='bbox 639 2589 903 2647; x_wconf 89' lang='lat' dir='ltr'>mendans</span> <span class='ocrx_word' id='word_1_234' title='bbox 931 2592 1160 2649; x_wconf 88' lang='lat' dir='ltr'>alteram</span> <span class='ocrx_word' id='word_1_235' title='bbox 1192 2602 1404 2663; x_wconf 86' lang='lat' dir='ltr'>partem</span> <span class='ocrx_word' id='word_1_236' title='bbox 1434 2603 1724 2665; x_wconf 89' lang='lat' dir='ltr'>praeparat</span> <span class='ocrx_word' id='word_1_237' title='bbox 1754 2592 2096 2664; x_wconf 82' lang='grc'><strong>(6,11-7,16).</strong></span> 
     </span>
    </p>
   </div>
   <div class='ocr_carea' id='block_1_4' title="bbox 393 2677 2913 2839">
    <p class='ocr_par' dir='ltr' id='par_1_8' title="bbox 393 2677 2913 2839">
     <span class='ocr_line' id='line_1_27' title="bbox 467 2677 2913 2751; baseline -0.002 -19"><span class='ocrx_word' id='word_1_238' title='bbox 467 2679 529 2732; x_wconf 85' lang='grc'>111</span> <span class='ocrx_word' id='word_1_239' title='bbox 559 2693 838 2736; x_wconf 61' lang='lat' dir='ltr'>securem</span> <span class='ocrx_word' id='word_1_240' title='bbox 860 2695 1059 2736; x_wconf 72' lang='lat' dir='ltr'>PARTE.</span> <span class='ocrx_word' id='word_1_241' title='bbox 1091 2685 1384 2749; x_wconf 83' lang='lat' dir='ltr'>(8‚1-9‚l5)</span> <span class='ocrx_word' id='word_1_242' title='bbox 1413 2681 1564 2736; x_wconf 89' lang='lat' dir='ltr'>enim</span> <span class='ocrx_word' id='word_1_243' title='bbox 1590 2685 1661 2736; x_wconf 85' lang='lat' dir='ltr'>de</span> <span class='ocrx_word' id='word_1_244' title='bbox 1688 2680 1931 2736; x_wconf 91' lang='lat' dir='ltr'>collectis</span> <span class='ocrx_word' id='word_1_245' title='bbox 1958 2696 2059 2751; x_wconf 89' lang='lat' dir='ltr'>pro</span> <span class='ocrx_word' id='word_1_246' title='bbox 2088 2678 2321 2735; x_wconf 86' lang='lat' dir='ltr'>ecclesia</span> <span class='ocrx_word' id='word_1_247' title='bbox 2349 2677 2805 2750; x_wconf 84' lang='lat' dir='ltr'>ierosolymitana</span> <span class='ocrx_word' id='word_1_248' title='bbox 2832 2689 2913 2745; x_wconf 85' lang='lat' dir='ltr'>per</span> 
     </span>
     <span class='ocr_line' id='line_1_28' title="bbox 393 2766 1116 2839; baseline 0.003 -19"><span class='ocrx_word' id='word_1_249' title='bbox 393 2766 576 2821; x_wconf 89' lang='lat' dir='ltr'>Titum</span> <span class='ocrx_word' id='word_1_250' title='bbox 601 2766 960 2822; x_wconf 87' lang='lat' dir='ltr'>terminandis</span> <span class='ocrx_word' id='word_1_251' title='bbox 985 2767 1116 2839; x_wconf 86' lang='lat' dir='ltr'>agit.</span> 
     </span>
    </p>
   </div>
   <div class='ocr_carea' id='block_1_5' title="bbox 467 2851 2917 3274">
    <p class='ocr_par' dir='ltr' id='par_1_9' title="bbox 467 2851 2915 3006">
     <span class='ocr_line' id='line_1_29' title="bbox 467 2851 2915 2928; baseline -0 -20"><span class='ocrx_word' id='word_1_252' title='bbox 467 2861 516 2908; x_wconf 95' lang='grc'>1.</span> <span class='ocrx_word' id='word_1_253' title='bbox 548 2853 818 2909; x_wconf 87' lang='lat' dir='ltr'>Collectas</span> <span class='ocrx_word' id='word_1_254' title='bbox 855 2853 1131 2910; x_wconf 81' lang='lat' dir='ltr'>faciendas</span> <span class='ocrx_word' id='word_1_255' title='bbox 1169 2857 1226 2911; x_wconf 91' lang='lat' dir='ltr'>in</span> <span class='ocrx_word' id='word_1_256' title='bbox 1273 2870 1472 2928; x_wconf 86' lang='lat' dir='ltr'>genere</span> <span class='ocrx_word' id='word_1_257' title='bbox 1514 2854 1869 2912; x_wconf 88' lang='lat' dir='ltr'>commendat</span> <span class='ocrx_word' id='word_1_258' title='bbox 1916 2857 2135 2911; x_wconf 88' lang='lat' dir='ltr'>laudata</span> <span class='ocrx_word' id='word_1_259' title='bbox 2184 2853 2512 2911; x_wconf 88' lang='lat' dir='ltr'>liberalitate</span> <span class='ocrx_word' id='word_1_260' title='bbox 2560 2851 2915 2908; x_wconf 82' lang='lat' dir='ltr'>Macedonum</span> 
     </span>
     <span class='ocr_line' id='line_1_30' title="bbox 660 2947 2533 3006; baseline 0.003 -10"><span class='ocrx_word' id='word_1_261' title='bbox 660 2947 844 3006; x_wconf 82' lang='lat'><strong>8,1-15</strong></span> <span class='ocrx_word' id='word_1_262' title='bbox 881 2965 891 2976; x_wconf 92' lang='lat'><strong>·</strong></span> <span class='ocrx_word' id='word_1_263' title='bbox 2528 2999 2533 3002; x_wconf 88' lang='lat'>.</span> 
     </span>
    </p>

    <p class='ocr_par' dir='ltr' id='par_1_10' title="bbox 467 2946 2917 3188">
     <span class='ocr_line' id='line_1_31' title="bbox 467 2946 2917 3102; baseline -0.001 -20"><span class='ocrx_word' id='word_1_264' title='bbox 467 3035 517 3082; x_wconf 80' lang='grc'>2.</span> <span class='ocrx_word' id='word_1_265' title='bbox 562 2946 744 3084; x_wconf 72' lang='lat' dir='ltr'>Tit(um</span> <span class='ocrx_word' id='word_1_266' title='bbox 789 2946 1098 3101; x_wconf 51' lang='lat' dir='ltr'>fratresque</span> <span class='ocrx_word' id='word_1_267' title='bbox 1137 3029 1304 3098; x_wconf 85' lang='lat' dir='ltr'>duos,</span> <span class='ocrx_word' id='word_1_268' title='bbox 1347 3046 1486 3102; x_wconf 89' lang='lat' dir='ltr'>quos</span> <span class='ocrx_word' id='word_1_269' title='bbox 1529 3029 1602 3086; x_wconf 91' lang='lat' dir='ltr'>ad</span> <span class='ocrx_word' id='word_1_270' title='bbox 1642 3045 1735 3086; x_wconf 89' lang='lat' dir='ltr'>eas</span> <span class='ocrx_word' id='word_1_271' title='bbox 1775 3029 2151 3086; x_wconf 88' lang='lat' dir='ltr'>terminandas</span> <span class='ocrx_word' id='word_1_272' title='bbox 2188 3029 2385 3097; x_wconf 83' lang='lat' dir='ltr'>mittit,</span> <span class='ocrx_word' id='word_1_273' title='bbox 2421 3029 2534 3084; x_wconf 89' lang='lat' dir='ltr'>illis</span> <span class='ocrx_word' id='word_1_274' title='bbox 2576 3011 2917 3084; x_wconf 80' lang='lat' dir='ltr'>commendat</span> 
     </span>
     <span class='ocr_line' id='line_1_32' title="bbox 643 3119 942 3188; baseline -0.007 -16"><span class='ocrx_word' id='word_1_275' title='bbox 643 3119 942 3188; x_wconf 79' lang='grc'><strong>(8,16·-24);</strong></span> 
     </span>
    </p>

    <p class='ocr_par' dir='ltr' id='par_1_11' title="bbox 469 3202 2388 3274">
     <span class='ocr_line' id='line_1_33' title="bbox 469 3202 2388 3274; baseline 0 -16"><span class='ocrx_word' id='word_1_276' title='bbox 469 3210 518 3258; x_wconf 84' lang='grc'>3.</span> <span class='ocrx_word' id='word_1_277' title='bbox 551 3202 774 3259; x_wconf 89' lang='lat' dir='ltr'>demum</span> <span class='ocrx_word' id='word_1_278' title='bbox 801 3213 1019 3274; x_wconf 86' lang='lat' dir='ltr'>monet,</span> <span class='ocrx_word' id='word_1_279' title='bbox 1053 3215 1115 3261; x_wconf 89' lang='lat' dir='ltr'>ut</span> <span class='ocrx_word' id='word_1_280' title='bbox 1141 3205 1252 3261; x_wconf 86' lang='lat' dir='ltr'>cito</span> <span class='ocrx_word' id='word_1_281' title='bbox 1268 3248 1282 3273; x_wconf 89' lang='lat'>‚</span> <span class='ocrx_word' id='word_1_282' title='bbox 1311 3204 1677 3274; x_wconf 86' lang='lat' dir='ltr'>abundanter,</span> <span class='ocrx_word' id='word_1_283' title='bbox 1703 3205 1952 3262; x_wconf 88' lang='lat' dir='ltr'>hilariter</span> <span class='ocrx_word' id='word_1_284' title='bbox 1975 3205 2109 3260; x_wconf 89' lang='lat' dir='ltr'>dent</span> <span class='ocrx_word' id='word_1_285' title='bbox 2132 3209 2388 3272; x_wconf 66' lang='lat' dir='ltr'>(sm-15).</span> 
     </span>
    </p>
   </div>
   <div class='ocr_carea' id='block_1_6' title="bbox 400 3288 2919 3448">
    <p class='ocr_par' dir='ltr' id='par_1_12' title="bbox 400 3288 2919 3448">
     <span class='ocr_line' id='line_1_34' title="bbox 470 3288 2919 3363; baseline -0.001 -19"><span class='ocrx_word' id='word_1_286' title='bbox 470 3293 533 3344; x_wconf 89' lang='lat' dir='ltr'>ln</span> <span class='ocrx_word' id='word_1_287' title='bbox 561 3305 781 3347; x_wconf 69' lang='lat' dir='ltr'>’rnatu</span> <span class='ocrx_word' id='word_1_288' title='bbox 807 3307 1002 3350; x_wconf 77' lang='lat' dir='ltr'><strong>PARTE</strong></span> <span class='ocrx_word' id='word_1_289' title='bbox 1034 3298 1388 3361; x_wconf 82' lang='grc'><strong>(10,1-13,10)</strong></span> <span class='ocrx_word' id='word_1_290' title='bbox 1418 3293 1775 3363; x_wconf 87' lang='lat' dir='ltr'>apostolicam</span> <span class='ocrx_word' id='word_1_291' title='bbox 1802 3291 2187 3348; x_wconf 86' lang='lat' dir='ltr'>auctoritatem</span> <span class='ocrx_word' id='word_1_292' title='bbox 2224 3307 2381 3347; x_wconf 91' lang='lat' dir='ltr'>suam</span> <span class='ocrx_word' id='word_1_293' title='bbox 2413 3289 2665 3346; x_wconf 81' lang='lat' dir='ltr'>defendit</span> <span class='ocrx_word' id='word_1_294' title='bbox 2698 3288 2919 3346; x_wconf 73' lang='lat' dir='ltr'>coniun-</span> 
     </span>
     <span class='ocr_line' id='line_1_35' title="bbox 400 3376 1031 3448; baseline 0.006 -16"><span class='ocrx_word' id='word_1_295' title='bbox 400 3376 537 3432; x_wconf 89' lang='lat' dir='ltr'>dens</span> <span class='ocrx_word' id='word_1_296' title='bbox 561 3377 1031 3448; x_wconf 64' lang='lat' dir='ltr'>pseudapostolos</span> 
     </span>
    </p>
   </div>
   <div class='ocr_carea' id='block_1_7' title="bbox 471 3465 2923 4148">
    <p class='ocr_par' dir='ltr' id='par_1_13' title="bbox 475 3465 2919 3621">
     <span class='ocr_line' id='line_1_36' title="bbox 475 3465 2919 3540; baseline -0.001 -20"><span class='ocrx_word' id='word_1_297' title='bbox 475 3471 524 3520; x_wconf 87' lang='lat'>1.</span> <span class='ocrx_word' id='word_1_298' title='bbox 549 3467 630 3520; x_wconf 87' lang='lat' dir='ltr'>Ex</span> <span class='ocrx_word' id='word_1_299' title='bbox 659 3465 891 3537; x_wconf 88' lang='lat' dir='ltr'>abrupto</span> <span class='ocrx_word' id='word_1_300' title='bbox 921 3467 1266 3524; x_wconf 88' lang='lat' dir='ltr'>adversarios</span> <span class='ocrx_word' id='word_1_301' title='bbox 1295 3467 1625 3536; x_wconf 59' lang='lat' dir='ltr'>immonem,</span> <span class='ocrx_word' id='word_1_302' title='bbox 1656 3475 1719 3523; x_wconf 87' lang='lat' dir='ltr'>ut</span> <span class='ocrx_word' id='word_1_303' title='bbox 1744 3484 1803 3523; x_wconf 89' lang='lat' dir='ltr'>se</span> <span class='ocrx_word' id='word_1_304' title='bbox 1830 3468 2113 3540; x_wconf 86' lang='lat' dir='ltr'>corrigant</span> <span class='ocrx_word' id='word_1_305' title='bbox 2149 3469 2378 3532; x_wconf 82' lang='lat'>(10‚1-6)</span> <span class='ocrx_word' id='word_1_306' title='bbox 2420 3473 2758 3536; x_wconf 88' lang='lat' dir='ltr'>potestatem</span> <span class='ocrx_word' id='word_1_307' title='bbox 2796 3476 2919 3532; x_wconf 85' lang='lat' dir='ltr'>apo-</span> 
     </span>
     <span class='ocr_line' id='line_1_37' title="bbox 646 3552 2031 3621; baseline 0.002 -15"><span class='ocrx_word' id='word_1_308' title='bbox 646 3552 894 3608; x_wconf 89' lang='lat' dir='ltr'>stolicam</span> <span class='ocrx_word' id='word_1_309' title='bbox 924 3556 980 3609; x_wconf 90' lang='lat' dir='ltr'>in</span> <span class='ocrx_word' id='word_1_310' title='bbox 1004 3556 1328 3610; x_wconf 87' lang='lat' dir='ltr'>universum</span> <span class='ocrx_word' id='word_1_311' title='bbox 1356 3555 1456 3610; x_wconf 91' lang='lat' dir='ltr'>sibi</span> <span class='ocrx_word' id='word_1_312' title='bbox 1481 3555 1725 3611; x_wconf 88' lang='lat' dir='ltr'>vindicat</span> <span class='ocrx_word' id='word_1_313' title='bbox 1748 3560 2031 3621; x_wconf 87' lang='grc'><strong>(10,7·16).</strong></span> 
     </span>
    </p>

    <p class='ocr_par' dir='ltr' id='par_1_14' title="bbox 471 3637 2923 4062">
     <span class='ocr_line' id='line_1_38' title="bbox 471 3637 2923 3710; baseline -0.002 -15"><span class='ocrx_word' id='word_1_314' title='bbox 471 3646 523 3697; x_wconf 80' lang='lat'>2.</span> <span class='ocrx_word' id='word_1_315' title='bbox 554 3639 644 3696; x_wconf 83' lang='lat' dir='ltr'>Ad</span> <span class='ocrx_word' id='word_1_316' title='bbox 669 3640 1021 3710; x_wconf 86' lang='lat' dir='ltr'>particularia</span> <span class='ocrx_word' id='word_1_317' title='bbox 1045 3641 1252 3698; x_wconf 89' lang='lat' dir='ltr'>deinde</span> <span class='ocrx_word' id='word_1_318' title='bbox 1275 3644 1496 3698; x_wconf 86' lang='lat' dir='ltr'>veniens</span> <span class='ocrx_word' id='word_1_319' title='bbox 1530 3657 1588 3698; x_wconf 88' lang='lat' dir='ltr'>se</span> <span class='ocrx_word' id='word_1_320' title='bbox 1622 3641 1947 3698; x_wconf 84' lang='lat' dir='ltr'>adversariis</span> <span class='ocrx_word' id='word_1_321' title='bbox 1978 3642 2038 3695; x_wconf 91' lang='lat' dir='ltr'>in</span> <span class='ocrx_word' id='word_1_322' title='bbox 2064 3640 2219 3696; x_wconf 89' lang='lat' dir='ltr'>nulla</span> <span class='ocrx_word' id='word_1_323' title='bbox 2252 3657 2311 3694; x_wconf 89' lang='lat' dir='ltr'>re</span> <span class='ocrx_word' id='word_1_324' title='bbox 2339 3637 2661 3695; x_wconf 77' lang='lat' dir='ltr'>inferiorem</span> <span class='ocrx_word' id='word_1_325' title='bbox 2688 3653 2815 3695; x_wconf 84' lang='lat' dir='ltr'>esse</span> <span class='ocrx_word' id='word_1_326' title='bbox 2840 3640 2923 3690; x_wconf 86' lang='lat' dir='ltr'>do·</span> 
     </span>
     <span class='ocr_line' id='line_1_39' title="bbox 646 3725 2918 3801; baseline -0.001 -20"><span class='ocrx_word' id='word_1_327' title='bbox 646 3736 752 3782; x_wconf 89' lang='lat' dir='ltr'>cet.</span> <span class='ocrx_word' id='word_1_328' title='bbox 801 3728 1028 3784; x_wconf 88' lang='lat' dir='ltr'>Veniam</span> <span class='ocrx_word' id='word_1_329' title='bbox 1073 3743 1360 3801; x_wconf 84' lang='lat' dir='ltr'>precatuS‚</span> <span class='ocrx_word' id='word_1_330' title='bbox 1411 3730 1562 3801; x_wconf 89' lang='lat' dir='ltr'>quod</span> <span class='ocrx_word' id='word_1_331' title='bbox 1614 3728 1683 3785; x_wconf 88' lang='lat' dir='ltr'>de</span> <span class='ocrx_word' id='word_1_332' title='bbox 1723 3745 1781 3784; x_wconf 91' lang='lat' dir='ltr'>se</span> <span class='ocrx_word' id='word_1_333' title='bbox 1822 3728 2063 3800; x_wconf 88' lang='lat' dir='ltr'>gloriosa</span> <span class='ocrx_word' id='word_1_334' title='bbox 2101 3725 2373 3799; x_wconf 88' lang='lat' dir='ltr'>quaedam</span> <span class='ocrx_word' id='word_1_335' title='bbox 2420 3727 2491 3782; x_wconf 88' lang='lat' dir='ltr'>sit</span> <span class='ocrx_word' id='word_1_336' title='bbox 2528 3725 2781 3782; x_wconf 84' lang='lat' dir='ltr'>dicturus</span> <span class='ocrx_word' id='word_1_337' title='bbox 2822 3727 2918 3789; x_wconf 78' lang='lat'>(10,</span> 
     </span>
     <span class='ocr_line' id='line_1_40' title="bbox 645 3810 2919 3884; baseline -0.003 -15"><span class='ocrx_word' id='word_1_338' title='bbox 645 3821 923 3884; x_wconf 82' lang='grc'><strong>17-11,4),</strong></span> <span class='ocrx_word' id='word_1_339' title='bbox 961 3816 1019 3870; x_wconf 89' lang='lat' dir='ltr'>in</span> <span class='ocrx_word' id='word_1_340' title='bbox 1062 3818 1390 3872; x_wconf 88' lang='lat' dir='ltr'>memoriam</span> <span class='ocrx_word' id='word_1_341' title='bbox 1417 3817 1496 3872; x_wconf 88' lang='lat' dir='ltr'>eis</span> <span class='ocrx_word' id='word_1_342' title='bbox 1540 3826 1789 3884; x_wconf 87' lang='lat' dir='ltr'>revocat,</span> <span class='ocrx_word' id='word_1_343' title='bbox 1814 3832 1873 3872; x_wconf 88' lang='lat' dir='ltr'>se</span> <span class='ocrx_word' id='word_1_344' title='bbox 1898 3832 2011 3872; x_wconf 92' lang='lat' dir='ltr'>non</span> <span class='ocrx_word' id='word_1_345' title='bbox 2057 3830 2214 3870; x_wconf 89' lang='lat' dir='ltr'>suam</span> <span class='ocrx_word' id='word_1_346' title='bbox 2258 3814 2556 3870; x_wconf 86' lang='lat' dir='ltr'>utilitatem</span> <span class='ocrx_word' id='word_1_347' title='bbox 2604 3810 2919 3884; x_wconf 59' lang='lat' dir='ltr'>quaesivisse</span> 
     </span>
     <span class='ocr_line' id='line_1_41' title="bbox 647 3895 2917 3976; baseline -0.002 -18"><span class='ocrx_word' id='word_1_348' title='bbox 647 3908 947 3974; x_wconf 83' lang='grc'><strong>(11,5-15),</strong></span> <span class='ocrx_word' id='word_1_349' title='bbox 974 3919 1031 3960; x_wconf 87' lang='lat' dir='ltr'>se</span> <span class='ocrx_word' id='word_1_350' title='bbox 1055 3903 1379 3960; x_wconf 88' lang='lat' dir='ltr'>adversariis</span> <span class='ocrx_word' id='word_1_351' title='bbox 1421 3919 1609 3976; x_wconf 89' lang='lat' dir='ltr'>parem</span> <span class='ocrx_word' id='word_1_352' title='bbox 1653 3919 1771 3960; x_wconf 88' lang='lat' dir='ltr'>esse</span> <span class='ocrx_word' id='word_1_353' title='bbox 1804 3905 1861 3959; x_wconf 89' lang='lat' dir='ltr'>in</span> <span class='ocrx_word' id='word_1_354' title='bbox 1902 3903 2061 3959; x_wconf 90' lang='lat' dir='ltr'>donis</span> <span class='ocrx_word' id='word_1_355' title='bbox 2088 3901 2461 3966; x_wconf 76' lang='lat' dir='ltr'>naturalibus,</span> <span class='ocrx_word' id='word_1_356' title='bbox 2492 3903 2832 3972; x_wconf 87' lang='lat' dir='ltr'>superiorem</span> <span class='ocrx_word' id='word_1_357' title='bbox 2866 3895 2917 3948; x_wconf 78' lang='lat' dir='ltr'>in</span> 
     </span>
     <span class='ocr_line' id='line_1_42' title="bbox 647 3990 2518 4062; baseline -0.001 -18"><span class='ocrx_word' id='word_1_358' title='bbox 647 3990 928 4047; x_wconf 89' lang='lat' dir='ltr'>laboribus</span> <span class='ocrx_word' id='word_1_359' title='bbox 953 3993 1266 4062; x_wconf 89' lang='lat' dir='ltr'>apostolicis</span> <span class='ocrx_word' id='word_1_360' title='bbox 1291 4001 1345 4048; x_wconf 86' lang='lat' dir='ltr'>et</span> <span class='ocrx_word' id='word_1_361' title='bbox 1372 3992 1531 4047; x_wconf 89' lang='lat' dir='ltr'>donis</span> <span class='ocrx_word' id='word_1_362' title='bbox 1558 3991 2071 4062; x_wconf 87' lang='lat' dir='ltr'>supranaturalibus</span> <span class='ocrx_word' id='word_1_363' title='bbox 2101 3995 2207 4056; x_wconf 83' lang='lat'>(11,</span> <span class='ocrx_word' id='word_1_364' title='bbox 2224 3993 2518 4056; x_wconf 81' lang='grc'><strong>16-12,18&gt;.</strong></span> 
     </span>
    </p>

    <p class='ocr_par' dir='ltr' id='par_1_15' title="bbox 471 4069 2914 4148">
     <span class='ocr_line' id='line_1_43' title="bbox 471 4069 2914 4148; baseline -0.003 -13"><span class='ocrx_word' id='word_1_365' title='bbox 471 4085 522 4135; x_wconf 82' lang='grc'>3.</span> <span class='ocrx_word' id='word_1_366' title='bbox 551 4079 703 4148; x_wconf 76' lang='lat' dir='ltr'>Quae</span> <span class='ocrx_word' id='word_1_367' title='bbox 725 4095 783 4134; x_wconf 90' lang='lat' dir='ltr'>se</span> <span class='ocrx_word' id='word_1_368' title='bbox 809 4078 878 4134; x_wconf 92' lang='lat' dir='ltr'>ad</span> <span class='ocrx_word' id='word_1_369' title='bbox 909 4095 1100 4134; x_wconf 89' lang='lat' dir='ltr'>eorum</span> <span class='ocrx_word' id='word_1_370' title='bbox 1124 4079 1410 4136; x_wconf 88' lang='lat' dir='ltr'>dumtaxat</span> <span class='ocrx_word' id='word_1_371' title='bbox 1431 4078 1870 4135; x_wconf 82' lang='lat' dir='ltr'>aedificationem</span> <span class='ocrx_word' id='word_1_372' title='bbox 1894 4077 2093 4134; x_wconf 77' lang='lat' dir='ltr'>dixisse</span> <span class='ocrx_word' id='word_1_373' title='bbox 2116 4075 2326 4132; x_wconf 86' lang='lat' dir='ltr'>addens</span> <span class='ocrx_word' id='word_1_374' title='bbox 2354 4084 2564 4142; x_wconf 87' lang='lat' dir='ltr'>monet,</span> <span class='ocrx_word' id='word_1_375' title='bbox 2594 4084 2656 4131; x_wconf 90' lang='lat' dir='ltr'>ut</span> <span class='ocrx_word' id='word_1_376' title='bbox 2678 4089 2735 4130; x_wconf 91' lang='lat' dir='ltr'>se</span> <span class='ocrx_word' id='word_1_377' title='bbox 2758 4069 2914 4129; x_wconf 82' lang='lat' dir='ltr'>corri-</span> 
     </span>
    </p>
   </div>
   <div class='ocr_carea' id='block_1_8' title="bbox 471 4166 2819 4326">
    <p class='ocr_par' dir='ltr' id='par_1_16' title="bbox 471 4166 2819 4326">
     <span class='ocr_line' id='line_1_44' title="bbox 645 4166 2819 4240; baseline -0.003 -18"><span class='ocrx_word' id='word_1_378' title='bbox 645 4177 801 4240; x_wconf 82' lang='lat' dir='ltr'>gant,</span> <span class='ocrx_word' id='word_1_379' title='bbox 831 4182 901 4222; x_wconf 90' lang='lat' dir='ltr'>ne</span> <span class='ocrx_word' id='word_1_380' title='bbox 927 4175 1212 4239; x_wconf 74' lang='lat' dir='ltr'>tamquam</span> <span class='ocrx_word' id='word_1_381' title='bbox 1239 4166 1402 4222; x_wconf 85' lang='lat' dir='ltr'>iudex</span> <span class='ocrx_word' id='word_1_382' title='bbox 1429 4183 1651 4223; x_wconf 82' lang='lat' dir='ltr'>severus</span> <span class='ocrx_word' id='word_1_383' title='bbox 1678 4181 1809 4238; x_wconf 78' lang='lat' dir='ltr'>erga</span> <span class='ocrx_word' id='word_1_384' title='bbox 1836 4181 1931 4221; x_wconf 88' lang='lat' dir='ltr'>eos</span> <span class='ocrx_word' id='word_1_385' title='bbox 1960 4180 2124 4237; x_wconf 87' lang='lat' dir='ltr'>agere</span> <span class='ocrx_word' id='word_1_386' title='bbox 2150 4174 2381 4236; x_wconf 87' lang='lat' dir='ltr'>cogatur</span> <span class='ocrx_word' id='word_1_387' title='bbox 2409 4166 2819 4231; x_wconf 79' lang='grc'><strong>(12,19-13,10).</strong></span> 
     </span>
     <span class='ocr_line' id='line_1_45' title="bbox 471 4252 2208 4326; baseline -0.002 -15"><span class='ocrx_word' id='word_1_388' title='bbox 471 4259 780 4312; x_wconf 77' lang='lat' dir='ltr'>Emmaus</span> <span class='ocrx_word' id='word_1_389' title='bbox 811 4254 1106 4326; x_wconf 79' lang='lat'><strong>(13‚11-13)</strong></span> <span class='ocrx_word' id='word_1_390' title='bbox 1129 4254 1458 4320; x_wconf 89' lang='lat' dir='ltr'>salutatione</span> <span class='ocrx_word' id='word_1_391' title='bbox 1483 4263 1538 4309; x_wconf 90' lang='lat' dir='ltr'>et</span> <span class='ocrx_word' id='word_1_392' title='bbox 1566 4252 1947 4310; x_wconf 88' lang='lat' dir='ltr'>benedictione</span> <span class='ocrx_word' id='word_1_393' title='bbox 1973 4260 2208 4308; x_wconf 88' lang='lat' dir='ltr'>constat.</span> 
     </span>
    </p>
   </div>
   <div class='ocr_carea' id='block_1_9' title="bbox 481 4400 2921 4479">
    <p class='ocr_par' dir='ltr' id='par_1_17' title="bbox 481 4400 2921 4479">
     <span class='ocr_line' id='line_1_46' title="bbox 481 4400 2921 4479; baseline -0.004 -16"><span class='ocrx_word' id='word_1_394' title='bbox 481 4406 540 4463; x_wconf 90' lang='grc'>6.</span> <span class='ocrx_word' id='word_1_395' title='bbox 569 4439 649 4450; x_wconf 89' lang='grc'>-</span> <span class='ocrx_word' id='word_1_396' title='bbox 669 4405 770 4465; x_wconf 90' lang='lat' dir='ltr'>v1.</span> <span class='ocrx_word' id='word_1_397' title='bbox 816 4405 944 4476; x_wconf 85' lang='lat' dir='ltr'>Quo</span> <span class='ocrx_word' id='word_1_398' title='bbox 987 4419 1054 4463; x_wconf 77' lang='lat' dir='ltr'>m</span> <span class='ocrx_word' id='word_1_399' title='bbox 1095 4421 1241 4464; x_wconf 77' lang='lat' dir='ltr'>Loco</span> <span class='ocrx_word' id='word_1_400' title='bbox 1283 4421 1359 4464; x_wconf 79' lang='grc' dir='ltr'>Εἰ·</span> <span class='ocrx_word' id='word_1_401' title='bbox 1401 4421 1518 4472; x_wconf 82' lang='lat' dir='ltr'>ouo</span> <span class='ocrx_word' id='word_1_402' title='bbox 1549 4419 1823 4465; x_wconf 72' lang='lat' dir='ltr'><strong>TEMPORE</strong></span> <span class='ocrx_word' id='word_1_403' title='bbox 1852 4401 2013 4462; x_wconf 89' lang='lat' dir='ltr'>duae</span> <span class='ocrx_word' id='word_1_404' title='bbox 2043 4400 2343 4479; x_wconf 87' lang='lat' dir='ltr'>epistolae</span> <span class='ocrx_word' id='word_1_405' title='bbox 2372 4401 2501 4460; x_wconf 89' lang='lat' dir='ltr'>sint</span> <span class='ocrx_word' id='word_1_406' title='bbox 2528 4400 2820 4476; x_wconf 84' lang='lat' dir='ltr'>scriptae,</span> <span class='ocrx_word' id='word_1_407' title='bbox 2850 4409 2921 4453; x_wconf 81' lang='lat' dir='ltr'>ex</span> 
     </span>
    </p>
   </div>
   <div class='ocr_carea' id='block_1_10' title="bbox 404 4491 2915 4656">
    <p class='ocr_par' dir='ltr' id='par_1_18' title="bbox 404 4491 2915 4656">
     <span class='ocr_line' id='line_1_47' title="bbox 404 4491 2915 4578; baseline -0.004 -17"><span class='ocrx_word' id='word_1_408' title='bbox 404 4500 590 4561; x_wconf 83' lang='lat' dir='ltr'>dictis</span> <span class='ocrx_word' id='word_1_409' title='bbox 615 4501 743 4560; x_wconf 91' lang='lat' dir='ltr'>iam</span> <span class='ocrx_word' id='word_1_410' title='bbox 769 4503 1049 4578; x_wconf 90' lang='lat' dir='ltr'>apparet.</span> <span class='ocrx_word' id='word_1_411' title='bbox 1071 4500 1352 4560; x_wconf 90' lang='lat' dir='ltr'>Priorem</span> <span class='ocrx_word' id='word_1_412' title='bbox 1385 4499 1617 4578; x_wconf 88' lang='lat' dir='ltr'>Ephesi</span> <span class='ocrx_word' id='word_1_413' title='bbox 1657 4500 1834 4560; x_wconf 90' lang='lat' dir='ltr'>dedit</span> <span class='ocrx_word' id='word_1_414' title='bbox 1862 4498 2196 4575; x_wconf 86' lang='lat' dir='ltr'>Apostolus</span> <span class='ocrx_word' id='word_1_415' title='bbox 2214 4513 2433 4557; x_wconf 80' lang='lat' dir='ltr'>versus</span> <span class='ocrx_word' id='word_1_416' title='bbox 2460 4495 2685 4574; x_wconf 89' lang='lat' dir='ltr'>pascha</span> <span class='ocrx_word' id='word_1_417' title='bbox 2710 4511 2767 4554; x_wconf 85' lang='lat' dir='ltr'>a.</span> <span class='ocrx_word' id='word_1_418' title='bbox 2798 4491 2915 4551; x_wconf 67' lang='lat'>58„</span> 
     </span>
     <span class='ocr_line' id='line_1_48' title="bbox 405 4593 2059 4656; baseline 0.001 -2"><span class='ocrx_word' id='word_1_419' title='bbox 405 4593 662 4654; x_wconf 87' lang='lat' dir='ltr'>alteram</span> <span class='ocrx_word' id='word_1_420' title='bbox 692 4600 1031 4656; x_wconf 89' lang='lat' dir='ltr'>auctumno</span> <span class='ocrx_word' id='word_1_421' title='bbox 1061 4595 1349 4656; x_wconf 89' lang='lat' dir='ltr'>eiusdem</span> <span class='ocrx_word' id='word_1_422' title='bbox 1388 4597 1534 4656; x_wconf 89' lang='lat' dir='ltr'>anni</span> <span class='ocrx_word' id='word_1_423' title='bbox 1568 4597 1632 4655; x_wconf 92' lang='lat' dir='ltr'>in</span> <span class='ocrx_word' id='word_1_424' title='bbox 1674 4595 2059 4656; x_wconf 86' lang='lat' dir='ltr'>Macedonia.</span> 
     </span>
    </p>
   </div>
   <div class='ocr_carea' id='block_1_11' title="bbox 2995 1191 3024 2586">
    <p class='ocr_par' dir='ltr' id='par_1_19' title="bbox 2995 1191 3024 2586">
     <span class='ocr_line' id='line_1_49' title="bbox 2995 1191 3024 2586; baseline 0 0"><span class='ocrx_word' id='word_1_425' title='bbox 2995 1191 3024 2586; x_wconf 95' lang='lat' dir='ltr'> </span> 
     </span>
    </p>
   </div>
   <div class='ocr_carea' id='block_1_12' title="bbox 2992 2737 3028 4664">
    <p class='ocr_par' dir='ltr' id='par_1_20' title="bbox 2992 2737 3028 4664">
     <span class='ocr_line' id='line_1_50' title="bbox 2992 2737 3028 4664; baseline 0 0"><span class='ocrx_word' id='word_1_426' title='bbox 2992 2737 3028 4664; x_wconf 95' lang='lat' dir='ltr'> </span> 
     </span>
    </p>
   </div>
  </div>
 </body>
</html>
