3050 5184
781 301 989 345 mrim
1040 298 1445 345 mmeramme
1486 302 1622 347 mne
1665 304 1706 345 A
1748 304 1914 349 saec.
1965 288 2020 347 7.
2552 290 2667 349 159

160 442 219 486 ex
242 432 477 505 origenis
514 442 571 489 et
605 432 989 507 chrysostomi
1020 432 1279 504 operibus
1316 442 1602 499 contexta,
1635 450 1777 507 quae
1815 452 1913 507 per
1939 444 2112 491 totam
2153 436 2396 492 mediam
2427 445 2653 492 aetaten

159 528 288 575 tanta
309 521 363 577 in
390 522 719 579 auctoritate
747 521 868 591 fuit,
894 529 958 576 ut
985 520 1103 576 eius
1130 520 1299 577 verba
1324 520 1608 578 interdum
1635 525 1786 579 velut
1809 523 2205 595 scripturistica
2229 532 2643 595 exponerentur

156 608 360 664 Minoris
380 610 723 666 auctoritatis
748 608 853 665 suit
880 609 1084 683 qlossa
1106 608 1539 678 interlinearis,
1567 625 1711 682 quae
1736 611 2004 667 voeabula
2035 612 2216 683 potius
2241 628 2410 683 quam
2436 611 2666 682 phrases

156 704 234 750 aut
264 697 561 753 sententias
597 698 873 769 explanat.
917 698 1177 752 Ceterum
1223 713 1293 752 ne
1331 696 1470 754 haec
1509 706 1663 754 aetas
1693 699 2089 771 interpretibus
2125 700 2364 754 caruisse
2395 698 2666 765 videatur,

156 786 549 857 praecipuorum
602 786 826 841 nomina
888 784 1277 853 adscribimus;
1342 794 1473 841 sunt
1525 795 1716 841 autem
1769 787 2074 858 Remiqius
2131 786 2670 843 Autissiodorensis

162 874 205 939 [5-
226 878 383 941 899.),
414 875 705 929 Notlcerus
734 872 1028 929 Balbulus
1059 875 1122 942 (†
1149 876 1328 940 912),
1350 877 1554 929 Brimo
1575 874 2023 947 Herbipolensis
2054 875 2119 946 (†
2150 878 2348 941 1045.),
2381 872 2668 948 Lansran-

155 976 234 1015 cus
262 964 549 1019 cantuar.
588 963 650 1030 (†
690 961 867 1029 1089.)
886 1004 899 1029 ,
924 964 981 1017 S.
1012 965 1213 1016 Bruno
1243 960 1445 1015 Rhem.
1480 961 1568 1016 vel
1597 962 1780 1032 potius
1811 961 2178 1019 coloniensis
2203 963 2266 1035 (†
2297 966 2505 1029 1101.)‚
2533 962 2670 1018 Car-

156 1048 513 1105 ibusianorum
538 1048 817 1105 fundator.

580 1245 614 1327 ξ
655 1246 763 1309 1t.
798 1279 889 1291 —
915 1244 1011 1307 De
1048 1240 1618 1309 Scholastz‘corum
1652 1242 2224 1331 interpretatione.

218 1440 263 1497 1.
294 1471 373 1480 —
398 1435 703 1513 Theologi
744 1434 1102 1495 scholastici
1141 1434 1355 1496 multis
1386 1435 1646 1512 quidem
1689 1436 2056 1513 magnisque
2087 1434 2164 1495 ad
2210 1435 2668 1513 Scripturarum

156 1533 618 1611 intelligentiam
650 1531 952 1592 subsidiis
981 1532 1308 1605 carebant,
1342 1532 1451 1591 sed
1483 1530 1562 1591 ad
1595 1548 1928 1609 exegeseos
1959 1531 2308 1609 profectum
2347 1532 2668 1591 nihilomi-

150 1646 251 1687 nus
284 1629 709 1690 contulerunt.
746 1627 1201 1689 subtilioribus
1240 1627 1409 1687 enim
1451 1626 1973 1704 inquisitionibus
2011 1628 2339 1687 assuefacti
2376 1645 2504 1687 non
2539 1632 2668 1686 tam

152 1730 334 1785 textus
366 1728 695 1802 separatos
725 1729 788 1784 et
816 1724 990 1801 quasi
1022 1724 1268 1784 avulsos
1300 1723 1720 1801 explicarunt,
1755 1723 1865 1783 sed
1897 1725 2184 1801 proximo
2214 1728 2276 1784 et
2304 1723 2670 1783 immediato

153 1826 425 1882 contextu
470 1838 600 1881 non
631 1814 909 1881 contenti
962 1820 1041 1880 ad
1085 1820 1586 1899 longinquiorem
1643 1836 1895 1897 quoque
1937 1820 2330 1880 attendentes
2375 1820 2544 1880 iuxta
2571 1836 2669 1879 ar·-

150 1919 499 1989 gumentum
533 1916 863 1973 tractatum
888 1910 1289 1987 auctorisque
1320 1908 1511 1969 finem
1543 1908 1775 1969 librum
1803 1910 2120 1987 integrum
2149 1909 2214 1969 in
2245 1928 2388 1971 suas
2417 1917 2663 1973 natura-

152 2010 225 2069 les
255 2014 465 2087 partes
494 2014 641 2087 apte
672 2008 1047 2069 distribuere
1078 2007 1482 2084 singulasque
1524 2005 1868 2066 sententias
1909 2006 1973 2065 in
2010 2023 2123 2066 suo
2159 2011 2452 2067 contextu
2484 2026 2664 2069 accu-

150 2110 263 2165 rate
292 2106 609 2183 explicare
634 2110 999 2182 coeperunt.

206 2214 249 2265 A
274 2226 423 2267 saec.
458 2216 543 2266 12.
584 2226 727 2265 nova
766 2208 1019 2265 inchoari
1052 2211 1192 2266 solet
1230 2209 1487 2281 periodus
1525 2210 1786 2267 historiae
1824 2210 2139 2283 theologiae
2167 2211 2536 2283 dogmaticae,
2568 2225 2668 2280 pe-

152 2299 319 2355 riodus
344 2316 424 2354 se.
460 2298 775 2370 theologiae
816 2298 1209 2364 scholasticae,
1242 2297 1339 2353 sed
1378 2298 1449 2353 ab
1488 2298 1686 2354 eodem
1712 2298 1882 2354 etiam
1926 2314 2066 2355 nova
2096 2314 2385 2369 exegeseos
2413 2295 2670 2370 periodus

150 2387 249 2442 iure
268 2387 585 2444 inchoatur.
614 2386 837 2441 Falsum
866 2386 1011 2440 enim
1036 2394 1141 2451 est,
1175 2384 1325 2457 quod
1356 2387 1521 2453 vulgo
1545 2386 1800 2455 iactatur,
1833 2386 2196 2442 scholasticos
2216 2386 2507 2458 theologos
2533 2385 2672 2441 Scri·

154 2482 323 2542 pturas
360 2474 701 2546 neglexisse,
734 2473 1005 2545 siquidem
1034 2474 1121 2529 vix
1162 2474 1311 2530 ullus
1337 2490 1367 2529 e
1396 2474 1788 2531 celebrioribus
1832 2474 2126 2546 reperitur,
2170 2475 2265 2545 qui
2303 2490 2419 2530 non
2459 2473 2672 2545 aliquos

150 2562 329 2618 saltem
368 2560 544 2618 libros
590 2576 777 2617 sacros
832 2561 1249 2617 commentariis
1289 2562 1667 2618 illustraverit.
1698 2563 1985 2634 Plerisque
2012 2562 2328 2634 linguarum
2363 2576 2666 2628 sacrarum,

150 2650 570 2723 arehaeologiae,
600 2647 863 2704 historiae
882 2648 1143 2704 scientias
1168 2647 1406 2705 defuisse
1428 2665 1543 2705 non
1565 2664 1852 2722 negamuS,
1879 2658 1936 2705 at
1964 2648 2302 2721 profundum
2328 2664 2522 2705 eorum
2544 2648 2670 2704 doc-

150 2737 307 2795 trinae
349 2737 663 2794 catholicae
703 2734 951 2793 studium
980 2745 1037 2793 et
1066 2736 1326 2793 continua
1356 2738 1594 2794 traditae
1621 2737 2093 2809 interpretationis
2137 2737 2301 2793 lectio
2343 2736 2425 2792 eis
2467 2752 2672 2808 magno

152 2824 361 2882 fuerunt
396 2825 636 2894 auxilio,
662 2824 836 2881 immo
876 2824 969 2880 illa
1000 2840 1251 2897 quoque,
1278 2840 1419 2896 quae
1448 2842 1479 2881 a
1505 2828 1564 2882 S.
1593 2826 1937 2899 Hieronymo
1967 2824 2196 2896 aliisque
2237 2824 2308 2881 de
2335 2840 2536 2879 vocum
2569 2822 2670 2879 he—

152 2912 447 2971 braicarum
475 2928 915 2985 graecarumque
946 2912 1375 2984 significatione,
1408 2912 1479 2969 de
1506 2930 1612 2969 usu
1643 2911 1908 2985 loquendi
1937 2912 2197 2969 hebraico
2231 2913 2318 2967 vel
2345 2927 2572 2984 graeco,
2604 2911 2673 2967 de

158 3002 309 3059 rebus
338 3002 622 3059 historicis
646 2999 1136 3074 geographicisque
1166 3010 1270 3056 etc.
1304 3009 1464 3056 erant
1490 3000 1750 3057 adnotata
1767 3044 1780 3069 ,
1807 3000 2226 3072 diligentissime
2248 3000 2593 3067 collegerunt
2619 3009 2675 3055 et

153 3088 531 3146 adhibuerunt.
565 3091 822 3145 Ceterum
850 3088 920 3145 de
944 3089 1261 3158 Scripturae
1284 3087 1538 3143 sensibus
1564 3104 1756 3145 omnes
1783 3090 1878 3145 illa
1900 3087 2190 3157 tenebant,
2223 3102 2363 3159 quae
2391 3104 2557 3158 supra
2586 3104 2672 3143 se-

156 3180 383 3234 eundum
416 3180 473 3237 S.
510 3176 787 3233 Thomam
820 3176 1173 3247 exposuimus
1199 3175 1247 3249 (g
1274 3184 1323 3232 1.
1353 3176 1496 3248 sqq.)
1515 3218 1529 3242 ,
1559 3177 1618 3231 in
1652 3177 1807 3248 praxi
1831 3185 2016 3231 autem
2039 3176 2214 3248 aliqui
2241 3176 2550 3248 allegoricis
2577 3192 2675 3231 ex-

156 3266 529 3331 plicationibus
562 3266 728 3321 nimis
758 3264 1140 3337 indulgebant.
1176 3266 1378 3320 Forma
1406 3272 1634 3321 externa
1662 3264 2196 3319 commentariorum
2220 3264 2676 3320 scholasticorum

152 3352 319 3410 nimiis
345 3353 713 3410 divisionibus
739 3362 797 3409 et
818 3352 1280 3409 subdivisionibus
1302 3352 1435 3407 satis
1457 3351 1704 3408 taediosa
1730 3360 1840 3419 est;
1872 3352 1932 3407 in
1958 3351 2358 3407 minutissimas
2385 3351 2680 3423 particulas

154 3440 467 3513 interpretes
496 3440 777 3497 interdum
818 3450 1033 3497 textum
1060 3454 1281 3497 sacrum
1321 3438 1658 3508 dilacerant,
1685 3439 1782 3494 sed
1826 3439 1928 3494 has
1955 3438 2250 3495 divisiones
2279 3438 2350 3496 ad
2378 3440 2678 3510 pleniorem

156 3536 322 3585 textus
348 3529 781 3601 intelligentiam
810 3528 1111 3599 plurimum
1133 3528 1343 3596 iuvare,
1371 3527 1532 3583 facile
1555 3526 1865 3599 perspiciet,
1893 3528 2227 3598 quicumque
2251 3527 2450 3582 acerbo
2479 3527 2680 3583 cortice

166 3632 261 3673 non
288 3618 591 3674 deterritus
620 3615 691 3672 ad
721 3615 1025 3671 medullam
1060 3616 1368 3689 pertigerit.
1403 3614 1546 3671 lllud
1589 3615 1738 3670 enim
1781 3615 2139 3686 praecipuum
2185 3622 2269 3670 est
2312 3616 2678 3685 interpretum

158 3705 605 3762 scholasticorum
650 3704 944 3771 meritum,
980 3703 1129 3775 quod
1166 3704 1411 3775 singulas
1438 3703 1668 3774 phrases
1697 3718 1886 3758 revera
1916 3704 2068 3758 velut
2108 3711 2292 3773 partes
2338 3703 2675 3773 integrantes

160 3794 311 3849 totius
338 3793 466 3850 libri
496 3790 1017 3859 consideraverunt,
1041 3792 1099 3847 in
1131 3792 1288 3846 cuius
1320 3791 1776 3862 compositionem
1815 3789 2302 3862 membrorumque
2331 3789 2674 3845 distributio-

158 3894 265 3937 nem
304 3880 603 3955 diligenter
634 3879 1067 3951 inquisiverunt,
1100 3889 1162 3934 ut
1202 3878 1305 3935 hac
1334 3880 1546 3935 ratione
1585 3878 1928 3951 singularum
1953 3878 2349 3949 particularum
2381 3878 2489 3932 vim
2516 3885 2674 3948 pote—

158 3974 441 4042 statemque
470 3968 785 4025 accuratius
809 3976 1251 4038 assequerentur.

224 4124 275 4180 2.
304 4154 381 4167 -
414 4120 611 4181 Primi
642 4118 935 4197 quidem,
962 4118 1071 4195 qui
1104 4135 1265 4177 saec.
1292 4119 1387 4177 12.
1414 4118 1794 4189 floruerunt,
1821 4118 2196 4195 interpretes
2228 4114 2676 4177 accuratiorem

162 4212 301 4279 hanc
332 4215 793 4295 interpretandi
824 4214 1135 4275 rationem
1163 4214 1447 4274 nondum
1478 4218 1846 4286 tenuerunt,
1871 4217 2037 4273 recte
2070 4217 2278 4273 tamen
2307 4213 2478 4273 velut
2507 4211 2681 4273 scho-

164 4310 503 4376 lasticorum
534 4329 979 4392 praecursores
1008 4328 1155 4371 cum
1195 4310 1274 4371 iis
1312 4311 1804 4388 coniunguntur,
1839 4311 2134 4387 quoniam
2171 4310 2246 4368 ab
2289 4309 2682 4369 immediato-

168 4423 289 4469 rum
330 4426 595 4471 suorum
637 4408 1202 4487 praedecessorum
1244 4406 1545 4466 methodo
1588 4406 1952 4467 recedentes
1993 4422 2119 4465 non
2150 4409 2398 4465 tautum
2427 4408 2680 4464 Patrum

176 4506 605 4584 explicationes
626 4506 943 4582 colligere,
970 4502 1079 4563 sed
1107 4504 1243 4563 illas
1262 4503 1479 4563 multis
1500 4503 1678 4562 novis
1699 4507 1914 4563 auctas
1935 4519 2099 4562 novo
2120 4501 2312 4561 modo
2333 4517 2682 4579 proponere

168 4606 347 4665 conati
396 4610 565 4666 sunt.
618 4600 947 4679 Praecipui
996 4603 1142 4661 sunt
1190 4602 1394 4661 Brimo
1446 4602 1730 4659 Astiensis
1772 4597 1846 4678 (†
1890 4596 2116 4678 ssas),
2169 4598 2469 4677 Rupertus
2522 4598 2679 4657 Tuit.
