3050 5184
426 310 504 368 32
538 324 829 379 HISTORIA
858 324 1102 368 CANONIS
1131 325 1468 377 U‘rmusoun
1501 327 1898 371 TESTAMENTI.
1924 346 2005 355 -
2034 328 2165 371 CAP.
2207 327 2277 371 11.
2313 326 2448 370 CAN.
2479 322 2763 367 VETssnls
2800 319 2999 363 TEST.

429 464 707 525 appareat,
741 470 910 526 quam
935 456 1309 511 necessarium
1350 454 1514 511 fuerit
1544 456 1827 513 decretum
1858 458 2267 526 dogmaticum,
2300 472 2411 527 quo
2446 458 2634 510 Patres
2676 448 3027 506 Tridentin

430 542 530 597 toti
557 541 966 597 controversiae
985 542 1132 597 inter
1153 541 1456 597 catholicos
1480 543 1648 599 finem
1672 544 2074 616 imposuerunt.

515 751 609 809 13.
643 785 724 793 -—
753 753 1022 811 saeculis
1052 754 1148 811 10.
1183 754 1278 811 11.
1311 754 1406 811 12.
1440 769 1662 813 omnes
1689 754 2091 814 decretorum
2126 752 2500 813 collectores
2536 754 2643 810 aut
2674 750 3027 809 Innocen·

431 845 574 906 tiil.
611 850 721 907 aut
751 847 977 907 Gelasii
1008 864 1311 907 canonem
1340 853 1716 925 receperunt
1748 849 2146 926 eundemque
2171 864 2392 909 omnes
2418 846 2513 906 illi
2538 845 3027 919 tradiderunt

434 942 541 1019 qui
569 942 646 1002 de
677 942 896 1003 ordine
937 943 1240 1003 librorum
1273 943 1339 1003 in
1369 944 1583 1004 divino
1622 944 1831 1005 officio
1862 944 2277 1023 legendorum
2311 946 2601 1021 egerunt;
2635 940 2855 1001 velut
2886 940 3027 1015 lege

433 1038 856 1117 praescriptus
885 1039 1082 1117 igitur
1109 1039 1219 1099 illa
1245 1044 1448 1101 aetate
1487 1041 1759 1119 amplior
1792 1057 1991 1101 canon
2021 1040 2493 1119 agnoscebatur,
2523 1042 2729 1115 atque
2766 1053 2813 1097 3
2850 1024 3027 1097 haud

433 1134 652 1211 paucis
682 1151 930 1213 quoque
958 1152 1157 1196 canon
1181 1136 1454 1214 amplior
1474 1136 1857 1197 christianus
1885 1154 1924 1197 a
1941 1153 2177 1197 canone
2203 1136 2449 1196 iudaico
2474 1132 3027 1211 distinguebatui

434 1235 500 1290 et
527 1230 841 1292 Ecclesiae
877 1232 1248 1292 auctoritate
1296 1231 1655 1292 confirmari
1702 1231 2049 1293 dicebatur.
2080 1233 2295 1310 Neque
2342 1235 2552 1291 tamen
2603 1230 3027 1315 defuerunt,

437 1326 543 1402 qui
585 1325 1168 1387 deuterocanonicis
1200 1326 1544 1405 perfectam
1584 1328 2021 1388 auctoritatem
2058 1331 2362 1405 negarent
2394 1324 2593 1403 (Huqo
2626 1344 2669 1383 a
2697 1324 2779 1384 S.
2836 1324 3027 1395 νέοι,

439 1420 797 1499 liudulphus
824 1422 1115 1497 Flaviae„
1145 1422 1394 1482 Ioannes
1421 1420 1679 1500 Sarisb.)
1714 1427 1823 1484 aut
1853 1440 1959 1484 eos
1989 1423 2327 1484 reiicerent
2356 1420 2679 1500 (Notlcerus
2716 1418 2980 1497 Bata).
3025 1420 3026 1429 ’

505 1551 832 1623 catalogum
858 1551 1166 1606 innocentii
1203 1551 1422 1607 exhibet
1452 1551 1738 1607 collectio
1780 1569 2071 1607 canonum
2106 1551 2242 1607 eccl.
2288 1551 2435 1623 hisp.
2468 1552 2543 1620 (a.
2574 1553 2767 1619 976.),
2805 1536 3026 1609 natale-5

438 1654 572 1711 gum
597 1638 802 1693 Gelasii
830 1642 923 1693 Ps.
965 1638 1376 1711 Luitprandus
1412 1638 1591 1709 (Vitae
1617 1641 1857 1695 Roman.
1906 1641 2065 1694 Pont.
2108 1642 2220 1707 51),
2247 1636 2637 1694 Bure-hardus
2670 1641 3026 1691 Wormat.

441 1727 502 1798 (†
529 1730 684 1781 1025.
718 1727 882 1781 Decr.
917 1726 1015 1781 111.
1047 1727 1191 1797 217),
1223 1730 1322 1780 lvo
1359 1729 1604 1781 Carnot.
1640 1728 1700 1796 (†
1738 1732 1892 1781 1117.
1923 1729 2087 1781 Decr.
2123 1726 2217 1783 lv.
2248 1724 2370 1796 61),
2408 1726 2543 1780 item
2581 1724 2651 1779 de
2682 1722 2904 1779 officio
2936 1722 3026 1776 di

439 1814 566 1867 vino
595 1821 819 1884 agentes
845 1816 1140 1867 Honorius
1168 1812 1578 1884 Auqustodun.
1609 1817 1682 1880 (c.
1719 1818 1873 1869 1125.
1906 1813 2139 1869 Gemma
2177 1813 2395 1867 animae
2423 1813 2521 1867 IV.
2563 1810 2719 1881 118),
2752 1796 3026 1871 Gratia

440 1916 550 1955 nus
573 1898 636 1971 (†
665 1904 821 1954 1155.
855 1901 1089 1955 Decr.1.
1122 1898 1247 1955 dist.
1285 1905 1368 1954 15.
1397 1915 1446 1954 c.
1481 1905 1557 1966 3),
1586 1902 1838 1955 Ioannes
1874 1900 2071 1955 Beleth
2103 1904 2174 1966 (c.
2212 1906 2366 1955 1180.
2398 1897 2701 1955 Rationale
2744 1896 2875 1953 div.
2916 1894 3012 1951 off.
3025 1916 3026 1951 1

441 1992 548 2053 59).
574 1984 771 2041 Libros
805 1984 1332 2042 deuterocanonicos
1361 2002 1394 2041 a
1424 1985 1643 2043 Iudaeis
1686 1986 1915 2058 quidem
1942 1987 2177 2043 reiectos
2216 1985 2314 2041 sed
2351 1985 2420 2041 ab
2449 1985 2699 2043 Ecclesia
2734 1968 3026 2055 receptos*

442 2072 633 2129 dicunt
659 2077 869 2128 Petrus
893 2073 1184 2129 Blesensis
1209 2076 1271 2145 (†
1297 2080 1453 2131 1200.
1484 2076 1572 2130 De
1594 2074 1752 2130 divis,
1784 2082 1841 2129 et
1876 2074 2065 2145 script.
2100 2074 2226 2129 libr.
2253 2078 2345 2139 8.),
2373 2081 2429 2127 et
2462 2078 2827 2143 Anonymus
2872 2066 3026 2125 eius-³

443 2159 575 2217 dem
600 2161 797 2218 aetatis
825 2164 946 2232 (Ep.
987 2161 1058 2216 ad
1096 2163 1319 2234 Hugon.
1351 2160 1422 2217 de
1466 2160 1633 2217 modo
1670 2169 1727 2217 et
1760 2160 1955 2217 ordine
1994 2160 2209 2232 legendi
2246 2160 2495 2230 Script.),
2523 2160 2658 2215 item
2698 2158 3010 2231 Aeqt'dius

441 2250 646 2305 Paris.
674 2254 744 2315 (c.
781 2254 935 2304 1180.
967 2249 1052 2303 De
1079 2264 1312 2304 numero
1337 2248 1461 2304 libr.
1493 2249 1571 2304 U.
1590 2250 1654 2303 T.
1692 2268 1716 2299 α
1754 2247 1859 2303 hos
1883 2249 2224 2304 authenticat
2246 2262 2378 2302 usus
2406 2246 2713 2317 Ecclesiae,
2742 2246 2891 2302 fidei
2918 2261 3008 2300 re-

444 2336 594 2408 gula,
625 2336 828 2406 scripta
857 2339 1084 2391 Patrum
1129 2341 1201 2405 υ),
1242 2340 1451 2391 Petrus
1490 2336 1560 2391 de
1600 2336 1755 2407 Riqa
1795 2341 1861 2402 (c.
1916 2342 2070 2391 1180.
2112 2339 2346 2391 Aurora.
2388 2334 2605 2407 Fragm.
2647 2340 2745 2404 5),
2794 2338 3012 2390 Petrus

445 2426 747 2480 Comestor
776 2425 839 2493 (1-
861 2430 1016 2480 1178.
1047 2424 1288 2479 Historia
1317 2422 1490 2480 schol.
1514 2421 1692 2477 Praef.
1725 2422 1779 2477 in
1806 2425 1987 2491 Iosue,
2020 2423 2112 2494 qui
2140 2421 2274 2478 dicit
2303 2444 2327 2472 α
2354 2438 2448 2477 eos
2468 2422 2837 2495 apocryphos
2864 2436 3026 2478 esse,¹

445 2510 572 2581 quia
591 2518 784 2567 auctor
805 2512 1093 2583 ignoratur
1121 2524 1333 2578 eorum,
1361 2510 1465 2565 sed
1491 2510 1867 2583 recipiuntur
1894 2512 1974 2565 ab
2004 2510 2288 2579 Ecclesia,
2318 2512 2468 2580 quia
2495 2510 2571 2565 de
2598 2513 2875 2566 veritate
2896 2496 3026 2561 non

447 2596 770 2655 dubitatur
795 2598 873 2670 n),
892 2601 950 2654 S.
971 2602 1174 2655 Petrus
1205 2597 1471 2654 Cluniae.
1503 2599 1566 2667 (†
1594 2603 1748 2653 1185.
1775 2598 1979 2652 Contra
2000 2596 2367 2665 Petrobmss.,
2398 2596 2490 2667 qui
2510 2597 2606 2662 εἰς,
2640 2598 2925 2669 quoniam
2950 2596 3026 2661 in¹

447 2685 602 2741 Novo
629 2688 694 2741 Τ.
730 2700 844 2740 non
873 2685 1195 2757 allegentur,
1223 2686 1494 2741 minorem
1518 2686 1881 2756 diqnitatem
1914 2684 2181 2752 attribuit,
2212 2683 2307 2738 sed
2333 2699 2429 2739 eos
2452 2704 2477 2735 α
2502 2690 2760 2754 propter
2786 2682 3026 2740 lauda-³

449 2774 627 2831 bilem
657 2791 731 2832 ac
754 2776 1266 2849 pernecessariam
1291 2774 1634 2830 doctrinam
1659 2768 1727 2825 ab
1753 2768 1997 2824 Ecclesia
2024 2767 2226 2837 suscipi
2252 2788 2277 2818 n
2314 2767 2518 2835 docet).

514 2865 665 2919 Rad.
697 2865 867 2921 Flac.
903 2866 965 2934 (†
997 2866 1173 2931 1155.)
1199 2860 1511 2933 Sapientiae
1537 2868 1592 2913 et
1622 2856 1789 2913 Eccli.
1819 2856 2205 2911 auctoritatem
2230 2856 2508 2923 attribuit,
2540 2854 2637 2911 sed
2662 2870 2802 2912 eam
2832 2854 2999 2918 negat
3025 2854 3026 2857 ’

450 2972 477 3001 α
505 2950 728 3019 Tobiae,
757 2950 966 3018 Iudith,
998 2949 1256 3007 Machab.
1285 2950 1456 3017 libris,
1479 2951 1594 3003 etsi
1620 2948 1707 3003 ad
1733 2949 2173 3002 instructionem
2196 2947 2496 3001 Ecclesiae
2524 2945 2825 3017 leqantur
2852 2964 2879 2993 υ
2916 2946 2995 3005 (ln

444 3039 617 3093 Levit.
651 3038 805 3093 XIV.
846 3037 1082 3106 Praef.);
1123 3042 1294 3108 Huqo
1335 3054 1378 3091 a
1421 3037 1478 3092 S.
1530 3038 1685 3092 Vici.
1737 3037 1800 3104 (†
1844 3022 2025 3099 1140.)
2072 3054 2099 3084 «
2144 3036 2295 3103 Sap.,
2328 3032 2520 3100 Eccli.,
2562 3031 2734 3101 Tob.,
2784 3028 2995 3088 Iudith,

446 3124 628 3181 Maeli.
661 3125 830 3179 libros
858 3125 968 3197 legi
993 3121 1238 3196 quidem,
1271 3122 1369 3179 sed
1403 3140 1520 3179 non
1548 3122 1732 3178 scribi
1771 3124 1836 3177 in
1863 3137 2082 3176 canone
2108 3142 2159 3187 n,
2191 3121 2274 3175 vel
2310 3140 2340 3171 ιι
2381 3122 2448 3175 in
2476 3136 2700 3176 canone
2724 3116 2994 3175 auctori·
3025 3130 3026 3133 ¹

446 3216 599 3269 tacis
637 3232 662 3263 n
697 3228 810 3267 non
837 3212 1010 3267 semel
1041 3211 1253 3279 asserit,
1285 3210 1461 3281 iisque
1489 3210 1579 3265 vix
1606 3210 1895 3276 maiorem,
1936 3223 2103 3279 quam
2133 3206 2289 3262 libris
2316 3209 2573 3275 Patrum,
2600 3206 2992 3264 auctoritatem

446 3299 636 3355 tribuit
659 3302 764 3367 (De
789 3298 1076 3369 scripturis
1101 3307 1158 3353 et
1184 3298 1371 3367 script.
1401 3312 1543 3352 sacr.
1568 3302 1654 3360 6.;
1686 3298 1769 3349 De
1798 3310 2031 3349 sacram.
2056 3292 2150 3350 fid.
2186 3296 2229 3349 1.
2259 3300 2322 3361 73
2348 3292 2519 3349 Erud.
2544 3293 2761 3350 didasc.
2788 3294 2889 3349 IV.
2915 3294 2989 3353 23³

445 3394 695 3443 loannes
722 3386 1018 3443 Sarisbcr.
1055 3384 1119 3457 (†
1151 3390 1350 3453 1180.),
1390 3404 1415 3433 α
1448 3384 1575 3456 quia
1614 3383 1685 3437 de
1711 3398 1945 3437 numero
1982 3382 2252 3437 librorum
2291 3380 2538 3435 diversas
2578 3390 2635 3436 et
2658 3378 2992 3451 multiplices

446 3475 744 3531 sententias
791 3473 940 3546 legit,
980 3471 1284 3529 catholicae
1325 3472 1600 3527 Ecclesiae
1646 3468 1931 3525 doctorem
1976 3470 2379 3540 Hieronymum
2423 3482 2692 3539 sequens,
2732 3482 2905 3540 quem
2942 3462 2992 3517 in
3025 3484 3026 3487 ¹

445 3562 817 3617 construendo
847 3561 1040 3617 literae
1065 3559 1425 3616 fundamento
1460 3556 1906 3629 probatissimum
1937 3555 2121 3622 habet,
2156 3554 2305 3609 duos
2342 3562 2400 3611 et
2424 3556 2642 3625 viqinti
2666 3555 2859 3611 libros
2886 3552 2986 3605 Ve-

447 3650 580 3706 teris
625 3651 773 3705 Test.
822 3650 877 3704 in
913 3650 1092 3705 tribus
1129 3646 1414 3704 ordinibus
1460 3644 1749 3701 distinctos
1776 3641 2153 3698 indubitanter
2180 3641 2355 3697 credit
2382 3662 2435 3710 n,
2468 3640 2990 3699 deuterocanonicos

447 3746 634 3793 tamen
663 3737 731 3793 ab
752 3737 992 3793 Ecclesia
1018 3755 1041 3788 α
1075 3737 1162 3808 pie
1191 3734 1464 3790 admissos
1491 3752 1517 3783 n
1551 3730 1804 3787 concedit
1830 3732 1951 3799 (Ep.
1990 3734 2089 3784 148
2117 3730 2190 3783 31.
2227 3732 2370 3793 172).
2406 3732 2456 3784 Α
2493 3746 2624 3785 vero
2675 3726 2987 3801 longissime

445 3825 722 3881 aberravit
749 3826 1034 3879 Notkemcs
1060 3822 1352 3879 Balbulus
1384 3822 1446 3890 (†
1473 3819 1623 3890 912.)
1655 3816 1727 3873 ad
1749 3816 1933 3873 Iunilii
1964 3815 2211 3873 Africani
2239 3814 2433 3885 placita
2463 3814 2579 3871 fere
2607 3816 2879 3873 accedens
2916 3818 2985 3865 at·

447 3929 554 3984 que
581 3913 890 3984 singulares
912 3912 1194 3982 mirasque
1219 3908 1505 3981 opiniones
1534 3903 1839 3961 venditam.

531 4126 626 4183 14.
661 4156 740 4165 —-
769 4122 1005 4181 Eadem
1036 4120 1493 4181 sententiarum
1539 4114 1873 4176 diversitas
1914 4113 2117 4172 tribus
2157 4112 2572 4187 sequentibus
2599 4112 2857 4172 saeculis
2894 4108 2973 4165 13.

451 4222 674 4279 1415.
711 4217 1100 4295 perduravit.
1139 4218 1406 4275 Tantum
1435 4228 1561 4272 non
1589 4212 1667 4270 ab
1699 4210 1992 4269 omnibus
2024 4207 2333 4283 theologis
2362 4208 2688 4285 antiquam
2717 4202 2973 4268 traditio-

447 4331 597 4373 nem
627 4315 692 4373 in
724 4313 900 4391 praxi
927 4328 1066 4373 esse
1094 4314 1404 4371 retentam
1437 4312 1627 4384 atque
1662 4306 1953 4365 omnibus
1986 4303 2310 4379 amplioris
2344 4304 2604 4362 canonis
2634 4304 2813 4365 libris
2842 4314 2977 4359 ean-

449 4407 595 4466 dem
609 4410 1046 4469 auctoritatem
1064 4424 1201 4467 esse
1216 4405 1604 4473 attributam,
1632 4401 1898 4461 docent'
1882 4400 2195 4459 innumeri
2214 4398 2549 4457 Bibliorum
2570 4400 2794 4459 codices
2812 4387 2975 4455 latini

451 4502 590 4561 istis
611 4504 874 4564 saeculis
894 4502 1258 4579 conscripti,
1280 4500 1389 4577 qui
1410 4502 1669 4559 cunctos
1690 4498 1887 4557 libros
1910 4496 2045 4555 sine
2066 4494 2198 4553 ulla
2218 4493 2625 4554 distinctione
2648 4492 2967 4555 continent.

451 4605 802 4659 correctoria
823 4604 1054 4673 omnia,
1085 4615 1243 4675 quae
1271 4594 1979 4659 deuterocanonicorum
2004 4607 2131 4649 non
2160 4590 2375 4650 minus
2406 4606 2598 4666 quam
2624 4595 2971 4671 protocano-
