3050 5184
1030 274 1103 316 »Β
1145 273 1370 316 mrtem
1411 273 1727 316 nnnnmca.
2569 255 2647 314 59

151 418 271 468 carm
299 403 484 459 durior
503 404 801 476 rudiorque
827 414 912 460 est
948 405 1256 460 aramaicae
1294 405 1669 474 pronuntiatio
1712 405 1783 459 ob
1822 403 2093 460 vocalium
2140 403 2491 472 raucitatem,
2520 415 2647 456 sua-

152 491 241 544 rior
274 489 484 546 arabica
535 491 608 547 ob
649 491 922 548 vocalium
964 489 1398 560 multitudinem,
1431 490 1691 547 hebraica
1736 499 1921 546 autern
1954 505 2175 547 sorores
2216 503 2343 545 suas
2390 489 2649 544 varietate

151 577 380 634 vocalium
405 587 652 650 superat.
681 580 920 636 rariores
957 586 1146 634 tamen
1182 578 1410 635 adhibet
1449 595 1617 650 quam
1644 578 1865 635 arabica
1908 577 2007 634 sed
2046 577 2449 650 frequentiores
2482 591 2648 646 quam

147 665 396 721 ammaim.
422 669 682 722 Ceterum
711 667 856 722 inter
882 675 1120 738 quatuor
1148 682 1337 724 ramos
1363 675 1520 722 tanta
1550 674 1633 722 est
1656 682 1827 738 quum
1863 668 1921 722 in
1952 665 2144 721 formis
2177 673 2300 720 tum
2326 666 2385 720 in
2408 661 2649 720 vocabu-

145 751 292 808 lorum
315 751 594 810 radicibus
619 753 886 818 al'finitas,
918 763 982 809 ut
1008 753 1158 811 haud
1181 769 1308 810 raro
1335 754 1573 810 aliarum
1600 755 1973 810 semiticarum
2000 753 2319 825 linguarum
2340 751 2649 824 proprieta-

146 847 208 893 tes
227 839 486 897 hebraicis
517 841 710 898 i'ormis
738 841 1128 912 vocabulisque
1157 841 1496 913 explicandis
1518 851 1633 898 non
1658 857 1857 913 parum
1881 841 2199 897 inserviant.

203 1045 250 1100 2.
275 1077 350 1086 —
373 1047 464 1104 De
496 1049 641 1104 ortu
675 1049 740 1106 et
776 1062 1112 1123 progressu
1156 1045 1404 1122 linguae
1443 1044 1771 1105 hebraicae
1814 1043 1973 1104 nihil
2014 1043 2171 1102 certi
2203 1046 2299 1102 est
2321 1040 2644 1101 traditum,

147 1137 580 1216 Quamprimum
611 1140 689 1201 ad
712 1141 910 1240 libros
939 1141 1307 1202 scribendos
1337 1144 1432 1202 est
1455 1141 1758 1212 adhibita,
1784 1140 1970 1217 plane
1998 1141 2127 1199 iam
2157 1143 2292 1200 erat
2319 1138 2563 1198 exculta
2588 1141 2651 1195 et

153 1235 407 1308 perfecta,
439 1241 638 1314 atque
663 1254 701 1296 a
729 1239 944 1314 Moyse
978 1254 1177 1314 usque
1207 1236 1283 1298 ad
1311 1237 1605 1297 exsilium
1635 1237 2089 1314 babylonicum
2132 1235 2354 1296 eadem
2382 1234 2514 1294 fere
2548 1249 2648 1292 re·-

157 1332 334 1390 mansit
369 1333 510 1393 eius
540 1334 817 1412 puritas;
851 1335 1048 1393 immo
1081 1333 1176 1393 illi
1209 1333 1579 1411 scriptoreS,
1614 1333 1719 1412 qui
1753 1333 1963 1410 paullo
1997 1336 2141 1410 post
2179 1331 2471 1392 exsilium
2510 1345 2647 1389 eam

161 1424 562 1503 adhibuerunt,
609 1430 714 1489 vix
759 1447 796 1489 a
841 1430 1430 1507 praedecessoribus
1467 1429 1597 1490 suis
1644 1429 1973 1500 differunt,
2014 1429 2169 1488 licet
2216 1428 2282 1487 in
2331 1427 2647 1487 nonnullis

161 1537 322 1582 eorum
354 1525 542 1586 libris
581 1525 1041 1603 frequentiores
1069 1527 1468 1603 reperiantur
1495 1526 1877 1585 aramaismi.
1904 1525 2213 1602 Tempore
2242 1525 2411 1583 enim
2441 1522 2647 1583 exsilii

153 1621 405 1680 ammaica
433 1621 654 1699 lingua
687 1639 726 1680 a
754 1621 998 1682 Iudaeis
1032 1623 1097 1681 in
1131 1639 1318 1683 usum
1357 1621 1800 1699 quotidianum
1832 1620 2027 1698 recipi
2065 1625 2287 1698 coepta
2326 1624 2423 1680 est
2459 1624 2649 1696 atque

153 1713 272 1774 inter
298 1717 564 1778 reduces
599 1705 978 1795 prdcedente
1010 1724 1300 1796 tempore
1340 1719 1429 1778 ita
1467 1718 1761 1790 invaluit,
1797 1722 1864 1779 ut
1897 1717 2191 1777 hebraica
2232 1716 2536 1776 oblivioni
2569 1716 2651 1775 sit

153 1807 273 1869 data.
306 1813 456 1874 Inde
490 1814 693 1892 igitur
721 1831 759 1873 a
785 1817 846 1872 4.
887 1815 987 1874 vel
1024 1816 1083 1874 3.
1123 1832 1286 1875 saec.
1329 1832 1384 1874 a.
1421 1815 1562 1875 Chr.
1597 1815 1867 1875 mortuis
1907 1814 2141 1892 linguis
2185 1812 2649 1873 adnumeranda

150 1911 240 2059 1esth
245 1906 562 2062 htebraica,
591 1927 753 2008 quare
779 1910 955 1971 velut
980 1910 1269 1989 liturgica
1312 1915 1559 1972 tantum
1597 1915 1661 1972 et
1692 1910 2063 1972 scholastica
2090 1928 2127 1970 a
2155 1909 2437 1969 rabbinis
2473 1907 2649 1968 adhi-

181 2016 206 2058 e
243 2020 272 2061 a
299 2023 386 2066 ur.

199 2133 498 2208 Pervulgata
515 2137 654 2192 olim
683 2136 784 2192 fuit
802 2137 1006 2208 opinio,
1031 2137 1350 2194 hebraicam
1369 2138 1617 2210 linguam
1642 2137 2125 2210 protoparentibus
2144 2153 2175 2192 a
2196 2140 2315 2192 Deo
2336 2135 2649 2192 immediate

149 2215 298 2276 datam
324 2233 444 2293 post
471 2223 858 2281 confusionem
881 2224 1195 2297 linguarum
1221 2225 1368 2281 inter
1402 2226 1643 2282 maiores
1670 2225 1955 2281 Abraham
1989 2225 2153 2280 fuisse
2183 2232 2568 2280 conservatam
2594 2232 2649 2278 et

150 2303 202 2356 ita
226 2308 468 2367 Israelitis
489 2313 896 2388 transmissam.
929 2315 1006 2367 At
1030 2311 1315 2368 Abraham
1343 2309 1411 2368 ex
1441 2315 1838 2385 Mesopotamia
1867 2313 1924 2369 in
1952 2313 2317 2369 Palaestinam
2342 2319 2646 2383 transgres-

149 2405 218 2444 sus
239 2411 346 2452 eam
371 2414 474 2469 pro
511 2399 690 2454 vicina
719 2416 817 2454 sua
857 2397 1091 2456 dialecto
1129 2401 1404 2456 aramaica
1430 2416 1461 2456 a
1486 2401 1830 2457 Chananaeis
1858 2399 2149 2472 adoptasse
2177 2401 2380 2456 rectius
2421 2399 2625 2454 dicitur

151 2477 200 2532 lu
221 2483 598 2556 Mesopotamia
637 2488 783 2542 enim
823 2487 1062 2558 vulgaris
1089 2497 1207 2542 erat
1235 2489 1510 2544 aramaica
1556 2504 1731 2559 eaque
1758 2487 2057 2544 utebantur
2084 2487 2387 2544 Abrahami
2415 2487 2643 2558 propin-

150 2567 246 2635 qui,
274 2573 356 2642 qui
385 2574 458 2649 ibi
497 2582 885 2630 remanserant
923 2577 1087 2642 (Gen.
1121 2580 1335 2643 31,47);
1366 2575 1423 2630 in
1451 2575 1759 2631 Palaestina
1788 2584 1973 2631 autem
2005 2574 2262 2631 hebraica
2292 2592 2405 2631 non
2431 2583 2647 2630 tantum

150 2665 173 2703 a
206 2659 393 2729 populis
419 2661 898 2733 consanguinitate
944 2677 1072 2717 cum
1115 2661 1400 2718 Abraham
1448 2663 1755 2718 coniunctis
1802 2663 2095 2729 (MoabitiS,
2124 2663 2482 2728 AmmonitiS,
2512 2659 2646 2715 Idu-

152 2744 318 2814 maeis),
344 2749 433 2804 sed
455 2765 485 2804 a
507 2749 737 2820 reliquis
765 2765 986 2822 quoque
1016 2749 1406 2818 adhibebatur,
1435 2749 1491 2805 id
1519 2750 1671 2822 quod
1698 2751 1922 2806 nomina
1952 2751 2173 2821 propria
2203 2749 2524 2810 Abrahamo
2552 2765 2645 2803 an-

151 2827 342 2898 tiquiora
364 2835 858 2908 inscriptionesquc
898 2837 1234 2894 Phoenicum
1269 2840 1695 2909 Poenorumque
1724 2839 2031 2893 luculenter
2068 2836 2468 2893 demonstrant.
2500 2836 2643 2904 QuIn

153 2911 280 2988 longo
303 2920 390 2977 illo
415 2932 690 2995 tempore,
727 2923 874 2996 quod
903 2925 972 2980 ab
996 2923 1320 2980 Abrahamo
1353 2925 1440 2980 vel
1462 2927 1647 2996 potius
1676 2941 1707 2980 a
1738 2927 1946 2998 Moyse,
1978 2925 2135 2980 cuius
2162 2925 2287 2980 libri
2328 2923 2643 2995 antiquissi-

152 3014 218 3056 ma
239 3017 352 3063 sunt
381 3011 602 3084 linguae
643 3010 938 3067 hebraicae
967 3011 1320 3080 documenta,
1354 3028 1529 3085 usque
1558 3013 1627 3068 ad
1658 3011 1889 3068 Esdram
1927 3011 2157 3080 effluxit,
2191 3013 2323 3067 satis
2360 3012 2565 3066 multas
2591 3021 2645 3066 et

153 3103 335 3162 magnas
359 3099 692 3154 mutationes
718 3099 968 3168 subierit,
998 3116 1111 3155 non
1135 3108 1221 3155 est
1243 3099 1503 3168 dubium3
1536 3109 1593 3155 at
1620 3115 1733 3155 non
1762 3115 1954 3156 omnes
1980 3099 2336 3167 mutationeS‚
2366 3113 2503 3170 quas
2525 3114 2641 3156 ser-

153 3189 222 3230 mo
244 3183 460 3255 uulgaris
485 3203 596 3242 usu
623 3186 942 3258 quotidiano
972 3187 1197 3258 patitur,
1227 3187 1284 3242 in
1311 3187 1466 3244 libris
1495 3187 1713 3258 scriptis
1743 3203 2008 3259 apparere
2038 3186 2244 3254 solent,
2277 3203 2447 3260 quare
2474 3186 2643 3242 etiam

156 3264 277 3322 exiis
298 3280 432 3328 certa
471 3282 532 3330 et
560 3275 829 3345 completa
860 3275 1089 3331 historia
1118 3276 1340 3348 linguae
1368 3275 1578 3331 hauriri
1609 3276 1817 3347 nequit.
1850 3275 2009 3344 Quod
2042 3276 2085 3329 si
2109 3274 2361 3330 nonnulli
2390 3273 2641 3330 moderni

155 3357 402 3414 seeundum
425 3371 782 3418 monumenta
810 3362 1088 3430 hebraica,
1117 3379 1261 3434 quae
1284 3373 1530 3432 exstant,
1562 3370 1677 3418 tres
1719 3372 2024 3434 quatuorve
2053 3363 2112 3418 in
2150 3361 2379 3417 historia
2421 3362 2640 3434 linguae

159 3433 394 3502 hebraicae
434 3447 688 3520 periodos
733 3451 1080 3518 (mosaicam,
1110 3449 1449 3518 davidicam,
1484 3450 1942 3522 [propheticam],
1974 3449 2273 3514 exsilicam>
2302 3449 2641 3519 distinguere

159 3525 320 3598 volunt,
347 3533 398 3589 id
435 3537 566 3592 satis
593 3537 888 3592 arbitrario
916 3537 1038 3592 fieri
1067 3554 1372 3594 censemus,
1407 3541 1550 3594 Nam
1576 3544 1661 3604 a.)
1696 3547 1811 3594 tam
1843 3539 2003 3609 pauci
2045 3545 2341 3608 supersunt
2370 3535 2496 3592 libri
2541 3537 2638 3592 he-

157 3607 306 3685 braici,
329 3629 386 3675 ut
410 3625 454 3678 si
480 3625 538 3679 in
568 3634 807 3696 quatuor
833 3626 966 3681 istas
999 3623 1257 3696 periodos
1288 3624 1708 3690 distribuantur,
1740 3627 1891 3682 nulla
1923 3626 2139 3680 ratione
2173 3626 2391 3694 copiam
2429 3623 2641 3680 forma-

161 3709 251 3755 tum
275 3719 590 3784 vocumque,
621 3727 762 3783 quae
800 3713 908 3768 illis
945 3714 1285 3784 temporibus
1313 3715 1369 3768 in
1413 3729 1516 3768 usu
1563 3713 1814 3780 suerunt,
1848 3714 2129 3769 continere
2158 3714 2397 3784 possint;
2431 3711 2642 3768 accedit

161 3793 318 3858 autem,
346 3797 484 3866 quod
507 3807 754 3870 tempus,
779 3816 890 3872 quo
937 3799 1100 3856 multi
1123 3799 1248 3856 libri
1277 3809 1406 3856 sunt
1450 3801 1681 3866 exarati,
1710 3800 2051 3873 ignoramus.
2081 3801 2158 3866 b.)
2196 3802 2487 3856 Praeterea
2526 3816 2639 3855 non

163 3883 344 3946 constat,
371 3901 498 3942 num
529 3886 656 3943 libri
703 3903 766 3942 ea
793 3885 852 3943 in
895 3887 1070 3944 forma
1112 3889 1222 3944 sint
1250 3889 1579 3957 conservati,
1608 3904 1717 3960 qua
1748 3904 1816 3944 ex
1845 3888 2177 3960 scriptorum
2206 3903 2375 3942 manu
2417 3886 2639 3957 prodie-

163 3969 279 4028 ‘llsst3
301 3983 416 4026 nam
442 3973 706 4045 quamdiu
729 3975 912 4047 lingua
946 3976 1129 4046 aliqua
1155 3977 1214 4031 in
1240 3975 1561 4047 quotidiano
1592 3992 1694 4031 usu
1724 3985 1825 4045 est,
1857 3975 2158 4040 librorum,
2190 3975 2286 4048 qui
2325 3974 2639 4045 frequenter

167 4039 383 4122 ¹³g¹¹ntur,
411 4067 590 4117 textus
615 4062 1050 4134 orthographiae
1081 4071 1136 4118 et
1163 4065 1555 4136 grammaticae
1584 4065 1927 4136 singularum
1956 4073 2197 4118 aetatum
2229 4061 2639 4117 accommodari

169 4137 476 4217 vocabulaque
503 4148 751 4206 obsoleta
781 4151 1163 4207 usitatioribus
1206 4151 1503 4219 permutari
1542 4151 1752 4219 solent,
1784 4151 1838 4206 id
1884 4150 2033 4223 quod
2060 4152 2119 4206 in
2160 4149 2375 4204 Veteris
2420 4164 2640 4220 quoque

167 4215 276 4278 Toet.
299 4227 434 4290 libris
459 4237 664 4292 factum
695 4254 846 4304 esse,
871 4239 1122 4309 exempla
1150 4254 1264 4293 non
1311 4255 1485 4310 pauca
1512 4238 1898 4295 demonstrant
1926 4237 2027 4306 (cfr
2068 4254 2154 4292 ex.
2195 4253 2277 4307 gr.
2309 4238 2397 4292 Ps.
2431 4243 2493 4292 17
2523 4237 2636 4309 [18]

169 4317 260 4398 “fun
279 4319 306 4367 2
325 4319 443 4394 Reg.
472 4331 561 4393 22,
583 4333 752 4396 atque
771 4333 955 4381 textus
981 4325 1181 4397 parali.
1209 4327 1266 4381 in
1285 4327 1345 4382 ll.
1371 4330 1589 4399 Regum
1608 4335 1665 4382 et
1688 4327 1969 4397 Paralip.).
1992 4329 2065 4391 ο.)
2086 4327 2263 4380 Porro
2286 4325 2635 4393 mutationeS,

171 4401 206 4442 ⁵¹
223 4409 332 4464 ‘ime
350 4404 516 4468 factae
536 4420 684 4482 sunt,
716 4413 967 4484 proxime
998 4413 1214 4469 vocales
1233 4415 1563 4488 attigerunt;
1595 4414 1748 4486 signa
1777 4422 1962 4468 autem
1991 4411 2267 4468 vocalium
2284 4411 2480 4468 eodem
2502 4421 2639 4468 tem-

177 4487 272 4541 1'01'0
286 4495 508 4554 omnihus
525 4501 731 4556 nostris
749 4499 905 4556 libris
932 4500 1204 4572 adscripta
1233 4509 1380 4566 sunt,
1409 4511 1706 4574 postquam
1727 4502 1911 4572 lingua
1933 4499 2185 4555 hebraica
2218 4500 2327 4555 iam
2350 4509 2469 4556 erat
2494 4516 2639 4556 mor-

175 4567 258 4622 tua·
280 4573 349 4643 d.)
373 4583 597 4643 Demum
623 4586 762 4643 illud
811 4603 1031 4660 quoque
1059 4588 1364 4644 notandum
1404 4598 1505 4655 est,
1538 4588 2004 4654 Pentateuchum‚
2038 4587 2178 4642 sicut
2214 4595 2389 4644 totam
2416 4588 2634 4644 Israeli-
