3050 5184
360 330 477 388 596
558 343 633 384 nr:
676 341 815 385 Νονι
857 341 1024 384 Τεετ.
1058 340 1250 383 uenis
1279 339 1631 383 mnAc'ricis.
1670 357 1744 366 —
1772 339 1902 383 cAP.
1950 340 2036 383 111.
2075 341 2148 384 m:
2177 339 2474 383 Emsroms
2511 335 2861 380 canonicis,

438 477 496 531 Ἰ.
528 507 607 516 -
636 473 761 534 VII.
791 475 880 533 De
907 489 1269 532 Aneumnmo
1302 489 1375 532 m·
1404 487 1694 531 nmsioxa
1729 487 2028 532 secenum
2065 487 2408 532 arisroma.
2441 467 2770 530 occasioni
2812 471 2870 524 et

361 571 468 630 fini
500 569 840 645 respondet
860 559 1162 646 epistolae
1178 571 1636 645 argumentum.
1667 569 1743 628 Ut
1768 567 2150 629 Christianos
2179 569 2348 627 enim
2379 568 2442 626 in
2470 567 2592 626 fide
2611 564 2872 624 retineat

361 670 425 725 et
468 667 749 726 infirmos
792 669 1007 724 contra
1053 663 1305 724 fraudes
1356 663 1765 724 seductorum
1800 665 2221 741 praemuniat,
2255 663 2588 741 Apostolus
2635 677 2766 722 una
2809 675 2878 718 ex

363 766 534 840 parte
564 763 657 822 eis
692 778 914 838 magna
937 761 1102 819 bona
1131 777 1244 839 per
1272 759 1588 820 Christum
1616 759 1804 820 allata
1833 765 1894 820 et
1934 763 2186 820 firmum
2217 760 2364 820 fidei
2401 758 2880 819 fundamentum

364 859 427 916 in
456 859 830 917 memoriam
869 860 1147 928 revocat,
1182 856 1375 915 altera
1403 872 1479 915 ex
1503 860 1676 933 parte
1707 860 2056 917 extremum
2089 856 2462 934 perditionis
2491 851 2846 933 periculum
2865 899 2878 914 .

364 954 463 1014 cui
493 953 853 1013 seductores
884 957 947 1011 et
972 952 1210 1012 seducti
1238 968 1373 1011 sese
1405 957 1745 1028 exponant,
1773 953 2049 1013 ostendit
2068 952 2461 1029 ludibriaque
2489 951 2599 1011 illa
2625 947 2877 1009 refutat.

364 1050 655 1126 quibus«
686 1049 971 1109 illusores
998 1071 1030 1104 »
1066 1048 1143 1108 ad
1182 1048 1672 1108 labefactandam
1711 1050 2174 1126 neophytorum
2217 1049 2408 1109 fidem
2445 1046 2877 1108 abutebantur.

370 1147 525 1205 ilinc
573 1145 729 1207 duae
769 1145 1071 1223 epistolae
1112 1149 1319 1222 partes
1352 1162 1365 1202 ε
1399 1145 1467 1204 in
1492 1149 1693 1222 priore
1731 1145 1994 1224 (1,3-21)
2027 1145 2532 1222 magnitudinem
2560 1143 2880 1204 donorum

365 1259 477 1318 per
504 1241 817 1302 Christum
842 1241 1175 1301 allatorum
1206 1241 1692 1317 firmitatemque
1713 1241 1859 1301 fidei
1885 1241 2254 1300 christianae
2281 1241 2550 1317 explicat
2571 1285 2586 1304 ,
2611 1239 2678 1299 in
2697 1236 2882 1297 altera

366 1336 693 1416 (2,1-3,13)
723 1338 1077 1417 neophytos
1104 1337 1182 1398 ab
1220 1337 1682 1398 haereticorum
1710 1337 1961 1414 placitis
1996 1338 2306 1397 absterret
2330 1341 2393 1396 et
2421 1341 2640 1396 contra
2671 1350 2880 1394 eorum

367 1434 617 1494 fraudes
642 1433 1015 1512 praemunit.

438 1557 568 1610 Post
592 1555 1029 1626 inscriptionem
1063 1558 1194 1620 (1,1.
1226 1553 1310 1624 2),
1336 1553 1394 1608 in
1424 1570 1532 1626 qua
1560 1563 1951 1626 argumentum
1979 1563 2034 1610 et
2063 1555 2236 1610 linem
2269 1555 2447 1610 innuit

439 1644 734 1713 Apostolus
778 1643 838 1696 in
884 1642 1085 1712 priore
1118 1645 1305 1712 parte
1352 1643 1585 1712 (1‚3-21)
1625 1641 1693 1696 de
1735 1641 2112 1713 magnitudine
2157 1639 2432 1697 donorum
2477 1640 2680 1697 Christi
2721 1647 2780 1694 et
2823 1638 2886 1691 de

370 1729 633 1784 firmitate
659 1729 788 1784 fidei
819 1728 1153 1784 christianae
1176 1728 1307 1800 agit.

439 1816 637 1872 Omnia
664 1816 813 1870 enim
840 1814 999 1870 nobis
1024 1814 1177 1871 dedit
1202 1815 1473 1880 ChristuS,
1497 1831 1641 1886 quae
1666 1815 1733 1872 ad
1758 1817 2238 1887 supernaturalem
2262 1818 2428 1872 vitam
2458 1815 2760 1887 pertinent,
2797 1812 2882 1866 di-

374 1902 529 1958 vinae
554 1918 684 1958 suae
711 1910 941 1957 naturae
972 1917 1075 1956 nos
1103 1901 1393 1973 participes
1419 1900 1689 1968 reddens,
1721 1903 1845 1958 ideo
1873 1919 1974 1958 nos
2005 1919 2070 1958 ex
2105 1911 2296 1959 nostra
2326 1911 2481 1975 parte
2510 1903 2568 1957 in
2595 1900 2884 1956 virtutibus

372 2005 617 2046 crescere
646 1989 936 2056 debemuS,
970 1989 1169 2061 quibus
1196 1996 1405 2045 certam
1442 1987 1722 2044 reddimus
1751 1991 2096 2046 vocationem
2123 2000 2372 2046 nostram
2415 1993 2663 2056 (ha-15).
2705 1990 2888 2043 Firmo

372 2086 559 2133 autem
588 2076 947 2134 fundamento
984 2077 1236 2134 innititur
1261 2074 1399 2131 fides
1434 2084 1622 2131 nostra
1652 2076 1720 2132 de
1756 2077 1946 2132 futuro
1981 2077 2178 2134 Christi
2217 2077 2482 2144 adventu,
2515 2085 2789 2148 quatenus
2816 2075 2882 2129 ad

372 2164 749 2220 testimonium
794 2164 1073 2235 Apostoli,
1116 2163 1211 2234 qui
1255 2163 1457 2218 Christi
1500 2162 1936 2235 magnitudinem
1975 2165 2032 2220 in
2071 2165 2555 2236 transfiguratione
2597 2164 2882 2234 spectavit,

373 2250 639 2307 accedunt
669 2251 923 2306 vaticinia
951 2267 1048 2322 per
1076 2250 1341 2321 Spiritum
1367 2253 1421 2306 S.
1455 2251 1510 2306 in
1541 2251 1739 2307 Vetere
1766 2254 1916 2307 Test.
1949 2251 2078 2308 data
2107 2254 2398 2320 (me-21).

442 2345 512 2394 In
541 2339 741 2394 altera
762 2343 932 2410 parte
960 2342 1250 2406 (2,1-3,13)
1280 2337 1620 2394 Christianos
1649 2339 1993 2410 exhortatur,
2025 2348 2087 2394 ut
2111 2338 2182 2395 ab
2209 2339 2501 2395 haereticis
2533 2346 2786 2395 caveant.

441 2430 713 2482 Doctores
747 2423 916 2481 falsos
952 2425 1011 2480 in
1048 2427 1202 2482 Novo
1240 2424 1461 2497 quidem
1492 2425 1737 2482 Foedere
1766 2426 1884 2483 sore
1908 2431 1984 2494 (et
2013 2428 2146 2498 esse)
2177 2425 2364 2494 docet3
2397 2425 2498 2482 sed
2521 2435 2740 2483 eertum
2762 2440 2878 2482 esse

374 2529 568 2570 eorum
605 2511 916 2582 interitum,
959 2512 1085 2584 quia
1128 2513 1427 2567 Dominum
1467 2521 1673 2586 negent
1712 2522 1768 2569 et
1803 2515 2140 2570 Christianos
2183 2513 2401 2570 luxuria
2446 2529 2544 2569 sua
2589 2513 2882 2569 seducant.

374 2599 612 2658 ostendit
638 2599 901 2671 exemplis
922 2615 1227 2671 poenarum
1258 2616 1287 2654 a
1318 2601 1435 2655 Deo
1464 2600 1600 2655 olim
1621 2601 1954 2657 inflictarum
1981 2602 2212 2672 (2,1-6);
2245 2617 2438 2656 eorum
2466 2601 2638 2672 igitur
2660 2601 2890 2656 societa-

372 2700 487 2745 tem
519 2688 713 2756 fugere
745 2686 947 2743 debent
974 2685 1301 2754 Christiani,
1334 2703 1400 2741 ne
1428 2687 1535 2757 ipsi
1563 2703 1784 2759 quoque
1819 2688 2135 2760 gravissime
2163 2689 2463 2759 puniantur
2491 2690 2756 2759 (aa-11).
2787 2689 2890 2742 Fu-

376 2782 489 2831 sius
516 2774 717 2830 deinde
745 2763 1247 2845 pseudodoctorum
1275 2773 1440 2828 vitam
1478 2773 1738 2830 describit
1773 2775 2204 2832 abominandam
2235 2777 2500 2846 (2,ι2-22)
2541 2775 2886 2846 ludibriaque

375 2863 607 2932 refutat,
636 2861 835 2933 quibus
867 2859 1115 2916 futurum
1143 2859 1405 2915 iudicium
1435 2860 1668 2916 irrident
1695 2863 1942 2933 (3‚1-13).

445 2955 510 3006 In
538 2951 765 3022 epiloqo
796 2955 1065 3015 (3,14-18)
1088 2964 1182 3002 eos
1206 2957 1419 3016 monet,
1446 2957 1507 3003 ut
1531 2959 1778 3004 sanctam
1803 2950 1972 3006 vitam
1989 2959 2215 3023 agentes
2237 2960 2488 3021 tempore
2512 2950 2616 3006 sibi
2636 2965 2894 3006 concesso

376 3037 446 3093 ad
483 3037 716 3092 salutem
746 3034 1083 3106 operandam
1109 3034 1412 3090 secundum
1443 3036 1596 3091 Pauli
1621 3038 1831 3092 monita
1861 3045 2087 3093 utantur
2109 3052 2255 3094 neve
2277 3053 2395 3093 sese
2421 3037 2479 3092 in
2507 3052 2734 3094 errores
2753 3035 2898 3092 trahi

375 3126 577 3181 sinant.

452 3277 511 3335 8.
545 3307 622 3316 —-
649 3275 803 3333 vm.
838 3275 1196 3333 Aurnewrm
1221 3289 1523 3334 saeuitum
1553 3289 1875 3334 EPtsTOLAE
1903 3276 2298 3353 paucioribus
2327 3274 2592 3352 quidem
2635 3275 2896 3336 Patrum

374 3369 755 3432 testimoniis
784 3370 1206 3442 confirmatur,
1236 3371 1382 3446 quia
1418 3370 1740 3431 nonnullis
1768 3372 2052 3432 ecclesiis
2077 3371 2314 3432 tardius
2354 3371 2662 3444 innotuit,
2695 3377 2762 3430 at
2796 3387 2898 3442 ea,

376 3483 533 3544 quae
560 3469 828 3538 exstant,
858 3465 1234 3541 prudentem
1263 3465 1719 3527 dubitationem
1745 3485 1869 3526 non
1893 3469 2276 3546 relinquunt,
2307 3467 2684 3546 praesertim
2703 3481 2901 3544 quum

377 3562 523 3622 inde
553 3562 629 3621 ab
661 3565 925 3622 exeunte
957 3578 1119 3620 saec.
1155 3563 1210 3621 3.
1246 3579 1549 3623 consensu
1581 3564 1900 3625 communi
1929 3565 2151 3639 intota
2181 3565 2454 3624 Ecclesia
2479 3563 2756 3640 epistola
2789 3578 2898 3639 pro

374 3658 643 3737 genuino
674 3657 842 3717 Petri
873 3674 1060 3734 opere
1093 3657 1174 3716 sit
1198 3662 1475 3737 recepta,
1508 3677 1712 3736 neque
1741 3660 1905 3721 ullus
1927 3677 2004 3720 ex
2031 3661 2327 3738 antiquis,
2361 3660 2470 3737 qui
2501 3677 2644 3720 eam
2676 3675 2904 3736 cogno-

374 3758 632 3826 verunt,
672 3771 811 3813 eam
840 3753 1277 3829 repudiaverit.

444 3879 509 3930 ln
548 3875 1008 3943 apostolicorum
1052 3879 1301 3930 Patriam
1340 3877 1598 3946 operibus
1637 3891 1836 3947 paucas
1877 3885 2094 3932 tantum
2137 3885 2192 3933 et
2229 3877 2380 3932 leves
2421 3877 2722 3934 allusiones
2765 3875 2837 3931 ad
2875 3881 2904 3928 2

375 3967 521 4019 Petr.
570 3962 805 4016 inveniri
850 3961 1109 4016 fatemur.
1159 3967 1421 4019 Attamen
1466 3965 1599 4035 quin
1645 3967 1702 4020 S.
1749 3965 2067 4020 Barnabas
2109 3980 2234 4020 eam
2288 3965 2638 4038 cognoverit,
2685 3965 2780 4020 vix
2825 3971 2906 4018 est

372 4049 606 4105 dubium
628 4049 700 4114 (S.
730 4053 920 4105 Bam.
952 4053 1035 4104 15.
1071 4046 1133 4101 ‘fl
1160 4049 1256 4120 γὰρ
1282 4049 1440 4120 ἡμέρα
1468 4049 1590 4121 παρ’
1617 4050 1751 4122 αὐτῷ
1779 4052 1870 4121 (sc.
1903 4057 1973 4123 τῷ
1999 4053 2168 4122 κυρίῳ)
2197 4051 2339 4123 χίλια
2369 4052 2454 4119 ἔτη
2481 4051 2732 4123 proxime
2757 4064 2904 4106 acce·

374 4137 455 4192 dit
486 4135 558 4190 ad
578 4141 613 4190 2
641 4140 791 4192 Petr.
824 4143 945 4206 3‚8;
976 4152 1203 4208 prorsus
1231 4137 1417 4194 differt
1445 4143 1538 4193 Ps.
1573 4143 1750 4208 89,4);
1777 4139 1961 4194 minus
1988 4149 2136 4195 certa
2169 4149 2252 4195 est
2281 4140 2476 4195 allusio
2509 4143 2564 4196 S.
2603 4139 2906 4196 Clementis

374 4229 537 4278 Rom.
570 4223 614 4292 (1
643 4224 769 4279 Cor.
807 4230 866 4280 11
898 4223 982 4280 cfr
1008 4231 1041 4280 2
1070 4229 1223 4281 Petr.
1248 4227 1450 4298 2,7-9),
1474 4225 1603 4282 licet
1629 4227 1942 4297 exemplum
1966 4229 2073 4282 Lot
2097 4227 2292 4282 eadem
2319 4229 2550 4294 ratione,
2579 4243 2688 4299 qua
2715 4229 2774 4282 S.
2803 4227 2906 4280 Pe-

374 4319 495 4365 trus
530 4307 819 4375 adhibeat;
857 4313 1066 4367 maiore
1102 4328 1228 4368 cum
1257 4313 1374 4369 iure
1410 4322 1594 4369 autem
1622 4315 1681 4369 S.
1713 4315 2067 4385 Polycarpus
2097 4314 2248 4370 velut
2275 4315 2430 4370 testis
2457 4311 2707 4381 affertur,
2732 4325 2906 4384 quum

378 4397 805 4467 primogenitum
829 4408 1053 4454 satanae
1079 4410 1238 4456 vocet
1262 4417 1389 4456 eum
1405 4443 1420 4469 ,
1446 4402 1541 4472 qui
1567 4400 1732 4456 verba
1759 4401 1981 4456 Domini
2013 4401 2099 4457 ad
2125 4401 2425 4457 desideria
2454 4419 2566 4456 sua
2599 4398 2904 4457 traduxerit

378 4481 688 4555 dixeritque
714 4501 817 4540 nec
842 4488 1303 4542 resurrectionem
1326 4503 1424 4543 nec
1446 4487 1745 4544 iudicium
1769 4504 1888 4543 esse
1912 4486 2005 4554 (ad
2028 4489 2168 4544 Phil.
2200 4496 2233 4544 7
2261 4489 2347 4544 cfr
2369 4496 2400 4544 2
2433 4493 2590 4544 Petr.
2619 4495 2710 4552 3,3
2733 4501 2902 4558 sqq.·.

380 4568 563 4624 Medio
591 4586 734 4624 saec.
782 4579 833 4627 2.
867 4574 1031 4630 certis
1058 4574 1289 4630 testibus
1313 4576 1433 4630 iure
1460 4574 1897 4631 adnumerantur
1923 4577 2018 4633 SS.
2050 4577 2308 4632 lustinus
2351 4581 2429 4632 M.
2475 4583 2543 4642 (c.
2589 4575 2797 4647 Tryph.
2839 4577 2912 4625 82
3018 4557 3019 4562 ἵ

380 4652 465 4708 cfr
500 4659 531 4708 2
578 4659 728 4711 Petr.
776 4661 890 4732 2,1)
934 4668 990 4715 et
1036 4660 1381 4732 Theophilus
1412 4666 1552 4719 Aut.
1599 4660 1688 4733 (ad
1717 4663 1904 4719 Autol.
1941 4665 2014 4719 11.
2053 4668 2088 4719 9
2115 4663 2198 4719 cfr
2225 4670 2258 4718 2
2289 4668 2446 4720 Petr.
2483 4670 2633 4732 1,21;
2665 4667 2721 4719 et
2755 4663 2830 4716 Π.
2873 4663 2910 4711 3
