3050 5184
555 342 632 385 DE
675 340 1128 386 ALEXANDRINAE
1169 338 1482 385 VERSIONIS
1521 340 1766 387 ORIGINE
1807 344 1883 387 ET
1926 345 2164 390 INDOLE.
2592 332 2672 393 83

133 492 314 551 quam
342 474 552 535 libero
602 474 1058 553 interpretandi
1105 490 1335 551 genere
1386 491 1606 535 omnes
1657 476 1751 535 usi
1794 482 1966 549 sunt,
1998 482 2061 537 at
2097 478 2387 557 religioni
2422 479 2513 539 eis
2542 496 2669 539 non

135 572 238 631 luit
285 572 615 633 vocabulis
646 572 918 650 propriis
965 569 1436 648 euphemismos
1483 573 1895 644 substituere,
1934 575 2665 653 anthropomorphismos

129 669 386 741 auferre,
419 669 684 730 verbula
706 668 1016 747 quaedam
1048 667 1482 745 explicationis
1511 670 1710 746 gratia
1737 670 2016 731 inserere
2042 676 2162 732 etc.

185 790 468 845 Omnibus
493 790 554 845 in
592 790 780 861 libris,
810 789 872 848 id
907 788 1057 862 quod
1083 787 1248 845 facile
1286 789 1636 862 intelligitur,
1677 792 2117 849 constructiones
2156 792 2447 851 hebraicae
2483 793 2661 850 abun-

126 877 280 945 dant;
313 878 374 934 in
400 877 690 935 nonnullis
715 887 906 935 autem
935 878 1113 934 versio
1140 885 1432 949 tantopere
1460 878 1767 949 liebraizat,
1799 889 1861 936 ut
1887 889 2044 936 textu
2074 880 2331 937 hebraico
2368 898 2483 938 non
2510 880 2668 937 adhi-

125 967 232 1021 bito
259 967 352 1021 vix
379 966 748 1039 intelligatur.
777 966 1025 1023 Puritate
1043 965 1264 1037 linguae
1285 973 1342 1021 et
1367 964 1634 1022 fidelitate
1654 966 1899 1039 reliquos
1926 968 2099 1025 libros
2126 978 2349 1040 superat
2376 972 2666 1027 Pentateu-

123 1054 254 1109 ehus
299 1052 406 1121 (Cf.
441 1056 500 1111 S.
543 1057 716 1111 Hier.
746 1055 972 1122 Quaest.
1015 1052 1075 1109 in
1102 1054 1245 1110 Gen.
1293 1052 1525 1123 Prael'.)‚
1560 1054 1813 1111 infimum
1858 1056 2041 1111 locum
2076 1065 2229 1113 tenet
2275 1057 2661 1127 EcclesiasteS,

123 1142 272 1197 euius
293 1142 576 1215 interpres
603 1142 890 1199 vocabulis
918 1132 1190 1197 hebraicis
1219 1140 1510 1198 dumtaxat
1536 1142 1819 1199 substituit
1845 1160 2043 1217 graeca
2078 1144 2311 1201 retentis
2349 1144 2662 1215 particuIiS,

125 1246 256 1301 quae
281 1238 486 1301 utpote
513 1246 648 1287 casu
674 1246 874 1303 graeco
911 1237 1006 1285 aut
1031 1229 1438 1286 constructione
1483 1230 1601 1286 iam
1626 1247 1915 1303 expressae
1956 1232 2267 1289 necessario
2310 1240 2471 1288 erant
2508 1232 2666 1289 omit-

127 1318 316 1373 lendae
335 1320 378 1374 ¹.
411 1318 710 1374 Librorum
738 1316 1128 1374 historicorum
1145 1358 1158 1385 ,
1195 1325 1386 1387 utpote
1418 1316 1727 1374 faciliorum
1748 1362 1761 1388 ‚
1791 1320 1969 1375 versio
1999 1320 2224 1391 propius
2266 1318 2338 1376 ad
2376 1323 2666 1375 Pentateu-

126 1408 280 1460 chum
323 1406 576 1473 accedit3
607 1406 829 1479 longius
871 1405 1164 1461 Ezechiele
1201 1414 1430 1477 excepto
1471 1407 1542 1462 ab
1580 1406 1779 1463 eodem
1824 1407 2091 1463 recedunt
2136 1408 2475 1479 prophetici,
2520 1408 2666 1463 inter

132 1510 249 1564 quos
279 1495 464 1551 Isaias
491 1509 722 1567 graecus
749 1508 948 1566 graeco
973 1493 1337 1549 Ecclesiastae
1362 1494 1647 1550 interdum
1676 1494 1873 1551 similis
1901 1504 2013 1565 est3
2036 1495 2284 1552 Danielis
2311 1496 2451 1552 liber
2478 1503 2663 1551 autem

133 1592 224 1639 tam
251 1598 462 1653 pamm
489 1580 732 1637 fideliter
756 1582 1056 1637 translatus
1082 1588 1221 1648 erat,
1253 1590 1314 1635 ut
1341 1582 1585 1637 Ecclesia
1623 1598 1752 1638 eum
1780 1583 1839 1638 in
1866 1578 1969 1638 usu
1997 1583 2239 1639 retinere
2269 1582 2513 1639 noluerit
2540 1598 2663 1639 ver-

135 1672 270 1727 sione
297 1668 712 1727 Theodotionis
749 1673 802 1737 (§
839 1669 956 1741 9,3)
986 1668 1270 1741 adoptata.
1301 1671 1454 1725 Inter
1489 1670 1737 1741 poeticos
1774 1669 1946 1727 libros
1982 1671 2201 1727 excellit
2239 1670 2665 1727 proverbiorum

129 1760 440 1827 translatio,
473 1773 582 1829 qua
612 1758 776 1830 longe
803 1756 1034 1814 inferior
1059 1765 1145 1813 est
1172 1772 1401 1829 graecus
1429 1757 1551 1825 Iob,
1581 1758 1641 1813 in
1679 1774 1789 1829 quo
1816 1758 2021 1829 multa,
2056 1757 2197 1815 l'orte
2226 1759 2355 1831 quia
2396 1758 2464 1814 ab
2490 1759 2663 1815 inter-

127 1857 266 1915 prete
293 1862 416 1903 non
443 1846 918 1918 intelligebantur,
949 1852 1080 1901 sunt
1105 1843 1327 1900 omissa.
1358 1876 1430 1885 —
1457 1846 1514 1901 S.
1547 1847 1943 1917 Hieronymus
1978 1844 2068 1913 (ad
2096 1844 2418 1903 Pammach.
2452 1862 2539 1917 ep.
2570 1852 2660 1913 57,

125 1940 168 1989 6.
195 1940 248 2001 7]-
271 1936 617 2006 interpretes
653 1932 1046 1989 alexandrinos
1076 1932 1289 1997 laudat,
1329 1933 1456 2005 quia
1483 1949 1598 1989 non
1634 1934 1823 1989 literas
1862 1933 2208 2007 syllabasque
2254 1933 2515 2005 aucupati
2554 1933 2666 1990 sint

123 2023 206 2078 sed
233 2022 550 2079 sententias
577 2020 930 2094 dogmatum,
960 2029 1126 2092 atque
1155 2020 1396 2093 quadam
1423 2037 1551 2076 cum
1580 2021 1831 2077 libertate
1850 2021 2025 2078 libros
2047 2037 2234 2077 sacros
2258 2037 2454 2095 graece
2481 2021 2663 2078 reddi·

123 2110 307 2167 derint.
343 2114 622 2165 Attamen
649 2109 781 2165 licet
807 2125 919 2165 non
960 2124 1153 2165 omnes
1193 2107 1390 2164 eadem
1430 2124 1560 2164 cum
1596 2109 1925 2179 servilitate‚
1960 2125 2067 2183 qua
2098 2110 2459 2165 Ecclesiastae
2486 2110 2663 2165 inter-

125 2214 232 2266 pres
259 2214 402 2254 usus
429 2206 536 2263 est,
569 2195 852 2253 vocabulis
880 2196 1214 2269 syllabisque
1241 2194 1601 2265 inhaeserint,
1634 2197 1884 2253 omnium
1919 2196 2190 2255 librorum
2221 2197 2398 2254 versio
2429 2196 2664 2253 verbalis

122 2287 292 2356 potius
321 2302 504 2359 quam
530 2285 707 2341 libera
735 2283 968 2341 dicenda
995 2293 1105 2353 est,
1138 2282 1286 2340 unde
1305 2284 1386 2352 fit,
1420 2292 1482 2339 ut
1506 2300 1576 2340 ex
1602 2284 1699 2341 illa
1725 2292 1911 2341 textus
1939 2284 2254 2355 hebraicus,
2303 2286 2398 2358 qui
2425 2287 2661 2341 transla-

121 2384 196 2429 tus
217 2384 326 2439 ost,
359 2373 613 2429 maxima
639 2389 768 2429 cum
791 2372 908 2428 veri
935 2372 1294 2428 similitudine
1323 2371 1434 2428 l'ere
1463 2371 1670 2445 ubique
1694 2381 2075 2445 cognoscatur.
2110 2376 2174 2429 In
2199 2389 2265 2430 eo
2292 2382 2481 2430 tamen
2504 2373 2663 2430 liber·

119 2472 218 2518 tate
237 2464 434 2534 aliqua
461 2462 552 2516 usi
579 2469 728 2531 sunt,
762 2459 913 2533 quod
937 2460 1230 2533 diligenter
1249 2474 1314 2516 ea
1343 2468 1720 2529 removerent,
1752 2477 1895 2532 quae
1920 2462 2066 2517 male
2093 2462 2375 2518 intellecta
2405 2460 2663 2518 scandalo

117 2552 270 2606 alicui
293 2565 426 2606 esse
455 2557 760 2621 potuerunt
788 2569 800 2603 :
826 2548 958 2604 hinc
975 2548 1285 2619 explicatur
1305 2556 1597 2620 troporum
1628 2557 1683 2605 et
1710 2549 2458 2622 anthropomorphismorum
2487 2560 2663 2623 muta-

117 2641 203 2707 tio,
235 2638 766 2711 euphemismorum
792 2645 900 2693 etc.
933 2652 1091 2705 usus,
1124 2635 1324 2708 quibus
1359 2635 1835 2709 interpretationis
1868 2637 2111 2694 fidelitas
2138 2655 2249 2694 non
2277 2638 2516 2695 laeditur
2534 2640 2577 2695 ¹.

185 2822 247 2878 3.
276 2850 364 2861 -
394 2816 606 2887 Quum
633 2832 759 2875 non
787 2815 1075 2875 obstante
1105 2832 1333 2893 magna
1371 2815 1703 2889 fidelitate,
1738 2833 1859 2894 qua
1888 2815 2295 2877 Alexandrini
2338 2817 2532 2876 libros
2572 2834 2665 2877 sa·

121 2932 248 2975 cros
283 2916 650 2987 verterunt,
702 2929 890 2989 quam
932 2912 1250 2989 plurimae
1297 2912 1462 2972 inter
1507 2916 1752 2973 textum
1800 2912 2319 2974 massorethicum
2371 2914 2661 2991 interque

123 3028 412 3088 graecum
440 3008 654 3069 adsint
673 3008 1068 3069 differentiae
1089 3055 1104 3082 ‚
1128 3007 1631 3069 concludendum
1662 3013 1786 3081 est,
1812 3026 1919 3069 eos
1939 3012 2189 3070 textum
2208 3010 2664 3088 primigenium

125 3109 196 3166 ab
231 3107 544 3167 hodierno
582 3104 735 3165 satis
774 3103 1096 3165 diversum
1133 3120 1281 3182 prae
1322 3106 1615 3165 manibus
1652 3105 1971 3167 habuisse.
2016 3108 2165 3167 Uter
2202 3112 2413 3167 autem
2456 3111 2667 3168 textus

127 3204 421 3280 praeferri
452 3206 796 3275 mereatur,
829 3202 895 3261 in
935 3217 1164 3281 genere
1203 3200 1453 3262 definiri
1493 3219 1622 3262 non
1664 3207 1909 3279 potest,
1944 3202 2053 3263 sed
2094 3203 2359 3281 singulis
2390 3203 2665 3264 inlibris

131 3301 512 3378 singulisque
541 3299 608 3358 in
635 3299 790 3359 locis
820 3297 1278 3375 discrepantiae
1306 3298 1570 3376 reliquis
1609 3299 2005 3361 versionibus
2036 3300 2101 3359 in
2136 3301 2448 3361 auxilium
2480 3300 2665 3360 adhi-

135 3396 274 3455 bitis
299 3395 750 3475 ponderandae
781 3399 844 3455 et
872 3393 1222 3455 secundum
1251 3396 1493 3473 regulas
1527 3396 1778 3456 criticas
1808 3395 2249 3457 diiudicandae
2281 3402 2445 3457 sunt.

197 3508 648 3565 Differentiamm
674 3524 778 3564 nec
805 3507 1002 3564 eadem
1028 3516 1112 3563 est
1129 3506 1430 3564 multitudo
1457 3524 1561 3564 nec
1581 3508 1775 3565 eadem
1796 3510 2035 3582 gravitas
2052 3511 2110 3565 in
2133 3510 2391 3567 omnibus
2411 3511 2587 3579 libris,
2610 3520 2669 3567 at

143 3598 306 3653 nullus
323 3607 424 3663 est,
449 3597 508 3653 in
529 3612 640 3668 quo
663 3595 976 3668 frequentes
1001 3611 1115 3672 non
1143 3597 1272 3652 sint.
1300 3596 1515 3652 Omissa
1548 3598 1799 3653 Danielis
1820 3599 2069 3653 versione
2090 3598 2475 3669 alexandrina,
2502 3593 2670 3672 quam

143 3685 435 3756 repudiavit
462 3684 738 3753 Ecclesia,
763 3684 1024 3741 Ieremias
1053 3698 1282 3757 graecus
1311 3700 1442 3756 prae
1479 3685 1679 3741 ceteris
1715 3702 1747 3741 a
1792 3686 2190 3742 massorethico
2217 3695 2375 3743 textu
2413 3687 2667 3744 dissentit

193 3870 368 3931 (0131.
407 3883 484 3933 gr.
517 3870 691 3919 Eccle.
720 3871 830 3927 2,ss
859 3870 940 3919 καὶ
981 3870 1194 3929 ἐμίσησα
1228 3870 1317 3920 σὺν
1349 3866 1478 3943 (nl-2²)
1507 3872 1593 3931 τὴν
1625 3872 1749 3929 ζωήν
1788 3870 1865 3921 cfr
1894 3876 2022 3927 3.11.
2058 3875 2141 3933 173
2175 3876 2257 3935 4‚5
2285 3875 2413 3935 εἴας
2441 3876 2550 3931 7,27
2580 3874 2661 3922 καὶ

147 3968 322 4028 εὑρίσκω
343 3970 498 4025 αὐτὴν
517 3965 794 4032 πικρότερον
819 3967 937 4031 ὑπὲρ
959 3967 1158 4016 Θάνατον
1183 3968 1272 4018 σὺν
1291 3970 1378 4027 τὴν
1401 3976 1607 4028 γυναῖκα
1627 3970 1729 4027 ἥτις
1748 3969 1851 4018 ἐστὶ
1869 3969 2137 4031 θηρεύματα
2157 3972 2237 4019 καὶ
2262 3976 2465 4033 σαγῆναι
2488 3970 2662 4034 καρδία

145 4048 264 4107 ι-ὶπῆς
293 4052 401 4099 ιτλ.
442 4046 728 4105 Nonnullae
747 4046 978 4109 phrases,
1007 4046 1158 4096 sicuti
1186 4053 1264 4105 2,2
1294 4050 1346 4097 et
1369 4046 1588 4106 similes,
1622 4061 1724 4096 non
1763 4048 1992 4099 adhibito
2016 4052 2157 4099 textu
2183 4048 2419 4099 hebraico
2448 4048 2661 4111 intelligi

144 4132 392 4190 nequeunt.

195 4216 252 4275 {221
275 4214 840 4279 Anthropomorphismi
868 4213 1025 4265 ablati
1051 4229 1129 4264 ex.
1156 4229 1215 4279 gr
1243 4232 1255 4263 ε
1281 4214 1456 4265 Exod.
1493 4220 1599 4275 15,3
1636 4191 1863 4293 ΠὩζΙῖἿΒ
1892 4207 2019 4291 τύῖζξ
2050 4209 2185 4287 ΠἿΠἹ
2220 4218 2386 4279 Κύριος
2404 4217 2661 4278 συντρίὸων

141 4324 350 4382 πολέμους
387 4323 460 4383 (S.
497 4320 636 4371 Hier.
672 4337 684 4369 ε
725 4320 972 4370 Dominus
1001 4323 1158 4385 quasi
1199 4320 1260 4384 [l]
1302 4320 1382 4370 vir
1414 4321 1709 4384 pugnator);
1745 4326 1851 4379 19,3
1883 4324 2078 4385 Moyses
2106 4322 2331 4371 ascendit
2362 4298 2555 4371 0757&
2584 4298 2660 4373 ΒΝ

143 4410 199 4463 εἰς
217 4410 274 4459 τὸ
293 4411 422 4475 ὅρος
445 4414 538 4459 τοῦ
561 4412 718 4467 Θεοῦ;
744 4413 858 4469 21,6
881 4422 1059 4459 servus
1083 4408 1368 4458 adducatur
1389 4385 1585 4459 02³5&
1614 4385 1692 4461 ¹7&
1720 4412 1834 4473 πρὸς
1862 4413 1924 4459 τὸ
1951 4413 2267 4472 κριτήριον
2298 4416 2383 4459 τοῦ
2408 4414 2532 4459 Θεοῦ
2563 4414 2659 4460 etc.

149 4496 230 4545 los.
255 4503 328 4552 2,AE
364 4500 502 4549 ΠἹΠῚ
533 4500 595 4548 ’Π
625 4500 656 4555 ἡ
685 4497 934 4559 δύναμις
966 4501 1052 4547 τοῦ
1085 4497 1262 4561 Κυρίου
1297 4500 1392 4546 etc.
1427 4498 1496 4547 Is.
1530 4500 1667 4557 38‚11
1708 4510 1808 4547 non
1837 4497 2021 4549 videbo
2055 4500 2121 4575 ΠΣ
2158 4499 2222 4547 τὸ
2250 4500 2544 4562 σωτήριον
2578 4504 2665 4549 τοῦ

145 4596 256 4641 M
285 4598 378 4645 etc.
426 4600 526 4646 etc.
564 4620 630 4631 —
659 4596 944 4657 Troporum
980 4594 1263 4643 mutatione
1299 4592 1572 4657 aliquoties
1610 4594 1825 4645 clariora
1868 4593 2152 4643 redduntur
2192 4594 2433 4645 vaticinia
2466 4610 2544 4646 ex.
2588 4610 2661 4660 gr.

149 4670 281 4723 Num.
309 4680 445 4735 24‚17
475 4678 578 4727 ete.
