3050 5184
630 281 705 324 na
750 281 1077 326 anacam
1122 283 1434 328 sncuunuu
1474 283 1726 328 uncum
1767 282 2189 328 inmanium.
2563 265 2674 322 471

164 410 419 466 timebant
440 412 586 468 enim
614 418 686 478 a.)
706 411 910 470 librum
928 428 1091 468 suum
1118 415 1420 468 terminare
1442 429 1558 470 non
1589 412 1854 484 potuerit·,
1887 430 2018 486 ergo
2046 411 2340 470 dicendum
2370 420 2473 476 est,
2498 411 2679 466 Evan-

164 497 401 566 gelistam
428 507 523 554 aut
549 515 689 570 opus
723 515 887 554 suum
916 499 1302 570 imperfectum
1331 501 1648 572 reliquisse,
1675 509 1771 558 aut
1798 501 2092 572 genuinam
2123 501 2239 555 eius
2277 497 2681 569 perorationem

164 600 278 640 mox
309 587 558 656 periisse,
594 595 689 642 aut
721 596 975 643 nostram
1002 603 1121 644 esse
1150 589 1477 659 genuinam;
1518 589 1674 660 atqui
1713 588 1823 645 duo
1865 591 2048 654 priora
2074 597 2288 644 temere
2330 593 2678 650 asseruntur,

165 673 299 727 nulla
323 675 470 728 enim
498 673 643 730 ratio
669 675 971 746 excogitari
1000 683 1206 746 potest,
1240 691 1339 730 cur
1366 683 1562 732 auctor
1590 676 1798 732 librum
1821 693 1986 732 suum
2008 692 2121 732 non
2148 673 2549 741 terminaverit,
2580 687 2682 726 nec

164 760 265 814 ullo
292 759 461 817 modo
494 762 817 832 explicatur.
848 761 1127 834 quomodo
1162 762 1402 834 genuina
1438 765 1718 834 peroratio
1746 763 1933 819 medio
1971 779 2118 819 saec.
2155 770 2204 818 1.
2233 761 2542 832 conscripta
2571 767 2683 813 sta—

162 847 249 900 tim
291 849 517 918 pericrit
551 857 607 904 et
652 850 769 904 cius
812 848 873 904 in
916 848 1099 904 locum
1147 849 1260 905 iam
1297 849 1481 906 medio
1522 865 1668 907 sace.
1715 857 1767 906 2.
1808 852 1914 906 alia
1957 851 2143 922 spuria
2181 850 2239 904 in
2277 855 2407 904 tota
2443 845 2688 902 Ecclesia

161 935 401 991 orientali
432 945 488 990 et
514 935 842 992 occidentali
875 936 948 992 sit
970 947 1211 1006 recepta.
1246 939 1418 993 Porro
1445 939 1612 994 etiam
1637 939 2010 994 rationalistae
2037 937 2287 1010 plerique
2311 936 2689 992 characterem

164 1023 425 1092 petrinum
454 1023 683 1079 secundi
708 1023 993 1096 Evangelii
1015 1023 1346 1093 admittunt3
1378 1025 1497 1080 iure
1522 1041 1655 1098 ergo
1681 1025 2066 1082 concludimus
2081 1069 2094 1088 ,
2127 1027 2381 1080 Marcum
2407 1037 2540 1078 suae
2566 1035 2689 1074 nar-

165 1109 344 1166 rationi
371 1109 597 1167 eosdem
625 1111 857 1180 limites,
890 1127 1030 1184 quos
1059 1113 1278 1180 PetruS,
1326 1113 1661 1182 apostolicae
1697 1113 2097 1185 praedicationi
2125 1113 2462 1180 assignasse,
2493 1109 2533 1164 i.
2565 1123 2615 1163 e.
2657 1121 2690 1160 a

166 1197 421 1269 baptismo
451 1197 525 1254 ad
554 1199 959 1268 ascensionem,
988 1198 1057 1254 ab
1090 1205 1397 1268 1,1-16,2o.
1428 1201 1674 1271 Deinde,
1706 1201 1788 1256 uti
1831 1199 2174 1266 videbimus,
2207 1202 2428 1254 Marcus
2467 1193 2691 1251 Domini

167 1286 455 1352 potentiam
480 1294 536 1342 ct
558 1285 865 1342 dominium
888 1286 948 1342 iu
976 1285 1275 1342 daemones
1300 1288 1544 1343 maxime
1569 1289 1805 1356 exaltat,
1830 1287 1980 1344 idem
2005 1287 2220 1343 obtinet
2241 1287 2302 1342 in
2326 1294 2517 1340 nostra
2545 1283 2692 1337 clau—

166 1374 269 1428 sula
293 1379 403 1440 (vv.
445 1379 653 1438 16-18).
688 1375 930 1430 Demum
958 1373 1101 1429 inter
1127 1375 1532 1446 apparitionem
1559 1376 1740 1448 angeli
1764 1381 1872 1442 (vv.
1903 1379 2024 1440 5·8)
2053 1384 2107 1430 et
2135 1382 2250 1430 tres
2279 1371 2500 1428 Domini
2528 1384 2692 1439 appa·

166 1463 373 1518 ritionae
402 1466 511 1528 (vv.
545 1467 691 1528 9-14)
720 1462 949 1519 intimus
976 1470 1062 1518 est
1094 1478 1271 1518 nexus
1310 1463 1707 1535 aptissimaque
1747 1463 2031 1535 gradatio,
2063 1477 2170 1534 qua
2219 1458 2547 1526 ostenditur,
2577 1472 2690 1512 non

165 1559 357 1604 temere
384 1557 486 1604 aut
516 1549 707 1606 leviter
732 1549 1027 1621 Apostolos
1054 1551 1521 1606 resurrectionem
1547 1551 1774 1607 Domini
1799 1549 2104 1606 admisisse.

224 1646 306 1700 Ad
328 1644 777 1702 adversariorum
805 1657 1134 1718 argumenta
1168 1647 1317 1718 quod
1348 1647 1576 1714 attinet,
1609 1647 1744 1702 hacc
1773 1656 1902 1702 sunt
1929 1646 2196 1702 notanda.
2228 1649 2314 1707 a.)
2339 1646 2402 1698 B.
2434 1651 2490 1699 et
2517 1650 2560 1696 κ
2593 1657 2690 1712 pe·-

164 1733 372 1801 ricopen
394 1733 621 1805 quidem
638 1735 923 1800 omittunt,
944 1734 1041 1790 sed
1056 1735 1357 1790 Vaticanus
1370 1735 1428 1789 in
1446 1735 1554 1790 tine
1569 1735 1852 1806 Evangelii
1873 1735 2111 1806 spatium
2130 1747 2368 1789 vacuum
2383 1731 2692 1801 fragmento

167 1820 473 1892 recipiendo
505 1821 783 1877 sufficiens
810 1823 1097 1893 relinquit,
1134 1822 1263 1878 licet
1288 1822 1438 1877 inter
1464 1823 1710 1893 reliquos
1742 1822 1912 1878 libros
1944 1823 2160 1878 nullum
2189 1835 2426 1892 usquam
2455 1817 2692 1889 spatium

167 1907 377 1977 habeat,
408 1918 581 1980 atque
608 1909 685 1964 ita
712 1909 940 1978 indicat,
966 1918 1183 1964 textum
1218 1925 1335 1964 non
1362 1925 1481 1964 csse
1508 1910 1877 1981 completum3
1909 1911 2088 1966 simile
2129 1907 2336 1980 aliquid
2377 1907 2588 1963 obtinet
2633 1905 2691 1958 in

166 1996 432 2061 Sinaitico,
460 1997 617 2052 cuius
642 1995 859 2065 folium,
889 1997 947 2052 in
972 2013 1081 2069 quo
1111 1997 1235 2052 finis
1260 1997 1555 2069 Evangelii
1577 1996 1807 2052 secundi
1831 1997 2088 2065 habetur,
2117 1996 2187 2053 ab
2217 1995 2416 2053 eodem
2443 1993 2687 2061 librario,

168 2099 194 2136 a
218 2099 320 2154 quo
347 2085 679 2153 Vaticanus,
712 2085 1088 2156 conscriptum
1116 2095 1230 2150 est3
1259 2086 1446 2156 itaque
1487 2100 1602 2139 non
1642 2092 1772 2140 sunt
1813 2083 1924 2140 duo
1965 2093 2160 2153 testeS,
2193 2082 2292 2140 sed
2335 2097 2502 2148 unuS,
2535 2081 2690 2152 isque

170 2169 411 2227 incertus.
450 2172 653 2227 Codex
686 2178 772 2240 L.,
803 2173 899 2244 qui
942 2173 997 2226 in
1040 2171 1253 2228 scholio
1296 2172 1552 2240 adnotat,
1585 2173 1644 2226 in
1685 2172 1967 2228 nonnullis
2007 2171 2287 2227 codicibus
2329 2169 2496 2226 aliam
2535 2168 2688 2224 clau-

170 2258 325 2314 sulam
354 2259 489 2331 legi,
520 2276 552 2315 a
574 2260 843 2316 Vaticano
872 2260 1131 2316 omnibus
1155 2259 1455 2315 fatentibus
1484 2260 1648 2330 plane
1672 2258 1964 2330 dependet.
1998 2291 2066 2300 -
2099 2261 2176 2326 b.)
2205 2259 2261 2315 S.
2295 2259 2692 2327 Hieronymus

172 2343 247 2404 <sad
284 2346 489 2402 Hedib.
537 2363 624 2420 ep.
674 2349 853 2418 1203)
896 2347 1201 2402 clausulam
1237 2368 1259 2398 ι
1290 2347 1352 2402 in
1388 2347 1530 2402 raris
1573 2345 1705 2402 ferri
1747 2347 2085 2420 mangenis,
2131 2346 2391 2402 omnibus
2427 2344 2690 2401 Graeciae

172 2431 305 2488 libris
344 2450 523 2506 paene
554 2434 659 2489 hoc
688 2433 993 2505 capitulum
1019 2451 1130 2490 non
1163 2434 1493 2490 habentibus
1522 2455 1548 2485 n
1584 2450 1835 2490 asserens
1861 2435 1966 2490 sibi
2001 2435 2114 2505 ipse
2142 2440 2209 2499 (c.
2259 2435 2446 2506 Pelag.
2479 2433 2555 2488 Il.
2603 2435 2689 2496 1⁵)

170 2521 511 2589 contradicit,
545 2537 717 2586 quum
759 2520 955 2578 eadem
993 2522 1157 2578 verba
1191 2542 1217 2572 et
1246 2523 1489 2577 maxime
1532 2522 1591 2576 in
1629 2525 1838 2594 graecis
1880 2521 2162 2578 codicibus
2205 2543 2230 2573 υ
2278 2522 2388 2592 legi
2431 2527 2686 2587 testetur,

170 2615 316 2679 atque
342 2611 531 2680 priora
574 2609 737 2665 verba
768 2625 833 2664 ex
870 2609 1109 2665 Eusebio
1138 2610 1487 2676 transumsit3
1519 2608 1754 2665 idoneus
1789 2610 1956 2682 igitur
1995 2610 2154 2665 testis
2198 2625 2311 2664 non
2351 2618 2452 2663 est.
2495 2609 2689 2677 Neque

170 2693 331 2750 idonei
356 2705 531 2755 testes
558 2706 686 2753 sunt
711 2701 769 2754 S.
812 2699 1129 2768 Greqorius
1156 2701 1324 2767 Nyss.
1359 2705 1415 2751 et
1448 2697 1648 2753 Victor
1675 2697 1968 2764 Antioch„
2004 2697 2101 2768 qui
2128 2696 2364 2751 eandem
2391 2694 2688 2750 dubitatio·

170 2797 283 2837 nem
303 2800 367 2838 ex
391 2783 631 2840 Eusebio
659 2784 997 2853 hauserunt,
1028 2799 1158 2840 nam
1188 2785 1337 2854 prior
1364 2783 1534 2840 dubio
1565 2785 1662 2839 illo
1689 2793 1875 2856 spreto
1903 2785 1965 2839 in
1991 2782 2188 2839 cadem
2211 2783 2440 2838 homilia
2471 2795 2688 2836 versum

170 2884 227 2923 ex
250 2869 443 2926 eadem
471 2872 715 2927 clausula
743 2871 862 2927 sine
883 2873 997 2928 ulla
1023 2871 1383 2928 haesitatione
1408 2870 1646 2927 desumit
1673 2871 1764 2939 (de
1788 2875 2016 2928 Resurr.
2051 2877 2147 2937 2.),
2176 2879 2232 2927 et
2255 2871 2393 2926 alter
2417 2871 2477 2924 in
2503 2869 2687 2939 pleris-

172 2971 265 3025 que
278 2960 688 3028 perorationem
706 2958 921 3026 dcesse,
940 2957 1039 3014 sed
1062 2979 1085 3010 a
1108 2960 1165 3014 in
1185 2958 1620 3014 accuratioribus
1641 2980 1666 3010 >2
1693 2975 1817 3015 eam
1836 2960 1944 3032 legi
1963 2959 2184 3015 asserit.
2206 2989 2278 3000 —
2299 2959 2368 3026 c.)
2399 2957 2688 3014 Eusebius

174 3043 393 3111 (Quaest.
442 3045 515 3102 ad
556 3048 759 3102 Marin.
804 3051 877 3114 1.)
918 3046 1109 3118 utique
1138 3045 1341 3102 diserte
1367 3054 1604 3102 testatur
1641 3067 1666 3098 α
1697 3048 1754 3102 in
1797 3048 2010 3103 cunctis
2051 3046 2166 3102 lere
2206 3044 2612 3115 exemplaribus
2655 3064 2679 3094 υ

174 3131 516 3206 Evangelium
542 3133 725 3190 verbis
758 3134 1022 3205 ἐφοὸοΰντο
1047 3133 1145 3205 γάρ
1178 3135 1465 3191 terminari
1498 3143 1554 3189 et
1581 3134 1887 3190 clausulam
1915 3153 1944 3189 α
1969 3135 2028 3188 in
2057 3134 2332 3205 aliquibus
2355 3131 2686 3203 exemplari-

172 3216 261 3272 bus
281 3240 307 3270 »
340 3219 631 3278 dumtaxat
651 3221 916 3291 inveniri3
944 3229 1003 3276 at
1031 3221 1149 3276 cius
1174 3221 1555 3278 testimonium
1583 3237 1696 3277 non
1723 3229 1940 3278 tantum
1970 3221 2364 3292 antiquissimis
2391 3220 2688 3290 multisque

172 3306 409 3376 testibus,
447 3325 585 3380 quos
622 3309 940 3375 citavimus,
972 3307 1326 3376 contradicit,
1359 3308 1458 3365 sed
1494 3309 1663 3364 etiam
1703 3310 1928 3364 minoris
1969 3308 2228 3380 ponderis
2273 3316 2386 3372 est,
2418 3316 2688 3379 quatenus

172 3391 457 3450 clausulam
480 3397 655 3452 multo
680 3397 853 3468 magis
880 3395 950 3453 ob
976 3398 1303 3468 exegeticaS,
1338 3411 1506 3468 quam
1530 3396 1601 3451 ob
1631 3397 1878 3466 critieaS,
1907 3397 2152 3452 rationes
2177 3396 2234 3450 in
2262 3393 2494 3451 dubium
2521 3409 2685 3450 voca-

176 3479 266 3549 vit3
296 3498 439 3554 quae
466 3483 612 3538 enim
636 3486 859 3539 Marcus
895 3483 963 3540 de
990 3491 1241 3555 tempore
1269 3484 1678 3554 apparitionum
1705 3483 2110 3539 dominicarum
2150 3483 2345 3550 tradit,
2381 3499 2510 3539 cum
2554 3482 2686 3539 reli·-

175 3583 393 3636 quorum
414 3571 826 3626 narrationibus
863 3587 1108 3643 pugnare
1138 3572 1189 3626 ei
1216 3569 1565 3627 videbantur.
1598 3571 1856 3626 Ceterum
1884 3587 1996 3627 non
2021 3587 2318 3643 negamuS,
2337 3570 2559 3626 Eusebii
2590 3586 2686 3627 ae-

176 3662 273 3710 tate
292 3657 345 3713 in
372 3659 657 3714 nonnullis
697 3659 981 3715 codicibus
1018 3663 1206 3730 (atque
1238 3659 1378 3714 forte
1412 3659 1584 3714 etiam
1611 3659 1668 3713 in
1695 3660 1826 3714 satis
1855 3658 2062 3726 multis)
2095 3659 2386 3731 pericopen
2419 3657 2682 3722 defuisse;

176 3740 363 3800 scilicet
384 3755 614 3818 propter
640 3745 1014 3814 difficultates,
1048 3762 1185 3818 quas
1213 3745 1333 3801 eius
1359 3747 1575 3802 initium
1605 3761 1794 3802 creare
1822 3747 2170 3815 censebatur,
2201 3747 2256 3802 in
2281 3745 2526 3803 ecclesiis
2553 3763 2687 3800 non-

178 3831 323 3886 nullis
346 3847 379 3888 a
408 3833 644 3889 lectione
672 3834 892 3905 publica
920 3833 1139 3889 videtur
1166 3849 1286 3888 esse
1310 3834 1532 3890 exclusa
1562 3832 1796 3906 ideoque
1823 3835 1883 3889 in
1910 3834 2249 3890 lectionariis
2276 3833 2506 3904 aliisque
2533 3832 2686 3889 codi-

178 3915 315 3974 cibus
339 3919 562 3977 lectioni
588 3921 841 3993 publicae
870 3919 1155 3976 destinatis
1185 3921 1405 3976 omissa.
1437 3952 1509 3963 —
1545 3921 1630 3988 d.)
1671 3923 1754 3978 De
1781 3921 2014 3978 internis
2042 3921 2486 3976 adversariorum
2515 3921 2686 3976 ratio-

178 4003 321 4062 nibus
338 4006 427 4064 vix
459 4025 599 4080 opus
628 4017 713 4064 est
736 4007 936 4064 dicere.
966 4010 1051 4063 De
1078 4009 1222 4080 stylo
1251 4007 1401 4064 enim
1428 4026 1531 4081 pro
1554 4025 1655 4065 suo
1685 4009 1916 4081 quisque
1945 4017 2168 4081 gustatu
2195 4017 2360 4080 atque
2391 4007 2538 4062 haud
2559 4025 2687 4064 raro

178 4091 335 4149 critici
370 4112 473 4167 pro
520 4097 631 4152 suis
671 4094 1021 4168 praeiudiciis
1060 4095 1326 4152 iudicant.
1377 4096 1581 4152 Procul
1628 4097 1796 4152 dubio
1835 4105 1950 4152 tres
1991 4097 2216 4152 Domini
2251 4095 2622 4165 apparitiones
2656 4113 2688 4151 a

180 4178 347 4237 Marco
374 4187 638 4253 (16344)
666 4184 984 4239 summatim
1009 4183 1190 4254 potius
1214 4183 1551 4249 indicantur,
1585 4201 1752 4255 quam
1777 4193 2094 4253 narrantur,
2119 4182 2216 4239 sed
2244 4181 2440 4238 eodem
2463 4199 2690 4254 prorsus

179 4266 327 4324 modo
352 4268 561 4327 indicat
580 4279 801 4328 tantum
827 4270 1161 4326 tentationes
1198 4272 1423 4326 Domini
1450 4275 1618 4341 (1,13)
1636 4313 1650 4338 ,
1686 4271 1920 4343 primam
1950 4271 2344 4342 Apostolorum
2373 4269 2690 4326 missionem

180 4351 360 4420 (fia-13
380 4358 465 4414 cfr
482 4359 683 4415 Matth.
719 4363 985 4424 1o,54·3);
1019 4357 1147 4414 inde
1168 4374 1201 4414 a
1229 4375 1282 4414 v.
1313 4364 1397 4415 15.
1422 4367 1609 4414 autem
1628 4368 1958 4414 consuetum
1982 4357 2244 4414 narrandi
2267 4357 2498 4413 modum
2517 4367 2686 4415 tenet.

182 4439 423 4515 Reliquae
452 4445 785 4503 obiectiones
814 4445 1119 4502 levissimae
1142 4454 1271 4501 sunt
1298 4462 1401 4501 nec
1431 4444 1762 4502 refutatione
1791 4446 2047 4502 videntur
2074 4445 2342 4518 indigere.
