3050 5184
468 322 585 380 594
625 336 701 380 nn
745 336 884 381 novt
922 338 1093 382 Tssr.
1140 337 1333 382 umus
1374 339 1724 386 nmAcncis.
1757 355 1837 368 --
1865 339 1997 384 car.
2046 339 2132 384 111.
2169 339 2243 382 ns
2291 337 2592 383 amsa-otis
2627 337 2941 382 carnoticis.

536 467 757 524 Etenim
786 483 959 540 quum
986 477 1143 525 tanta
1177 469 1329 526 salus
1362 470 1439 526 eis
1466 478 1661 542 parata
1689 471 1788 537 sit,
1829 471 2024 542 repleti
2059 471 2171 526 sint
2200 479 2424 542 oportet
2450 484 2548 540 spe
2573 468 2713 536 viva,
2745 483 2840 538 qua
2865 467 2950 520 im-
2997 434 2999 566 Ι

464 553 758 626 pellantur,
792 563 857 611 ut
878 557 989 612 vita
1018 566 1211 614 sancta
1232 557 1456 613 Christo
1486 558 1862 614 assimilentur
1889 559 2195 630 (1‚13-21)3
2232 567 2400 628 atque
2429 571 2554 613 cum
2577 572 2638 611 ea
2661 555 2948 624 coniungant
2997 569 2999 626 g

468 655 657 698 veram
680 643 969 698 caritatem
998 644 1299 700 l'raternam
1328 645 1632 717 (1,22·25);
1661 645 2038 717 depositisque
2073 645 2170 713 iis,
2203 661 2348 717 quae
2373 643 2585 700 caritati
2615 642 2949 702 adversantur.
2997 637 2999 686 ἕ

466 728 555 784 lac
576 745 738 786 verae
762 730 1048 788 doctrinae
1070 733 1488 804 concupiscant,
1518 749 1626 806 qua
1655 733 2061 804 confortentur,
2091 742 2154 789 ut
2180 740 2469 804 tamquam
2494 731 2702 804 lapides
2725 729 2826 784 vivi
2853 744 2949 782 vero

466 815 635 889 lapidi
662 818 911 892 angulari
941 819 1391 891 superaedificari
1416 821 1628 891 possint
1659 821 1910 892 (2,1·lo).

539 908 605 960 ln
633 905 831 962 altera
856 913 1044 980 parte
1084 912 1407 976 (2,11·4,19)
1448 909 1748 979 praemisso
1799 918 2118 980 praecepto,
2151 918 2216 965 ut
2259 909 2404 964 inter
2445 907 2692 964 ethnicos
2735 905 2949 976 degentes
2999 866 3001 1004 1

465 992 629 1048 bonis
656 995 769 1050 suis
791 994 1039 1051 moribus
1059 995 1365 1052 calumnias
1388 995 1733 1052 confundant
1758 1001 1928 1064 (2,11.
1959 1002 2066 1066 12),
2096 999 2295 1054 transit
2321 995 2394 1052 ad
2417 995 2626 1052 monita
2651 992 2900 1066 specialia.
3000 1015 3001 1028 2

536 1082 872 1154 Praeprimis
911 1082 1102 1152 docet,
1150 1083 1427 1156 quomodo
1468 1091 1664 1156 utpote
1704 1085 1764 1140 in
1803 1084 1986 1140 medio
2032 1085 2385 1140 ethnicorum
2425 1091 2706 1140 versantes
2748 1080 2950 1151 singulae

468 1169 672 1224 classes
710 1185 829 1226 sese
858 1185 1047 1242 gerere
1084 1169 1351 1240 debeant,
1391 1187 1586 1228 omnes
1629 1172 1859 1229 subiecti
1901 1173 2012 1229 sint
2049 1171 2428 1243 superioribus
2465 1169 2724 1238 (zia-1⁷)
2759 1177 2810 1222 et
2843 1167 2948 1222 seru·

468 1255 582 1311 suis
610 1254 848 1314 dominis
874 1259 1042 1314 etiam
1070 1257 1307 1331 dyscolis
1339 1260 1642 1329 (2,18-25);
1677 1275 1876 1315 uxores
1905 1259 2018 1316 suis
2040 1259 2254 1315 maritis
2281 1258 2560 1315 subiectae
2588 1258 2808 1312 virtutes
2828 1271 2948 1310 exer·
3002 1296 3003 1324 ¹

469 1350 657 1412 ceant,
688 1345 872 1402 mariti
896 1355 1083 1402 autem
1106 1361 1203 1402 eas
1228 1346 1505 1403 honorent
1535 1351 1765 1414 (3,1-7);
1798 1361 1993 1402 omnes
2021 1347 2246 1402 demum
2269 1346 2562 1402 caritatem
2589 1352 2886 1410 exerceant,
2907 1349 2949 1394 ut

468 1430 909 1488 benedictionem
938 1442 1221 1490 aeternam
1250 1443 1662 1507 consequantur
1691 1439 1948 1506 (3,8-12).

538 1519 754 1575 Deinde
783 1519 963 1590 docet,
996 1521 1278 1594 quomodo
1305 1521 1361 1578 in
1390 1531 1678 1593 praesente
1709 1523 2089 1593 persecutione
2118 1536 2239 1578 sese
2267 1535 2458 1594 gerere
2485 1521 2744 1579 debeant.
2781 1521 2948 1573 Bonam

470 1606 676 1664 habere
706 1607 967 1664 studeant
1002 1609 1399 1665 conscientiam
1415 1652 1429 1676 ‚
1463 1618 1525 1664 ut
1557 1618 1844 1681 tamquam
1872 1610 2195 1666 innocentes
2219 1609 2498 1680 patiantur
2524 1607 2802 1666 assimilati
2828 1603 2949 1661 Chri·

468 1702 553 1750 sto
580 1694 726 1751 iusto
765 1711 865 1766 pro
892 1696 1107 1753 iniustis
1143 1697 1401 1753 morienti
1442 1698 1748 1768 (3,13-22)3
1789 1697 1994 1753 mortui
2036 1706 2223 1754 autem
2259 1697 2496 1768 peccatis
2537 1691 2950 1766 increpationibus

468 1781 819 1838 ethnicorum
844 1782 915 1840 ad
947 1784 1234 1854 pristinam
1268 1784 1439 1840 vitam
1462 1801 1584 1840 sese
1613 1785 1820 1840 retrahi
1849 1801 1920 1840 ne
1948 1785 2132 1840 sinant
2165 1785 2394 1856 (4.1-6),
2421 1785 2520 1840 sed
2542 1784 2620 1840 ad
2649 1783 2874 1840 lumi-um
2897 1779 2952 1834 iu·

467 1868 675 1924 dicium
713 1870 1069 1942 respicientes
1097 1871 1477 1928 omnimodam
1507 1873 1766 1928 virtutem
1795 1879 2090 1928 exerceant
2125 1876 2387 1940 (4,7-11);
2418 1869 2704 1944 gaudeant
2724 1871 2874 1942 igitur
2903 1865 2951 1919 de

470 1958 869 2028 persecutione,
896 1974 1002 2030 qua
1034 1959 1324 2030 participes
1350 1959 1487 2016 fiant
1510 1960 1830 2030 passionum
1857 1958 2061 2016 Christi
2085 1968 2142 2016 et
2172 1960 2339 2016 vitam
2364 1967 2658 2016 aeternam
2683 1955 2950 2029 acquisituri

468 2043 579 2100 sint
600 2049 891 2113 (4‚12-19).

536 2135 603 2188 In
648 2137 828 2189 tertia
864 2139 1045 2206 parte
1085 2138 1323 2203 (5,1-11)
1366 2136 1580 2191 monita
1624 2135 2012 2208 specialissima
2054 2134 2225 2191 tradit
2269 2134 2636 2206 pmbyteris,
2679 2142 2740 2191 ut
2772 2143 2950 2206 gregem
3006 2158 3007 2186 i

467 2236 629 2276 suum
658 2221 889 2278 sollicite
914 2230 1143 2292 pascant
1171 2225 1382 2292 (aa-4),
1414 2232 1472 2278 et
1496 2223 1668 2295 gregi,
1699 2230 1762 2278 ut
1785 2221 2100 2291 pastoribus
2121 2219 2376 2278 subditus
2401 2223 2476 2278 sit
2498 2227 2660 2291 (5,5)‚
2693 2219 2952 2293 pastoribus

465 2307 691 2364 demum
718 2318 774 2365 et
798 2311 979 2381 gregi,
1012 2319 1074 2365 ut
1097 2325 1290 2365 omnes
1314 2326 1502 2366 veram
1531 2319 1823 2366 exerceant
1851 2309 2227 2365 bumilitatem
2253 2309 2562 2382 attentique
2587 2310 2830 2382 vigilent,
2855 2323 2912 2361 ne
2931 2319 2950 2356 a

466 2395 688 2452 diabolo
717 2396 1020 2467 perdantur
1048 2399 1294 2469 (5,6·11).

539 2485 601 2539 ln
626 2484 947 2540 brevissimo
968 2484 1198 2558 epilogo
1234 2487 1499 2556 (5.12-14)
1530 2501 1758 2559 scopum
1791 2485 2054 2556 epistolae
2079 2484 2316 2556 explicat
2343 2495 2400 2540 et
2419 2500 2549 2540 cum
2579 2481 2953 2542 salutationibus

467 2571 905 2630 benedictionem
926 2573 1289 2643 apostolicam
1314 2575 1658 2630 transmittit.
3008 2592 3009 2650 χ

542 2699 601 2757 5.
628 2729 707 2742 —-
726 2697 797 2757 V.
828 2699 1187 2758 Aurei-:aru
1211 2697 1439 2775 prioris
1469 2697 1778 2774 epistolae
1807 2700 1900 2757 tot
1931 2700 1995 2756 et
2022 2699 2158 2756 tam
2195 2695 2472 2774 antiquis
2511 2699 2776 2758 Patrum
2808 2693 2950 2754 testi-

462 2793 693 2854 moniis
721 2793 966 2866 nititur‚
996 2797 1208 2853 utnon
1227 2793 1630 2872 intelligatur,
1657 2791 1975 2870 quomodo
1994 2809 2031 2852 a
2050 2791 2372 2852 modernis
2396 2815 2426 2846 «
2451 2793 2695 2854 criticis
2719 2817 2749 2848 »
2773 2789 2948 2868 negari

464 2891 691 2967 possit,
722 2889 1095 2968 praesertim
1124 2906 1322 2968 quum
1360 2890 1459 2948 vix
1496 2889 1845 2966 quidquam
1885 2891 2133 2967 praeter
2175 2906 2290 2948 sua
2329 2889 2734 2966 praeiudicia
2772 2891 2950 2948 eontra

464 3005 601 3046 cam
629 2987 907 3046 afferant.

530 3091 831 3162 Epistolam
861 3089 1005 3144 hanc
1032 3091 1175 3145 inter
1211 3088 1273 3141 τὰ
1312 3087 1694 3160 ὁμολογούμενα
1737 3088 1856 3144 iure
1897 3089 2094 3144 merito
2123 3088 2314 3145 retulit
2353 3089 2656 3159 Eusebius,
2687 3089 2810 3162 quia
2847 3089 2957 3142 inter

460 3179 761 3234 catholicas
790 3178 877 3232 vix
902 3177 1011 3232 alia
1034 3185 1138 3245 est,
1169 3192 1335 3248 quam
1356 3175 1488 3232 inde
1516 3176 1587 3232 ab
1616 3176 1918 3248 apostolico
1944 3185 2196 3248 tempore
2223 3177 2280 3231 in
2307 3176 2672 3233 ecclesiarum
2701 3194 2802 3233 usu
2829 3175 2957 3230 ruisse

460 3267 692 3321 clariora
722 3265 1053 3320 documenta
1081 3264 1483 3320 demonstrant.
1512 3265 1640 3319 Duo
1669 3264 1746 3319 illi
1773 3265 1964 3320 Patres
1992 3263 2302 3336 apostolici,
2336 3263 2428 3335 qui
2452 3265 2652 3320 inillis
2680 3263 2954 3338 provinciis,

460 3353 660 3424 quibus
679 3353 881 3423 scripta
900 3361 984 3408 est
1001 3353 1249 3421 epistola,
1273 3350 1433 3407 sedes
1452 3352 1792 3422 episcopales
1809 3359 2129 3420 tenuerunt,
2151 3355 2249 3408 SS.
2273 3355 2496 3424 Papias
2519 3361 2577 3408 et
2601 3352 2955 3423 Polycarpum.

458 3449 599 3496 teste
620 3439 853 3496 Eusebio
881 3460 905 3490 (ι
936 3440 1250 3495 testimonia
1280 3457 1347 3494 ex
1370 3440 1556 3510 priore
1575 3440 1726 3496 Petri
1749 3439 1977 3510 epistola
2003 3438 2393 3496 desumserunt
2419 3461 2444 3492 n
2481 3443 2648 3508 (Eas.
2681 3442 2755 3496 Η.
2789 3442 2848 3494 Ε.
2879 3437 2954 3491 lli.

458 3535 555 3594 393
588 3529 681 3583 lv,
720 3533 815 3594 ¹43
844 3525 927 3581 ci’r
952 3530 1010 3583 S.
1041 3528 1239 3597 Polyc.
1276 3526 1345 3582 ad
1370 3527 1510 3582 Phil.
1549 3533 1600 3582 1.
1635 3534 1690 3582 2.
1722 3532 1776 3583 5.
1803 3533 1836 3581 7
1865 3530 2026 3596 etc.);
2058 3533 2223 3598 atque
2249 3527 2420 3582 etiam
2441 3531 2500 3584 S.
2531 3527 2800 3584 Clemens
2827 3531 2956 3580 Rom.

458 3631 581 3672 eam
612 3615 866 3672 adhibuit
904 3618 953 3680 (1
995 3615 1121 3671 Cor.
1156 3621 1211 3670 2.
1253 3621 1305 3669 7.
1334 3622 1440 3670 etc.
1474 3613 1559 3669 cir
1591 3625 1610 3670 ι
1644 3619 1803 3670 Petr.
1843 3621 2001 3683 2,17;
2037 3619 2164 3682 1,19
2197 3615 2356 3686 etc.);
2391 3613 2594 3686 quibus
2617 3615 2732 3672 duo
2757 3631 2820 3669 ex
2847 3611 2959 3668 anti-

456 3703 728 3776 quissimis
762 3701 1048 3758 haereticis
1070 3702 1375 3757 Basilides
1404 3711 1459 3757 et
1490 3702 1818 3757 Theodotus
1847 3706 1916 3756 Bt
1933 3719 2011 3771 z„
2036 3700 2314 3758 Valentini
2342 3701 2678 3774 discipulus,
2709 3701 2832 3758 addi
2861 3713 2960 3771 pos·

456 3801 585 3848 sunt
614 3791 717 3860 (cl'r
744 3792 921 3848 Clam.
952 3791 1127 3845 Alex.
1156 3791 1363 3845 strom.
1396 3791 1491 3846 IV.
1531 3795 1595 3845 12
1627 3800 1683 3846 et
1711 3788 1984 3846 Theodoti
2013 3798 2272 3862 excerpta
2299 3797 2350 3846 1.
2378 3797 2435 3845 4.
2470 3795 2576 3858 12).
2607 3793 2788 3847 Porro
2809 3785 2958 3844 medio

454 3897 597 3938 saec.
642 3887 697 3936 2.
742 3879 809 3936 ad
856 3893 979 3934 eam
1006 3878 1312 3933 alluserunt
1350 3877 1408 3934 S.
1438 3880 1697 3934 lustinus
1721 3881 1799 3933 M.
1833 3886 1887 3932 et
1921 3877 2104 3934 clerus
2131 3878 2328 3934 eccles.
2371 3881 2584 3934 Viemt.
2618 3881 2778 3946 (Eas.
2813 3877 2878 3932 ΙΙ.
2911 3873 2956 3927 E.

454 3969 523 4022 V.
554 3975 602 4023 1.
628 3972 735 4035 2.);
764 3975 997 4021 exeunte
1020 3980 1165 4020 saec.
1195 3971 1251 4020 2.
1282 3972 1338 4020 et
1359 3965 1586 4020 ineunte
1609 3963 1754 4020 saec.
1787 3969 1840 4020 3.
1872 3979 1997 4019 eam
2024 3962 2210 4020 addito
2240 3966 2388 4020 Petri
2415 3965 2643 4022 nomine
2665 3965 2896 4037 allegant
2917 3961 2956 4014 in

452 4055 679 4111 Oriente
708 4055 764 4110 S.
800 4052 1218 4118 Fir-miliarias,
1264 4053 1564 4108 Caesareae
1607 4053 1664 4107 in
1700 4050 2052 4124 Cappadocia
2093 4051 2384 4124 episcopus
2425 4051 2517 4118 (ad
2553 4053 2612 4109 S.
2657 4053 2821 4124 Cypr.
2865 4055 2954 4104 15.

456 4143 713 4199 Clemens
736 4143 910 4197 Alex.
957 4139 1139 4207 (Paed.
1176 4141 1278 4196 ΠΙ.
1330 4146 1412 4196 11.
1447 4146 1509 4194 12
1541 4148 1596 4194 et
1637 4144 1850 4211 saepe),
1882 4139 2161 4208 Oriqms
2191 4137 2283 4206 (dc
2305 4140 2490 4195 Princ.
2525 4140 2599 4195 11.
2629 4145 2664 4195 3
2703 4149 2758 4195 et
2781 4135 2954 4207 saepis·

452 4231 629 4298 sime),
653 4231 707 4284 in
726 4227 1025 4285 Occidente
1040 4234 1094 4286 S.
1118 4231 1390 4284 Irenaeus
1408 4232 1478 4296 (c.
1502 4229 1673 4283 Haer.
1694 4229 1788 4283 lv,
1813 4231 1986 4295 9,16)‚
2013 4226 2422 4284 Tertullianus
2441 4225 2532 4295 (de
2553 4229 2714 4284 Orat.
2735 4231 2805 4282 20
2823 4227 2948 4279 etc).

450 4321 508 4374 S.
540 4321 877 4390 Cyprianus
902 4316 992 4384 (de
1021 4318 1175 4371 Bono
1207 4324 1318 4388 pat.
1351 4321 1386 4372 9
1408 4325 1465 4371 et
1486 4321 1692 4387 saepe).
1728 4316 1794 4370 ln
1818 4319 2060 4388 Fraqm.
2091 4317 2313 4371 Murat.
2339 4313 2564 4386 quidem
2585 4329 2699 4372 non
2733 4325 2952 4370 recense-

452 4413 571 4472 tur3
601 4403 701 4461 sed
730 4403 923 4468 verba,
969 4403 1166 4475 quibus
1209 4413 1403 4460 auctor
1443 4403 1513 4459 de
1559 4403 1778 4474 scriptis
1807 4403 1952 4458 Petri
2000 4403 2140 4474 egit,
2169 4402 2248 4459 ita
2293 4411 2554 4475 corrupta
2595 4411 2749 4468 sunt,
2781 4409 2950 4455 utnon

452 4493 851 4563 intelligantur,
878 4500 933 4547 et
960 4491 1123 4546 verba
1150 4490 1219 4546 de
1248 4491 1420 4547 Marci
1447 4491 1773 4563 EvangeliO,
1803 4491 1862 4545 in
1890 4490 2090 4561 quibus
2119 4489 2260 4546 forte
2289 4491 2456 4547 etiam
2480 4489 2549 4548 de
2571 4490 2716 4545 Petri
2741 4484 2950 4560 epistolis

455 4578 593 4650 egit,
628 4588 754 4634 sunt
797 4579 1111 4650 deperdita,
1144 4587 1387 4634 ceterum
1428 4580 1636 4634 camin
1675 4593 1886 4634 canone
1914 4593 2143 4634 romano
2181 4577 2350 4635 fuisse
2383 4579 2441 4635 S.
2479 4577 2784 4636 Clementis
2811 4579 2946 4630 Rom.

455 4675 510 4722 et
538 4667 592 4721 S.
626 4669 877 4722 Hermae
906 4669 1075 4732 (Past.
1100 4667 1215 4722 Vis,
1243 4673 1364 4736 3,11
1391 4691 1405 4736 ;
1431 4674 1544 4732 4,2.
1579 4673 1610 4721 3
1635 4670 1765 4734 etc.)
1797 4665 2158 4723 allusionibus
2181 4675 2418 4723 constat.
