3050 5184
461 290 574 347 164
735 303 1008 349 u1sroma
1036 301 1400 347 Enonssos.
1433 318 1516 329 —
1556 300 1685 345 car.
1723 301 1805 343 w.
1852 300 2181 347 carnotim
2210 300 2712 347 inruerat-:uum

461 456 484 484 a
511 434 946 491 Exercitationes
962 433 1197 491 biblicae
1226 434 1295 490 de
1321 432 1546 489 hebraei
1574 432 1869 504 graecique
1896 442 2079 489 textus
2102 434 2415 490 sinceritate
2438 456 2462 483 n
2490 431 2665 487 virum
2694 429 2971 485 ostendunt

453 522 507 577 in
549 521 862 579 christianis
911 532 966 579 et
1015 521 1246 578 iudaicis
1286 521 1442 577 libris
1490 522 1567 575 ita
1608 529 1917 591 versatum,
1958 530 2021 576 ut
2060 520 2167 577 hac
2210 521 2268 577 in
2320 529 2478 593 parte
2514 534 2705 575 omnes
2748 526 2968 588 superet.

457 610 676 667 Christ.
718 609 1144 666 Adn'cltomius
1169 609 1366 665 merito
1397 617 1553 681 pater
1580 607 1779 664 dicitur
1807 608 2174 681 geographiae
2210 624 2427 677 sacrae,
2455 622 2622 681 quam
2644 622 2756 661 non
2798 621 2971 676 parum

453 697 619 752 etiam
648 698 924 769 promovit
959 702 1166 754 Frano.
1197 696 1589 769 Quaresmius
1618 710 1717 751 sua
1751 717 1775 745 «
1814 696 2194 752 Elucidatione
2230 706 2413 753 terrae
2448 702 2667 752 sanctae
2708 694 2967 752 historica.

453 784 766 859 theologica
799 794 855 841 et
884 786 1086 841 morali
1113 808 1164 841 n.
1194 789 1335 840 Beu.
1370 785 1559 840 Arias
1592 787 1905 841 Montanus
1937 784 2192 855 demum,
2228 782 2457 841 edendis
2495 783 2814 855 polyglottis
2846 784 2969 835 Ant·
2998 753 3000 793 ⁴

455 888 624 944 werp.
651 870 978 944 praesectuS‚
1001 873 1060 928 in
1083 874 1298 944 aliquos
1322 871 1547 944 quidem
1570 872 1786 928 Veteris
1811 881 1867 927 et
1899 888 2092 928 omnes
2110 874 2251 927 Novi
2285 874 2432 929 Test.
2460 871 2635 927 libros
2652 876 2971 926 commenta·
2998 872 3000 897 ²

455 959 568 1015 rio's
595 961 942 1034 conscripsit,
971 962 1185 1018 maiora
1217 969 1403 1017 autem
1436 959 1635 1016 merita
1676 960 1782 1016 sibi
1818 961 2107 1033 acquisivit
2150 981 2175 1011 α
2204 960 2613 1033 Antiquitatum
2652 957 2971 1014 iudaicarum

456 1045 610 1101 libris
637 1063 836 1103 novem
865 1070 918 1119 n,
952 1047 1154 1121 quibus
1182 1048 1336 1122 quasi
1368 1056 1526 1119 pater
1554 1063 1732 1104 novae
1762 1048 1926 1104 huius
1951 1046 2268 1120 disciplinae
2292 1048 2473 1104 sactus
2498 1056 2603 1103 est.

535 1202 591 1257 3.
627 1232 704 1241 —-
734 1198 967 1260 Omnes
1005 1200 1348 1276 Utriusque
1397 1200 1565 1259 Test.
1600 1199 1795 1259 libros
1825 1216 2029 1259 sacros
2066 1203 2176 1259 aut
2214 1198 2436 1259 saltem
2466 1200 2649 1276 longe
2688 1198 2967 1257 maiorem

457 1310 677 1355 eorum
707 1301 954 1372 partem
984 1297 1394 1357 commentati
1427 1300 1573 1357 sunt
1604 1296 1955 1357 Emmanuel
1989 1296 2072 1357 Sa
2106 1295 2167 1357 S.
2203 1296 2249 1355 I.
2284 1294 2353 1373 (†
2382 1295 2609 1373 1596.),
2644 1295 2814 1354 Ioan.
2854 1294 2965 1351 Ma·
3001 1365 3002 1373 ἵ

454 1394 636 1451 ruma
679 1390 740 1450 S.
775 1392 820 1451 1.
857 1389 925 1471 (†
957 1393 1184 1471 1624),
1219 1392 1345 1453 Iac.
1380 1392 1621 1453 Tirinus
1649 1392 1710 1453 S.
1744 1393 1789 1453 1.
1828 1391 1897 1471 (†
1925 1392 2151 1469 1636.)‚
2190 1392 2497 1453 Cornelius
2522 1410 2563 1451 a
2584 1390 2816 1469 Lapide
2842 1390 2895 1447 S.
2926 1390 2963 1447 l.
3001 1392 3002 1401 ’

453 1484 522 1565 (†
553 1487 780 1567 1637.)‚
817 1488 938 1549 Iac.
977 1488 1219 1549 Gordon
1245 1490 1306 1549 S.
1334 1491 1377 1550 1.
1405 1489 1472 1568 (†
1506 1487 1731 1567 1641.)‚
1754 1489 2086 1566 Stephanus
2112 1488 2453 1549 Menochius
2480 1487 2543 1549 S.
2576 1488 2625 1547 1.
2660 1486 2730 1565 (ᾧ
2758 1486 2963 1559 1655.).

453 1583 625 1643 Ioan.
661 1586 828 1645 dela
854 1584 1061 1665 Haye,
1097 1586 1168 1647 Ο.
1206 1586 1354 1645 Min.
1388 1585 1456 1665 (†
1486 1584 1714 1664 1661.).

521 1698 646 1752 Non
673 1706 894 1753 tantum
919 1698 1066 1754 mole
1083 1741 1097 1765 ‚
1133 1698 1230 1753 sed
1259 1699 1428 1754 etiam
1466 1698 1795 1754 eruditione·
1812 1699 2056 1771 reliquos
2083 1700 2513 1755 commentarios
2539 1699 2599 1754 in
2632 1706 2809 1754 totam
2838 1696 2963 1752 Seri·

453 1792 674 1853 pturam
701 1786 1041 1857 conscriptos
1069 1795 1294 1856 superat
1317 1787 1440 1854 ille,
1473 1803 1642 1857 quem
1680 1788 1853 1843 Corn.
1895 1804 1935 1842 a
1962 1788 2192 1859 Lapide
2218 1787 2560 1858 composuit,
2590 1802 2773 1859 neque
2808 1785 2961 1840 ullum

451 1868 585 1941 pu'to
613 1872 878 1937 inveniri,
911 1874 1006 1944 qui
1040 1872 1192 1929 verbi
1221 1872 1396 1929 divini
1421 1873 1894 1945 praedicatoribus
1917 1873 2095 1947 magis
2122 1874 2503 1931 commendari
2525 1882 2833 1941 mereatum
2858 1888 2961 1927 am·

451 1958 756 2029 piissimam
790 1960 938 2015 enim
969 1976 1162 2017 eorum
1193 1961 1441 2017 omnium
1475 1961 1695 2033 copiam
1722 1962 1997 2033 continet,
2030 1978 2173 2035 quae
2201 1971 2262 2018 ut
2288 1978 2419 2019 cum
2451 1961 2639 2019 fructu
2660 1962 2854 2035 populo
2878 1976 2959 2015 ex—

452 2056 690 2115 ponatur
714 2048 1092 2119 requiruntur.
1125 2050 1248 2104 Non
1273 2050 1523 2104 omnium
1553 2049 1777 2120 quidem
1810 2048 2083 2107 librorum
2110 2066 2335 2107 sensum
2360 2050 2639 2107 literalem
2665 2050 2796 2106 satis
2820 2064 2957 2104 accu-

449 2142 568 2189 rate
611 2135 807 2203 tradit,
857 2135 954 2191 sed
997 2152 1215 2208 semper
1261 2137 1621 2209 allegoricum
1669 2146 1725 2193 et
1768 2138 2175 2211 tropologicum
2228 2137 2444 2195 erudite
2485 2140 2716 2209 exponit
2759 2140 2957 2193 Patrum

450 2222 692 2296 vestigiis
721 2222 960 2279 fideliter
985 2223 1308 2293 inhaeren8‚
1341 2235 1508 2298 atque
1536 2224 1789 2282 nonnulli
1830 2242 1897 2282 ex
1925 2227 2041 2281 eius
2068 2226 2483 2283 commentariis
2508 2226 2631 2282 sine
2664 2226 2777 2281 ullo
2812 2223 2957 2279 dubio

452 2310 650 2381 optimi
679 2310 902 2367 dicendi
939 2320 1086 2367 sunt.
1120 2313 1375 2369 Psalterii
1411 2322 1468 2369 et
1509 2313 1634 2370 lobi
1669 2313 2094 2385 explicationem
2128 2315 2433 2371 terminare
2470 2320 2655 2370 morte
2690 2312 2959 2385 impeditus

447 2406 549 2453 est.
595 2399 844 2471 Reliqui,
889 2416 1028 2473 quos
1067 2400 1506 2471 nominavimuS‚
1538 2401 1648 2471 Sa,
1690 2403 2005 2471 Mariana,
2052 2404 2313 2471 Tirinus,
2348 2402 2619 2473 Gor-don,
2650 2400 2955 2458 Menochia.-

449 2486 663 2542 scholia
691 2488 902 2559 potiuS‚
937 2504 1104 2559 quam
1129 2488 1576 2558 commentariOS‚
1612 2488 1934 2559 ediderunt,
1982 2497 2040 2545 at
2078 2491 2225 2546 tanti
2250 2506 2445 2547 eorum
2484 2505 2657 2563 opera
2696 2490 2955 2547 aestimata

445 2583 592 2644 sunt,
627 2583 688 2632 ut
712 2580 881 2631 Ioan.
906 2576 981 2632 de
1000 2576 1067 2631 la
1094 2582 1269 2647 Haye
1293 2593 1358 2633 ea
1381 2578 1440 2632 in
1463 2593 1563 2633 sua
1594 2598 1619 2629 α
1644 2576 1821 2634 Biblia
1846 2594 2047 2650 magna
2070 2579 2601 2635 commentariorum
2627 2578 2909 2635 literalium
2930 2596 2949 2623 n

447 2678 556 2718 una
605 2678 732 2719 cum
779 2664 1028 2737 Gagnaei
1079 2674 1134 2721 et
1180 2665 1316 2721 Estii
1360 2664 1812 2721 adnotationibus
1857 2676 2222 2739 congregaret
2279 2667 2525 2733 (Parisiis
2582 2670 2764 2735 1643.)
2806 2678 2954 2734 eaque

443 2759 636 2821 postea
664 2752 872 2807 iterum
900 2751 1094 2808 ederet
1114 2752 1173 2808 in
1201 2753 1316 2809 suis
1347 2773 1372 2804 α
1395 2752 1592 2808 Bibliis
1614 2754 1875 2810 maximis
1903 2774 1927 2806 u
1949 2797 1962 2824 ‚
1987 2753 2047 2809 in
2076 2753 2276 2826 quibus
2302 2754 2469 2810 simul
2494 2755 2708 2827 Lyrani
2733 2752 2953 2810 Postillas

449 2839 768 2912 multasque
815 2841 1073 2912 antiquas
1112 2840 1389 2897 versiones
1433 2845 1648 2909 (omnes
1682 2840 1855 2897 latine
1902 2850 2125 2899 tantum
2172 2842 2439 2909 redditas)
2486 2844 2761 2915 congessit
2800 2840 2951 2909 (Pari—

441 2928 536 2983 siis
561 2934 716 2984 1660.
742 2932 910 3001 sqq.).
932 2928 1322 2985 commodiore
1342 2927 1520 2984 forma
1540 2927 1749 2985 scholia
1772 2930 1888 2996 illa,
1910 2928 2114 2985 additis
2130 2929 2456 2994 Maldonati,
2484 2930 2827 2995 Mali-cudae,
2846 2930 2951 2983 Bos-

439 3014 604 3071 suetii
630 3017 804 3083 notis»,
837 3015 988 3072 edita
1014 3016 1223 3071 suntin
1259 3037 1285 3067 α
1313 3016 1508 3072 Bibliis
1535 3018 1761 3072 Venetis
1790 3038 1814 3068 u
1852 3018 1920 3083 (V
1922 3018 2118 3073 enetiis
2148 3024 2302 3073 1745.
2333 3025 2412 3074 ⁴⁰.
2441 3023 2509 3073 28
2537 3019 2716 3085 voli.).

516 3170 573 3225 4.
607 3199 686 3208 —
714 3166 976 3243 Aliquos
1007 3167 1251 3227 Veteris
1283 3167 1469 3227 simul
1502 3172 1567 3226 et
1589 3168 1738 3227 Novi
1758 3166 2141 3229 Testamenti
2168 3169 2363 3228 libros
2388 3168 2636 3227 eximiis
2658 3184 2947 3229 commen-

441 3260 613 3319 tariis
665 3262 1138 3323 illustraverunt
1188 3264 1497 3325 Cornelius
1549 3264 1863 3324 Ian-senius
1917 3264 2189 3325 Gandav.
2244 3265 2580 3343 episcopus
2630 3266 2701 3345 (ᾧ
2746 3264 2946 3335 imag.

435 3356 689 3417 Ioannes
717 3358 1110 3420 Maldonatus
1137 3359 1200 3419 S.
1234 3359 1277 3419 1.
1313 3358 1383 3439 (†
1413 3359 1642 3441 1583.)‚
1676 3358 1892 3420 Franc.
1930 3360 2149 3421 Hibera
2175 3362 2236 3421 S.
2270 3362 2317 3420 1.
2344 3360 2413 3439 (†
2444 3360 2675 3437 1591.),
2702 3362 2951 3421 Nicolaus

433 3454 713 3514 Serarius
740 3454 802 3515 S.
838 3455 883 3515 Ι.
921 3456 988 3535 (†
1019 3454 1247 3536 16⁰9),
1281 3456 1545 3517 Ioannes
1574 3459 1830 3517 lorinus
1858 3456 1919 3516 S.
1954 3459 1997 3517 Ι.
2036 3458 2103 3537 (†
2136 3456 2361 3536 1634).

507 3570 681 3625 Corn.
717 3572 1027 3625 Iansenius
1054 3577 1110 3625 et
1137 3574 1305 3625 Ioan.
1336 3570 1729 3627 Maldonatus
1756 3572 2071 3643 Evangeliis
2098 3572 2387 3643 explicatis
2413 3579 2633 3628 tantam
2658 3570 2762 3628 sibi
2783 3568 2947 3639 acqui-

437 3656 685 3711 siverunt
723 3656 960 3727 samam‚
993 3666 1054 3713 ut
1096 3656 1282 3715 adhuc
1317 3658 1518 3729 prioris
1563 3679 1589 3709 α
1619 3660 1831 3714 Comm.
1880 3659 1937 3713 in
1964 3659 2333 3715 Concordiam
2376 3668 2431 3715 et
2470 3668 2648 3716 totam
2690 3656 2947 3715 historiam

434 3745 809 3815 evangelicam
843 3768 868 3797 n
901 3762 967 3801 ac
1007 3746 1338 3817 praesertim
1381 3745 1609 3801 alterius
1657 3767 1681 3797 α
1712 3748 1925 3803 Comm.
1970 3746 2031 3801 in
2058 3756 2297 3818 quatuor
2328 3748 2629 3819 Evangelia
2657 3768 2683 3799 ι
2717 3746 2827 3803 sine
2852 3742 2947 3797 ullo

432 3830 604 3887 dubio
635 3834 878 3904 primum
901 3834 1088 3890 locum
1111 3841 1355 3890 teneant.
1391 3834 1625 3889 Minoris
1650 3834 1837 3890 meriti
1865 3843 1921 3889 et
1948 3836 2295 3892 auctoritatis
2318 3844 2449 3891 sunt
2479 3851 2677 3893 eorum
2702 3846 2947 3891 commen·

430 3920 557 3975 tarii
579 3920 636 3975 in
665 3922 882 3993 aliquos
907 3921 1123 3978 Veteris
1151 3924 1299 3977 Test.
1332 3919 1525 3990 libros,
1554 3920 1917 3979 nihilominus
1944 3922 2185 3979 lansenii
2210 3922 2481 3995 Paraphr.
2508 3932 2564 3979 et
2592 3920 2947 3981 adnotationes

441 4009 497 4063 in
524 4009 780 4065 Psalmos
807 4018 864 4065 et
885 4009 1060 4067 libros
1087 4010 1462 4081 sapientiam,
1503 4010 1586 4064 uti
1623 4009 1931 4065 Maldonati
1958 4010 2345 4066 commentarii
2379 4010 2439 4066 in
2468 4010 2765 4083 prophetas
2794 4004 2943 4064 maio·

434 4113 542 4165 res,
568 4112 787 4168 semper
809 4114 1014 4171 magno
1034 4113 1164 4153 cum
1193 4096 1378 4153 fructu
1409 4097 1794 4153 consuluntur.
1826 4102 1879 4153 F
1878 4114 2045 4154 rano.
2075 4100 2327 4153 Biberae
2355 4096 2652 4155 laudantur
2684 4108 2939 4154 commen-

433 4184 561 4239 tarii
597 4184 655 4239 in
695 4184 988 4241 duodecim
1027 4185 1327 4257 prophetas
1367 4184 1640 4248 minores.
1682 4202 1864 4257 neque
1900 4186 2085 4241 minus
2114 4185 2243 4242 felix
2280 4194 2402 4242 erat
2432 4185 2493 4241 in
2520 4184 2837 4258 explicanda
2862 4196 2936 4250 ep.

431 4271 503 4327 ad
527 4272 733 4341 Hebr.;
765 4274 1000 4330 minoris
1029 4273 1396 4329 aestimantur
1423 4274 1543 4329 eius
1569 4274 1953 4330 commentarii
1979 4274 2037 4329 in
2064 4276 2275 4347 Evang.
2300 4276 2359 4331 S.
2398 4277 2555 4331 loan.
2586 4284 2641 4331 et
2670 4275 2729 4329 in
2754 4276 2935 4341 Apocu-

436 4380 460 4411 α
481 4360 646 4417 utiles
675 4369 862 4415 autem
890 4369 1048 4429 sunt,
1073 4376 1213 4431 quos
1241 4360 1438 4417 ultimo
1467 4360 1691 4427 adiecit,
1722 4360 1849 4417 libri
1874 4362 2116 4433 quinque
2145 4362 2213 4417 de
2241 4362 2452 4433 templo
2470 4370 2527 4419 et
2549 4362 2719 4427 cleiis,
2737 4373 2867 4431 quae
2879 4352 2936 4409 ad

431 4447 699 4518 templum
747 4448 1028 4519 pertinent
1072 4468 1125 4503 ι.
1167 4448 1450 4504 Nicotaus
1497 4449 1780 4505 serarius
1826 4465 2019 4505 omnes
2064 4448 2179 4505 sere
2222 4450 2392 4506 libros
2422 4450 2711 4507 historicos
2750 4441 2934 4502 Veteri>

425 4536 576 4588 Taet.
609 4536 826 4606 egregie
850 4535 1096 4607 quidem,
1123 4533 1223 4591 sed
1247 4534 1531 4593 interdum
1558 4538 1720 4592 nimis
1746 4536 1947 4593 diffuse
1972 4546 2376 4594 commentatus
2404 4548 2509 4604 est,
2534 4556 2601 4593 ex
2630 4539 2777 4593 Novo
2802 4536 2927 4587 Test.

425 4620 573 4675 solas
603 4622 878 4691 Epistulas
905 4623 1218 4679 catholicas
1257 4624 1579 4695 explic-atriu
1626 4626 1821 4681 ultimo
1860 4626 1989 4681 huie
2026 4626 2427 4683 commentario
2461 4624 2737 4698 praemisit
2766 4644 2789 4673 α
2822 4622 2929 4675 Pro·
