3050 5184
371 292 476 361 ‚38
555 308 832 353 HISTORIA
861 308 1110 362 cimoms
1143 310 1474 361 umwsouss
1503 309 1906 355 TESTAMENTL
1938 328 2019 339 --
2045 310 2175 355 (231³.
2211 310 2297 355 111.
2326 310 2464 353 CAN.
2496 308 2627 353 NOVI
2654 308 2875 351 TEST-

399 438 637 511 Philipp.
662 442 744 511 12)
767 440 926 497 Pauli
945 442 1203 512 epistolas
1231 441 1300 497 ad
1325 458 1384 497 se
1413 442 1751 514 conscriptas
1779 458 1978 516 magna
2006 458 2133 499 cum
2161 443 2467 499 reverentia
2494 440 2993 499 custodiverant,

400 527 522 599 quis
549 527 791 593 dubitat,
825 529 957 601 quin
993 530 1134 585 aliae
1164 530 1426 586 eeclesiae
1459 529 1657 586 eadem
1697 546 1826 587 eum
1862 529 2232 587 sollicitudine
2274 530 2555 602 epistolaS,
2598 544 2762 601 quas
2816 526 3018 609 ipsae¹

399 614 470 671 ab
509 616 789 687 Apostolis
831 626 1186 689 acceperant,
1217 618 1661 675 conservaverint
1697 620 2039 692 posterisque
2083 618 2510 675 transmiserint.
2550 614 2995 687 Quamobrem

399 704 603 775 optime
633 706 690 761 S.
731 704 1073 777 Augustinus
1114 703 1305 763 fideles
1346 704 1659 775 admonuit,
1689 716 1749 763 ut
1783 727 1808 757 α
1838 707 1895 763 in
1926 706 2204 763 canonicis
2242 706 2535 778 scripturis
2572 704 2997 761 ecclesiarum

400 789 795 849 catholicarum
833 793 1242 863 quamplurium
1274 794 1659 850 auctoritatem
1696 804 2017 867 sequantur,
2048 797 2204 851 inter
2235 810 2384 869 quas
2418 810 2563 850 sane
2596 792 2776 849 illae
2809 794 3018 863 sint„

399 896 554 951 quae
581 880 938 953 apostolicas
965 880 1128 937 sedes
1157 882 1372 939 habere
1395 889 1454 939 et
1475 880 1758 955 epistolas
1786 883 2043 956 recipere
2066 889 2402 939 meruerunt
2428 902 2455 934 n
2486 884 2708 949 (Doctr.
2746 879 2991 937 christ.

402 968 474 1023 ll.
507 970 580 1036 8).

525 1190 559 1273 ἓ
594 1193 656 1255 6.
691 1227 781 1239 -
807 1192 902 1257 De
931 1213 1185 1257 canone
1223 1191 1402 1259 Novi
1427 1193 1591 1259 Test.
1619 1168 1861 1281 primis
1892 1190 2103 1259 tribus
2130 1192 2469 1259 Ecclesiae
2494 1190 2835 1259 saeculzsss.

870 1394 1138 1453 Quaasrxo
1174 1399 1216 1443 1.
1251 1421 1310 1429 -
1341 1395 1544 1443 Petrum
1574 1395 1955 1456 apostolicorum
1982 1410 2139 1444 canon
2168 1396 2299 1443 Novi
2324 1396 2459 1444 Test-

482 1562 539 1619 1.
569 1592 648 1604 -
677 1562 1121 1639 Apostolorum
1158 1562 1501 1641 discipulos
1542 1568 1606 1623 et
1638 1564 2045 1627 immediatos
2075 1579 2475 1624 successores
2515 1562 2787 1642 scriptis
2822 1580 2975 1622 ma·
3017 1594 3018 1647 l

407 1656 751 1729 gistrorum
780 1674 1039 1717 suorum
1065 1658 1336 1719 divinam
1357 1664 1774 1721 auctoritatem
1803 1661 2167 1721 attribuisse
2196 1677 2392 1738 quum
2421 1660 2673 1723 disertis
2712 1676 2977 1719 eorum
3017 1688 3018 1713 1

410 1751 793 1812 testimoniis
843 1758 982 1813 tum
1033 1754 1280 1827 multiS,
1327 1772 1486 1833 quae
1533 1757 1597 1816 in
1631 1757 1887 1818 Patrurn
1936 1756 2426 1836 apostolicorum
2481 1744 2800 1833 operibus
2861 1756 2971 1815 in-

403 1849 756 1924 veniuntur,
786 1848 1198 1912 allusionibus
1227 1850 1576 1913 luculenter
1600 1853 2085 1915 demonstratur.
3017 1856 3018 1931 l

469 1962 705 2017 Diserta
734 1965 1070 2019 testimonia
1097 1973 1226 2020 sunt
1255 1963 1487 2038 triplicis
1521 1967 1737 2039 generis
1767 1988 1782 2021 ε
1814 1968 1887 2035 a.)
1917 1968 1968 2021 A
1998 1966 2252 2023 Patribus
2288 1965 2601 2037 apostolicis
2636 1966 2971 2039 aliquoties
3017 1992 3018 2021 ÷

399 2049 456 2104 in
479 2048 711 2105 citandis
734 2051 973 2107 textibus
988 2051 1128 2108 Novi
1147 2054 1294 2110 Test.
1323 2053 1659 2111 adhibentur
1687 2055 1978 2122 formulae,
2011 2054 2209 2126 quibus
2230 2055 2333 2111 soli
2356 2053 2481 2111 libri
2508 2053 2681 2110 divini
2706 2055 2969 2126 allegari

397 2136 594 2192 solent.
641 2139 723 2193 Ita
761 2136 831 2194 S:
861 2138 1184 2197 Barnabas
1213 2142 1333 2213 (Ep.
1358 2143 1436 2211 4.)
1481 2140 1720 2197 formula
1765 2162 1789 2191 α
1833 2142 1975 2219 sicut
2010 2142 2277 2211 scriptum
2312 2151 2395 2197 est
2437 2162 2463 2192 n
2517 2142 2598 2211 (ὡς
2638 2143 2959 2213 γέγραπται)
3017 2188 3018 2191 ,

402 2222 602 2297 allegat
636 2226 854 2283 Manli.
889 2233 1081 2295 2ο,16;
1113 2230 1173 2284 S.
1209 2228 1579 2301 Polycarpus
1607 2228 1696 2299 (ad
1721 2229 1957 2301 Philipp.
1995 2235 2074 2300 12)
2108 2228 2345 2285 formula
2378 2249 2403 2280 α
2436 2239 2497 2284 ut
2520 2229 2605 2285 his
2637 2230 2967 2300 Scripturis
3017 2252 3018 2309 ]

401 2310 612 2368 dictum
636 2323 720 2369 est
746 2334 795 2383 »,
822 2316 1106 2388 coniungit
1125 2322 1218 2371 Ps.
1249 2322 1342 2385 4,5
1367 2325 1423 2373 et
1444 2317 1599 2389 Eplt.
1624 2322 1782 2385 4‚26;
1810 2318 1867 2373 S.
1896 2316 2155 2375 Clemens
2176 2322 2342 2373 Rom.
2372 2318 2423 2387 (2
2449 2318 2576 2374 Cor.
2600 2322 2655 2385 2)
2679 2318 2959 2375 testimo-

399 2399 505 2456 niis
554 2402 834 2458 nonnullis
879 2419 945 2459 ex
994 2406 1190 2460 Vetere
1237 2406 1385 2461 Test.
1435 2403 1704 2461 desumtis
1741 2404 1985 2462 adnectit
2024 2406 2235 2462 Matth.
2284 2411 2412 2472 9,13
2464 2405 2703 2462 formula
2762 2426 2791 2457 α
2846 2405 2953 2460 alia
3017 2460 3018 2465 ,

399 2488 676 2561 Scriptura
706 2489 837 2547 dicit
861 2512 886 2543 n
906 2532 923 2557 ,
949 2499 1005 2547 et
1032 2493 1087 2548 in
1113 2492 1356 2563 epistolis
1384 2492 1454 2549 de
1483 2492 1806 2567 virginitate
1834 2492 2149 2565 frequenter
2178 2493 2447 2549 similibus
2482 2492 2737 2550 formulis
2768 2495 2961 2549 utitur

401 2579 447 2645 (1
492 2575 645 2649 Virg.
690 2584 745 2637 6..
788 2585 849 2634 11
885 2579 1067 2647 etc.)¹.
1097 2612 1166 2619 —
1197 2578 1274 2649 b.)
1305 2582 1361 2637 S.
1399 2582 1661 2638 Clemens
1694 2586 1852 2637 Rom.
1892 2584 1931 2652 (l
1970 2583 2097 2638 Cor.
2126 2583 2213 2653 47)
2246 2582 2466 2647 asserit,
2508 2581 2747 2637 Paulum
2790 2581 2951 2636 dici·
3017 2588 3018 2627 1

399 2665 562 2721 nitus
597 2668 964 2738 inspiratum
1012 2668 1376 2739 (πνευματικῶς)
1414 2668 1483 2725 de
1517 2686 1576 2725 se
1598 2670 1749 2740 ipso,
1782 2669 1852 2726 de
1890 2669 2074 2741 Cepha
2110 2678 2165 2726 et
2193 2668 2265 2725 de
2291 2668 2492 2741 Apollo
2520 2668 2591 2725 ad
2616 2669 2958 2725 Corinthios
3017 2706 3018 2709 η

401 2752 701 2825 scripsisse,
731 2763 896 2827 atque
933 2756 992 2813 S.
1032 2755 1401 2831 Polycarpus
1435 2757 1690 2830 (Philipp.
1724 2763 1777 2825 3)
1805 2756 2182 2829 Philippenses
2208 2766 2427 2826 mouet,
2474 2778 2500 2809 (ε
2548 2771 2643 2815 eos
2686 2756 2951 2829 epistolis

401 2844 584 2908 Pauli,
615 2840 660 2899 si
689 2844 884 2900 attenti
917 2860 1010 2901 eas
1039 2844 1308 2917 inspicere
1337 2845 1537 2913 velint,
1570 2845 1851 2903 aedificari
1876 2861 2037 2917 posse
2063 2845 2121 2900 in
2148 2845 2259 2901 fide
2298 2867 2349 2901 n.
2392 2876 2461 2887 -
2485 2848 2554 2915 c.)
2599 2845 2728 2901 Non
2756 2846 2957 2901 minus

401 2939 615 2987 certum
640 2940 1029 3005 argumentum
1061 2933 1329 3005 praebent
1355 2942 1539 2989 textus
1565 2933 1675 3002 illi,
1710 2934 1769 2989 in
1797 2933 1992 3005 quibus
2035 2954 2061 2985 α
2097 2933 2483 3007 Evanqelium
2518 2938 2573 2989 ec
2606 2932 2889 3007 Apostoli
2912 2952 2941 2981 ιο

401 3018 438 3073 i.
479 3034 528 3075 e.
569 3018 713 3075 duae
755 3029 966 3092 partes,
1007 3020 1061 3075 in
1104 3037 1242 3092 quas
1275 3020 1408 3077 olim
1449 3023 1668 3079 Novum
1703 3024 1853 3077 Test.
1892 3020 2340 3089 distribuebatur,
2372 3020 2448 3077 ita
2486 3037 2612 3077 cum
2650 3042 2675 3073 α
2708 3026 2860 3095 Lege
2887 3028 2947 3075 et

403 3106 708 3177 Prophetis
738 3128 762 3158 n
795 3110 1224 3180 coniunguntur,
1251 3117 1313 3164 ut
1341 3119 1394 3165 et
1432 3109 1634 3181 scripta
1664 3108 1940 3183 designari
1974 3118 2030 3165 et
2060 3108 2295 3166 eandem
2330 3108 2658 3182 dignitatem
2686 3111 2951 3179 utrisque

403 3193 642 3251 adscribi
670 3205 948 3266 appareat.
979 3198 1105 3252 Huc
1131 3198 1368 3253 maxime
1392 3206 1645 3269 spectant
1669 3201 1728 3255 S.
1754 3201 2022 3269 lynatt’us
2044 3200 2122 3255 M.
2146 3213 2379 3255 monens
2406 3197 2493 3267 (ad
2511 3200 2731 3271 Smyrn.
2756 3204 2812 3255 7.
2838 3202 2893 3263 8)
2926 3216 2938 3247 :

409 3302 436 3333 α
465 3282 700 3353 Oportet
725 3282 1012 3339 attendere
1044 3284 1363 3355 ProphetiS,
1405 3287 1697 3358 praecipue
1725 3294 1913 3342 autem
1941 3286 2237 3359 Evangelio
2274 3306 2300 3337 ιο
2344 3293 2400 3341 et
2427 3285 2498 3342 de
2529 3285 2825 3343 haereticis
2856 3286 2942 3341 lo·

405 3386 600 3441 quens,
637 3391 662 3423 α
693 3371 892 3442 quibus
934 3388 1039 3428 nec
1083 3373 1392 3445 Prophetae
1429 3382 1853 3445 persuaserunt,
1899 3390 2003 3430 nec
2040 3375 2246 3447 Moysis
2286 3375 2420 3441 Lex,
2464 3373 2560 3429 sed
2605 3390 2707 3430 nec
2751 3376 2939 3430 Evan-

406 3459 608 3531 gelium
637 3479 664 3511 n
708 3458 797 3525 (ad
823 3461 1044 3532 Symrn.
1083 3468 1144 3528 83
1185 3460 1271 3517 cfr
1307 3461 1473 3518 etiam
1500 3461 1572 3517 ad
1610 3461 1959 3531 Philadelph.
1989 3468 2043 3519 5.
2076 3470 2109 3519 8
2136 3464 2265 3535 sq.),
2296 3470 2463 3534 atque
2506 3471 2699 3522 auctor
2728 3479 2821 3535 ep.
2856 3458 2947 3514 ad

406 3548 776 3619 Dioynetum,
813 3568 836 3600 ι
871 3550 1066 3617 Metus,
1101 3550 1374 3622 inquiens,
1405 3552 1575 3623 Leyis
1601 3549 1949 3619 decantatur,
1978 3560 2034 3607 et
2060 3551 2499 3624 Prophetarum
2528 3549 2702 3623 gratia
2731 3564 2941 3623 cogno-

407 3635 605 3702 scitur,
651 3646 706 3692 et
745 3637 1201 3711 Evangeliorum
1238 3637 1378 3695 fides
1417 3638 1693 3696 stabilitur
1728 3646 1787 3695 et
1809 3638 2235 3713 Apostolorum
2275 3637 2497 3695 traditio
2526 3637 2854 3706 custoditur,
2884 3643 2934 3690 et

409 3723 682 3780 Ecclesiae
707 3726 880 3797 gratia
907 3726 1142 3782 exsultat
1164 3747 1190 3778 n
1229 3725 1318 3799 (ad
1339 3728 1541 3801 Diogn.
1576 3732 1705 3795 11.).

478 3812 811 3869 Allusiones
838 3814 908 3869 ad
933 3814 1075 3870 Novi
1101 3817 1252 3872 Test.
1291 3813 1462 3872 libros
1499 3816 1559 3872 in
1594 3817 1823 3873 Patrum
1854 3814 2281 3887 apostolicorum
2314 3815 2571 3887 operibus
2609 3812 2930 3888 frequentis·

409 3902 578 3957 simae
619 3910 774 3968 sunt;
805 3902 1212 3959 recentissimus
1250 3918 1443 3960 eorum
1484 3902 1666 3959 editor
1692 3903 1997 3961 catholicus
2038 3906 2219 3970 (Funk
2261 3905 2443 3975 Opera
2489 3905 2720 3959 Patrum
2758 3908 2937 3973 apost.

409 3991 692 4063 'tubingae
718 3996 1098 4059 1878.-1881.)
1119 3993 1180 4047 in
1207 3990 1486 4049 Indicibus
1511 3994 1607 4049 SS.
1634 3993 1755 4063 SS.,
1796 4008 1935 4065 quos
1979 3993 2221 4063 optimae
2266 4007 2398 4047 suae
2437 3989 2667 4047 editioni
2702 3986 2927 4051 addidit,

471 4168 538 4231 (l)
567 4167 762 4218 Addere
783 4168 866 4217 his
894 4167 1043 4217 liceat
1065 4166 1376 4218 haereticum
1404 4166 1630 4217 ineuntis
1655 4180 1785 4217 saec.
1812 4174 1858 4217 2.
1862 4204 1884 4231 ,
1910 4166 2203 4218 Basilidem
2218 4205 2230 4225 ,
2255 4166 2421 4231 quise
2446 4166 2691 4217 Matthiae
2712 4158 2934 4229 Apostoli
3017 4188 3018 4191 =

411 4246 710 4311 discipulum
734 4260 845 4297 esse
861 4245 1188 4309 gloriabatur.
1211 4248 1268 4297 ln
1287 4260 1495 4311 operum
1515 4245 1625 4296 eius
1647 4246 1957 4309 fragmentis,
1984 4260 2116 4312 quae
2134 4246 2199 4297 ab
2216 4250 2422 4295 anctore
2441 4244 2927 4309 Philosophumenon

411 4328 534 4389 (vll.
557 4332 619 4376 20
645 4327 780 4391 sqq.)
801 4328 1099 4377 conservata
1125 4327 1261 4386 sunt,
1285 4326 1465 4376 saltem
1487 4326 1646 4375 trium
1664 4326 2055 4389 Evangeliorum
2080 4326 2299 4388 (naun,
2326 4328 2468 4386 Luc.,
2496 4326 2661 4389 loan.)
2676 4328 2729 4375 et
2751 4322 2921 4387 episto-

412 4405 576 4454 larum
606 4406 940 4470 quarumdam
968 4405 1114 4455 Pauli
1139 4404 1300 4470 (Rom.
1318 4442 1333 4465 ,
1361 4410 1404 4458 1.
1432 4412 1460 4455 2
1496 4404 1633 4464 Gor„
1663 4406 1813 4469 pr.)
1848 4406 2003 4456 verba
2038 4406 2297 4456 consuetis
2330 4404 2562 4454 formulis
2596 4420 2607 4453 ε
2642 4420 2668 4451 ι
2695 4402 2923 4465 scriptum

413 4488 489 4535 est
513 4502 557 4543 υ,
586 4500 610 4531 α
637 4484 896 4548 Scriptura
923 4484 1047 4535 dicit
1075 4500 1102 4531 s
1127 4488 1224 4536 etc.
1261 4484 1560 4548 allegantur.
1586 4484 1885 4547 praeprimis
1912 4489 1993 4535 est
2022 4485 2330 4544 notandum,
2362 4498 2478 4534 eum
2504 4484 2654 4534 Ioan.
2700 4484 2776 4540 1,9
2810 4476 2932 4528 alle-

411 4576 527 4627 gare
545 4568 800 4627 tamquam
823 4580 848 4610 α
875 4564 1071 4615 dictum
1091 4564 1146 4615 in
1173 4566 1470 4627 Evangeliis
1497 4582 1551 4625 »ς
1580 4564 1718 4613 unde
1738 4567 1877 4629 patet
1900 4578 2017 4615 eum
2044 4564 2316 4627 Evangelia
2330 4564 2428 4612 ism
2452 4564 2503 4613 in
2526 4574 2628 4612 una
2644 4559 2925 4611 collectione

413 4642 683 4693 coniuncta
705 4641 998 4707 possedisse.
