3050 5184
368 270 487 330 520
526 289 599 332 DE
642 289 783 334 Novi
828 289 994 334 TEST.
1043 289 1235 336 umus
1274 289 1633 335 ms‘romcts.
1669 305 1750 318 -·-
1777 291 1909 334 CAP.
1941 289 2026 332 lv.
2057 287 2136 332 DE
2166 283 2413 330 acutius
2453 279 2880 326 Aposrotonun.

370 416 778 492 discipulosque
832 421 892 476 in
934 421 1322 478 Macedoniam
1368 422 1570 478 reverti
1616 421 1813 477 iubens
1857 417 2215 476 Timotheum
2263 412 2710 472 Thessalonicam
2753 408 2894 464 misit

370 510 417 572 (1
452 507 640 562 Thess.
667 514 715 576 3,
730 515 776 562 1.
800 513 897 575 2.).
922 511 999 564 Ex
1027 525 1136 580 qua
1164 510 1424 565 missione
1448 517 1576 581 post
1595 509 1809 581 aliquot
1829 505 2204 564 hebdomades
2220 503 2398 562 redux
2412 499 2735 558 Timotheus
2755 499 2894 554 Pau-

372 592 513 657 lum,
544 594 641 666 qui
662 595 873 651 interea
911 595 1155 652 Athenas
1192 597 1521 669 reliquerat,
1554 597 1804 654 Corinthi
1827 596 2034 652 invenit
2061 595 2214 663 (Act.
2246 593 2420 662 185),
2449 591 2508 646 S.
2537 590 2747 654 Lucas,
2777 585 2894 656 quia

368 681 508 736 Silas
526 689 582 736 et
602 683 926 738 Timotheus
953 685 1222 754 Apostolo
1250 682 1483 740 Athenis
1510 683 1832 740 adiumento
1849 699 1964 738 non
1989 683 2228 748 fuerant,
2255 681 2527 736 rationem
2553 690 2668 732 non
2691 672 2900 734 habuit,

369 784 469 823 cur
498 768 891 826 intermedium
918 770 1057 826 illud
1086 771 1192 826 iter
1214 780 1696 828 commemoraret.
1729 801 1799 811 —
1821 770 2130 826 Nonnullas
2157 773 2400 825 Actuum
2425 764 2776 820 narrationes
2799 761 2898 828 (ex.

370 871 452 926 gr.
487 860 638 927 16,6·,
675 863 853 926 18,22.
884 864 973 925 233
1006 864 1073 915 24
1083 861 1280 929 ,24-27)
1306 868 1424 915 tam
1446 858 1644 915 breves
1663 873 1801 925 esse,
1824 867 1888 914 ut
1909 857 2212 914 curiositati
2230 863 2454 912 nostrae
2471 867 2586 908 non
2605 849 2902 908 sufficiant,

370 942 603 1000 libenter
649 943 915 1013 fatemur,
962 944 1059 1001 sed
1102 945 1383 1017 quomodo
1423 944 1556 1001 inde
1602 945 1927 1013 deducatur,
1974 949 2149 1000 Actus
2191 958 2223 999 a
2261 942 2415 998 socio
2441 939 2601 997 Pauli
2628 952 2748 994 non
2791 949 2904 991 esse

370 1031 603 1103 scriptos
616 1072 631 1098 ,
662 1048 775 1088 non
812 1032 1081 1088 videmus,
1111 1033 1272 1101 Item,
1304 1034 1373 1090 ab
1394 1036 1644 1089 Actuum
1671 1041 1899 1090 auctore
1927 1032 2104 1088 multa
2143 1045 2263 1087 esse
2297 1029 2500 1086 omissa
2529 1023 2902 1083 concedimus.

370 1133 511 1189 quae
552 1134 620 1174 ex
660 1119 899 1190 paulinis
931 1121 1181 1191 epistolis
1216 1121 1473 1193 supplere
1504 1135 1824 1191 possumus,
1849 1134 2030 1192 neque
2062 1119 2240 1174 multo
2279 1118 2442 1190 plura
2469 1131 2590 1172 esse
2621 1126 2902 1184 negamus.

370 1220 513 1276 quae
540 1222 572 1262 a
601 1208 775 1262 Paulo
811 1205 1130 1264 indicantur
1154 1208 1408 1281 quidem,
1436 1208 1536 1264 sed
1559 1208 1971 1280 chronologice,
2003 1207 2134 1278 quia
2161 1221 2356 1261 eorum
2376 1213 2596 1274 tempus
2627 1217 2743 1256 non
2773 1199 2901 1254 defi-

372 1291 538 1364 nitur,
564 1294 793 1350 Actibus
826 1295 995 1350 inseri
1013 1311 1127 1352 non
1158 1306 1416 1367 possunt,
1452 1296 1587 1368 quin
1610 1296 1782 1351 etiam
1811 1293 2228 1362 contendimus,
2262 1293 2526 1364 plurimas
2552 1287 2807 1360 Apostoli
2827 1301 2904 1340 res

372 1389 551 1451 gestas
579 1390 633 1437 et
670 1399 701 1438 a
744 1383 915 1438 Paulo
945 1391 1000 1438 et
1026 1383 1097 1439 ab
1132 1387 1374 1439 Actuum
1402 1392 1628 1438 auctore
1656 1399 1778 1438 esse
1815 1381 2254 1453 praetermissam
2295 1389 2354 1435 at
2389 1387 2612 1435 tantum
2649 1375 2826 1440 abest,
2851 1384 2903 1428 ut

372 1465 493 1523 ideo
531 1477 813 1526 auctorem
850 1470 1162 1540 vituperare
1198 1479 1295 1526 aut
1336 1470 1540 1526 librum
1575 1470 1724 1526 socio
1754 1467 1913 1526 Pauli
1939 1467 2256 1525 abiudicare
2284 1468 2468 1538 liceat,
2501 1473 2566 1521 ut
2601 1463 2906 1537 gratissimo

375 1555 556 1624 potius
595 1557 778 1613 animo
822 1558 1170 1629 accipiamus,
1208 1572 1592 1630 quaecumque
1633 1573 1736 1628 per
1769 1557 1932 1614 illum
1968 1559 2122 1613 Deus
2161 1554 2456 1612 nobiscum
2499 1552 2906 1610 communicare

376 1643 566 1699 voluit.

744 1794 785 1884 ἓ
815 1802 919 1861 12.
960 1833 1049 1846 -
1075 1798 1169 1862 De
1198 1797 1488 1862 Actuum
1513 1795 1652 1883 fine
1679 1807 1746 1862 et
1766 1794 2083 1876 historica
2111 1793 2536 1860 auctoritate.

458 1965 513 2020 1.
541 1969 619 2004 —4
648 1962 809 2032 Quin
836 1963 896 2023 S.
931 1965 1124 2023 Lucas
1156 1963 1221 2023 in
1246 1964 1536 2037 ActibuS,
1561 1980 1722 2042 quos
1750 1963 1886 2041 ipse
1914 1961 2176 2022 alteram
2207 1958 2522 2038 Evangelii
2545 1958 2642 2019 sui
2671 1963 2904 2036 partem

376 2058 757 2118 constituere
787 2059 982 2132 dicat,
1018 2059 1307 2132 eosdem,
1340 2076 1502 2136 quos
1533 2059 1598 2119 in
1629 2059 1838 2137 priore
1868 2058 2062 2132 libro,
2098 2058 2366 2118 lectores
2391 2071 2541 2134 prae
2577 2054 2783 2115 oculis
2811 2052 2906 2112 ha·

376 2153 585 2214 buerit
610 2154 1005 2231 eundemque
1038 2155 1226 2215 finem
1258 2159 1626 2233 prosecutus
1656 2155 1770 2230 sit,
1799 2173 1927 2216 non
1952 2158 2048 2215 est
2077 2153 2363 2215 dubium.
2397 2150 2698 2213 Ecclesiis
2727 2150 2910 2226 igitur

377 2267 416 2309 a
458 2249 651 2310 Paulo
691 2249 967 2310 fundatis
997 2251 1137 2328 ipsa
1174 2251 1491 2330 Evangelii
1532 2251 1988 2330 propagatione
2031 2249 2464 2310 demonstrare
2493 2247 2727 2320 voluit,
2761 2243 2906 2306 illud

380 2361 516 2404 esse
548 2365 581 2402 c
609 2346 907 2406 virtutem
940 2347 1051 2406 Dei
1080 2346 1309 2408 Iudaeo
1340 2347 1618 2434 primum
1643 2351 1710 2406 et
1739 2349 1974 2408 Graeco
2006 2370 2062 2405 n.

448 2451 533 2503 De
570 2449 721 2504 tertii
748 2450 1029 2521 Evangelii
1065 2449 1435 2506 destinatione
1464 2459 1519 2506 et
1546 2450 1657 2506 fine
1685 2465 1852 2521 supra
1877 2449 1926 2523 (g
1963 2456 2058 2520 4,ss
2095 2462 2214 2522 sqq.
2255 2466 2308 2521 p.
2335 2452 2461 2518 ⁴81)
2493 2448 2762 2514 diximns3
2795 2447 2906 2500 uni-

272 2543 285 2554 '
380 2536 750 2591 versalitatem
779 2535 971 2592 salutis
1010 2552 1107 2609 per
1132 2535 1412 2593 Christum
1440 2538 1640 2593 allatae
1681 2537 1738 2592 in
1775 2538 2077 2609 Evangelio
2109 2553 2211 2610 suo
2241 2536 2401 2593 factis
2437 2535 2710 2608 dictisque
2737 2533 2908 2590 domi·

379 2623 517 2678 nicis
556 2626 736 2680 Lucas
781 2625 855 2679 ita
900 2623 1314 2693 demonstravit,
1366 2633 1429 2679 ut
1467 2625 1708 2696 primum
1751 2625 1836 2680 ius
1876 2624 1947 2680 ad
1987 2640 2220 2697 regnum
2266 2615 2656 2691 messianicum
2700 2621 2912 2678 Iudaeis

378 2719 693 2781 competere
720 2711 888 2767 simul
914 2710 1200 2768 indicaret.
1240 2714 1360 2768 Iam
1397 2727 1527 2767 vero
1562 2712 1623 2767 in
1655 2711 1887 2768 Actibus
1925 2727 1992 2767 ex
2029 2712 2338 2784 primitivae
2373 2711 2650 2767 Ecclesiae
2693 2708 2906 2766 historia

382 2807 706 2870 argumenta
728 2813 825 2855 sua
857 2797 1122 2867 desumit,
1141 2807 1219 2855 ut
1244 2798 1480 2855 eandem
1513 2799 1802 2855 veritatem
1833 2798 2122 2854 adstruat:
2156 2798 2518 2870 Evangelium
2541 2799 2691 2853 enim
2712 2797 2908 2852 saluta-

380 2901 501 2942 rem
545 2902 705 2942 suam
752 2887 1011 2942 virtutem
1056 2887 1204 2942 inter
1251 2885 1485 2942 Iudaeos
1532 2887 1774 2957 primum
1825 2884 2207 2942 manifestasse
2258 2885 2450 2955 docet,
2509 2885 2906 2957 quamprimum

380 2974 632 3044 Apostoli
666 2973 873 3044 Spiritu
914 2974 967 3029 S.
1004 2974 1199 3044 repleti
1230 2973 1584 3046 ierosolymis
1611 2974 1748 3028 etin
1784 2973 1988 3030 Iudaea
2018 2971 2330 3029 doctrinam
2357 2973 2585 3028 Domini
2611 2985 2908 3044 propagare

380 3061 714 3131 coepissent3
747 3061 895 3118 idem
925 3076 1057 3117 vero
1078 3061 1459 3133 Evangelium,
1489 3070 1781 3134 postquam
1805 3063 2028 3130 Petrus,
2060 3061 2312 3132 princeps
2345 3062 2774 3132 Apostolorum,
2809 3059 2908 3130 pri·

382 3161 533 3202 mum
577 3148 883 3216 ethnicum,
924 3148 1246 3205 Cornelium
1272 3149 1646 3204 centurionem
1661 3186 1677 3214 ,
1716 3147 1992 3219 baptismo
2020 3149 2077 3203 in
2101 3148 2404 3205 Ecclesiam
2433 3149 2736 3220 recepisset
2755 3156 2910 3218 atque

384 3235 634 3310 Apostoli
662 3235 951 3292 ecclesiam
981 3235 1372 3292 antiochenam
1406 3252 1473 3292 ex
1509 3235 1746 3292 ethnicis
1783 3237 2072 3292 collectam
2113 3235 2374 3292 missione
2401 3235 2692 3292 Barnabae
2719 3249 2908 3308 appro-

380 3319 620 3388 bassent,
652 3338 751 3393 per
778 3323 1031 3392 Paulum,
1063 3322 1390 3394 Apostolum
1418 3324 1686 3396 gentium,
1705 3323 1852 3379 inter
1878 3323 2128 3380 ethnicos
2145 3322 2417 3393 Galatiae,
2447 3322 2634 3392 Asiae,
2667 3319 2908 3380 Macedo-

380 3407 535 3473 niae,
573 3410 838 3466 Graeciae
878 3427 991 3467 non
1030 3411 1306 3468 minorem
1342 3409 1721 3467 manifestasse
1759 3412 2039 3467 virtutem.
2079 3411 2204 3479 Quo
2236 3427 2403 3468 sensu
2438 3419 2566 3482 apte
2607 3411 2778 3466 etiam
2811 3409 2906 3465 dici

381 3503 592 3567 potest,
628 3506 910 3554 auctorem
938 3499 1177 3556 voluisse
1202 3498 1586 3555 demonstrare
1627 3499 1920 3554 veritatem
1949 3499 2272 3556 ultimorum
2311 3499 2612 3556 verborum
2639 3497 2860 3554 Domini
2892 3517 2904 3549 ε

386 3601 413 3632 α
456 3585 755 3655 Accipietis
796 3587 1060 3642 virtutem
1102 3587 1538 3657 supervenientis
1573 3585 1806 3657 Spiritus
1844 3588 1900 3642 S.
1943 3587 2000 3642 in
2039 3602 2164 3656 VOS,
2205 3595 2260 3642 et
2295 3587 2448 3642 eritis
2483 3586 2624 3643 mihi
2656 3594 2828 3642 testes
2861 3585 2908 3638 in

382 3671 687 3727 Ierusalem
724 3681 781 3728 et
819 3672 874 3728 in
916 3673 1068 3728 omni
1109 3673 1316 3730 Iudaea
1352 3681 1409 3729 et
1456 3674 1727 3742 Samaria,
1773 3682 1832 3729 et
1867 3689 2045 3745 usque
2073 3674 2144 3730 ad
2170 3675 2432 3729 ultimum
2467 3683 2652 3730 terrae
2703 3695 2728 3726 n
2775 3677 2905 3740 (Aet.
3010 3711 3011 3720 ,

386 3763 527 3826 1,8);
588 3761 793 3816 etenim
838 3761 1005 3817 verba
1055 3760 1193 3817 haec
1238 3761 1600 3816 summarium
1642 3760 1926 3832 quoddam
1969 3763 2137 3817 totius
2184 3761 2312 3818 libri
2363 3762 2710 3818 constituunt
2753 3769 2908 3832 atque
3010 3793 3011 3846 ᾗ

384 3845 579 3902 eodem
607 3847 820 3912 ordine,
852 3865 963 3920 quo
992 3849 1203 3919 prolata
1235 3857 1382 3916 sunt,
1413 3848 1730 3905 narratione
1756 3847 2209 3905 demonstrantur
2236 3849 2484 3921 impleta.
3010 3851 3011 3864 ¹

458 3981 518 4041 2.
550 4015 629 4025 -
658 3981 867 4044 Alium
906 3999 1161 4060 prorsus
1194 3983 1384 4041 finem
1414 3981 1670 4042 Actibus
1708 3981 2013 4060 affingunt
2041 3981 2333 4042 moderni
2365 4005 2394 4035 «
2427 3982 2632 4042 critici
2665 4006 2730 4052 »,
2765 3999 2908 4060 quo·

384 4096 526 4141 rum
570 4079 911 4150 sententia,
954 4078 1006 4136 si
1054 4095 1203 4138 vera
1250 4080 1447 4150 esset,
1486 4077 1854 4138 historicam
1901 4078 2109 4156 operis
2157 4079 2594 4140 auctoritatem
2643 4079 2909 4139 funditus

388 4178 720 4236 everteret.
750 4174 999 4233 Etenim
1030 4178 1099 4234 ut
1126 4174 1414 4234 Petrinos
1450 4172 1838 4254 iudaizantes
1868 4177 1932 4234 et
1955 4174 2420 4235 universalistas
2439 4175 2733 4236 Paulinos
2763 4175 2912 4234 inter
3010 4159 3011 4242 ζ

390 4287 456 4332 se
486 4271 849 4331 conciliaret
887 4276 950 4330 et
978 4271 1043 4329 in
1084 4287 1279 4330 unum
1318 4287 1548 4348 corpus
1585 4271 2027 4347 coniungeret,
2059 4275 2298 4343 auctor,
2333 4272 2385 4330 si
2417 4270 2544 4332 illis
2569 4271 2729 4333 fides
2759 4273 2906 4331 esset

388 4365 708 4436 habenda,
743 4366 1049 4442 integram
1080 4366 1441 4444 primitivae
1480 4364 1792 4427 Ecclesiae
1831 4365 2162 4427 historiam
2193 4367 2272 4426 ad
2309 4367 2509 4428 instar
2545 4368 2908 4447 scriptorum
3010 4355 3011 4422 ἒ

394 4461 741 4521 fabularum
762 4461 1235 4522 romanensium
1255 4464 1583 4522 tractasset
1600 4461 1677 4521 ad
1701 4461 1764 4522 id
1787 4481 1985 4524 unum
2006 4462 2282 4526 intentus
2297 4511 2311 4538 ,
2335 4469 2408 4524 ut
2429 4479 2728 4542 magnum
2747 4463 2908 4524 illum
3010 4547 3011 4550 Ἴ

394 4554 749 4614 dissensum
780 4555 1237 4626 dissimularet,
1265 4559 1370 4635 qui
1400 4558 1568 4619 inter
1594 4558 1850 4618 Petrum
1879 4559 2161 4636 aliosque
2187 4561 2483 4637 antiquos
2514 4561 2836 4639 Apostolos
2854 4563 2912 4618 et
