3050 5184
836 331 911 374 nn
958 329 1201 372 ac‘rmm
1248 328 1465 372 omum-3
1508 327 1584 371 er
1627 327 2058 372 canonotocm.
2601 315 2720 374 523

496 460 783 519 Barnabae
826 470 881 516 et
908 461 1093 516 Pauli
1134 463 1397 532 primum
1432 463 1549 514 iter
1585 459 1971 531 apostolicum
2001 477 2102 532 per
2142 461 2384 532 Cyprum
2425 462 2714 531 (13,1-12),

425 542 839 623 Pamphyliam,
867 547 1161 616 Pisidiam,
1190 548 1527 618 Lycaoniam
1565 547 1774 602 multos
1803 546 2014 604 fructus
2055 548 2241 604 attulit
2285 552 2714 617 (13,13-14,26);

424 647 551 710 post
594 652 788 693 eorum
839 645 1027 691 autem
1069 634 1313 691 reditum
1376 634 1876 691 Indaeochristiani
1922 636 2095 707 aliqui
2144 635 2500 705 Antiochiae,
2546 651 2716 708 quum

426 725 681 782 ethnicos
712 739 1007 780 conversos
1035 723 1105 778 ad
1135 721 1614 780 circumcisionem
1649 721 1868 794 adigere
1897 724 2100 780 vellent
2113 765 2126 786 ‚
2153 723 2348 779 turbas
2385 724 2712 783 excitarunt,

421 812 521 870 sed
551 827 746 868 eorum
773 822 1007 866 conatus
1040 810 1231 866 reiecti
1258 819 1387 866 sunt
1408 811 1808 882 Apostolorum
1835 811 2070 866 concilio
2097 815 2378 878 (mn-34).

245 907 293 956 3.
325 899 661 972 Propagatio
682 898 968 972 Evangelii
990 898 1137 954 inter
1159 897 1411 954 ethnicos
1439 896 1824 965 Macedoniae,
1853 897 2117 965 Achaiae,
2150 897 2314 954 Asiae
2343 899 2478 954 Min.
2510 903 2714 967 (15,36-

420 993 628 1056 21‚15).
2579 1039 2582 1044 .

490 1076 694 1131 Paulus
722 1076 781 1130 in
809 1074 1051 1131 secundo
1087 1074 1301 1128 itinere
1342 1073 1673 1146 apostolico
1705 1073 1938 1130 visitatis
1978 1075 2225 1130 ecclesiis
2267 1081 2430 1130 antea
2473 1073 2715 1130 fundatis

417 1166 787 1232 (15,36-16,5)
812 1178 847 1218 a
874 1161 1078 1232 Spiritu
1100 1161 1155 1217 S.
1185 1161 1247 1216 in
1274 1159 1655 1216 Macedoniam
1680 1159 1878 1218 ductus
1906 1161 2332 1219 Thessalonicae
2361 1170 2416 1216 et
2443 1160 2716 1232 Philippis

420 1253 777 1318 (16,6-17,15)
798 1257 855 1306 et
882 1247 1082 1305 deinde
1106 1247 1357 1304 Corinthi
1382 1247 1445 1302 in
1479 1247 1688 1304 Achaia
1714 1246 1966 1304 fundavit
1994 1248 2257 1305 ecclesias
2287 1253 2710 1318 (1⁷,16·18,22);

418 1339 479 1394 in
518 1343 693 1395 tertio
730 1340 945 1394 itinere
977 1345 1162 1394 autem
1201 1332 1404 1405 Ephesi
1436 1335 1534 1390 diu
1571 1335 1822 1390 residens
1857 1336 1971 1392 late
2001 1352 2103 1408 per
2138 1337 2486 1408 provinciam
2525 1337 2712 1392 Asiam

415 1426 779 1498 Evangelium
810 1425 1011 1496 sparsit
1038 1428 1299 1492 (lim-20)
1330 1431 1385 1477 et
1423 1423 1668 1478 ecclesiis
1702 1423 2059 1480 Macedoniae
2100 1424 2451 1496 Achaiaeque
2483 1425 2714 1479 visitatis

420 1513 762 1585 lerosolyma
790 1528 1043 1569 reversus
1070 1520 1154 1566 est
1186 1511 1609 1578 (19‚21·21,15).
2446 1497 2486 1552 0

238 1607 287 1655 4.
322 1601 486 1656 Pauli
514 1601 807 1672 captivitas
832 1599 1192 1672 propagando
1217 1599 1518 1670 Evangelio
1543 1598 1774 1654 inservit
1799 1601 2214 1668 (21,16-28,31).

486 1689 695 1746 Paulus
723 1689 1077 1760 lerosolymis
1103 1695 1299 1757 captus
1322 1687 1650 1742 Caesaream
1680 1685 1973 1742 abducitur
1997 1691 2424 1756 (21,16-23,35),
2451 1686 2548 1742 ubi
2576 1688 2711 1742 duo-

414 1776 521 1832 bus
566 1776 725 1832 annis
768 1777 827 1830 in
873 1791 1093 1832 carcere
1148 1774 1407 1829 detentus
1455 1788 1646 1830 coram
1691 1773 2146 1845 procuratoribus
2190 1775 2436 1830 romanis
2483 1783 2538 1829 et
2583 1789 2713 1846 rege

417 1864 663 1936 Agrippa
682 1863 851 1920 fidem
880 1863 1173 1934 profitetur
1193 1862 1588 1932 (24,1-26,32);
1619 1861 1844 1916 demum
1863 1865 2105 1918 Romam
2126 1863 2326 1918 missus
2347 1866 2614 1931 (27‚1-28,
2629 1867 2710 1928 15)

416 1951 625 2007 ibidem
646 1950 926 2020 omnibus,
960 1951 1055 2022 qui
1078 1947 1146 2004 ad
1177 1949 1357 2019 ipsum
1388 1957 1688 2016 venerunt,
1719 1965 1821 2020 per
1846 1948 2136 2006 biennium
2163 1948 2450 2022 praedicat
2478 1964 2713 2022 regnum

416 2041 521 2094 Dei
546 2044 874 2106 (28,16-31).

242 2199 297 2256 2.
339 2232 419 2239 —
448 2196 730 2274 Triginta
752 2195 1031 2274 quinque
1061 2195 1311 2256 circiter
1328 2213 1522 2254 annos
1554 2195 1615 2254 S.
1641 2197 1836 2254 Lucas
1867 2196 1931 2254 in
1963 2214 2072 2256 sua
2099 2195 2366 2256 historia
2394 2194 2708 2272 complec-

178 2294 338 2367 titur,
372 2311 461 2354 sc.
498 2311 535 2353 a
564 2311 712 2352 vere
737 2293 879 2352 anni
913 2294 1010 2351 29.
1046 2308 1243 2369 usque
1272 2290 1350 2351 ad
1380 2291 1550 2351 idem
1579 2295 1831 2369 tempus
1864 2293 2010 2350 anni
2040 2293 2174 2362 64.;
2209 2293 2328 2352 tria
2361 2297 2576 2352 autem
2606 2290 2710 2350 iti-

176 2407 313 2450 nera
342 2389 691 2468 apostolica
716 2389 893 2449 Pauli
920 2389 1084 2448 intra
1115 2405 1312 2447 annos
1341 2391 1439 2447 44.
1475 2392 1540 2446 et
1573 2391 1669 2447 59.
1701 2387 1867 2448 facta
1898 2392 2062 2448 sunt.

234 2509 417 2566 Simili
444 2510 633 2579 modo,
664 2524 775 2580 quo
798 2509 857 2564 in
885 2507 1214 2580 Evangelio,
1240 2509 1295 2565 S.
1328 2509 1507 2563 Lucas
1535 2507 1594 2564 in
1621 2507 1853 2564 Actibus
1881 2510 2179 2566 nonnullas
2203 2525 2294 2565 res
2321 2518 2502 2582 gestas
2527 2505 2711 2564 innuit

173 2599 251 2652 vel
273 2597 476 2664 refert,
510 2613 745 2667 quarum
770 2612 875 2668 ope
899 2596 1021 2652 eius
1044 2596 1393 2654 narrationes
1416 2610 1546 2651 cum
1577 2595 1802 2651 historia
1833 2593 2070 2667 profana
2097 2608 2431 2654 connectere
2457 2604 2513 2651 et
2541 2594 2708 2651 chro-

174 2687 417 2758 nologice
441 2684 675 2741 definire
704 2699 1017 2755 possumus.
1044 2684 1173 2739 Tria
1200 2683 1530 2754 praesertim
1553 2691 1682 2739 sunt
1703 2684 1974 2754 temporis
1998 2692 2202 2754 puncta
2217 2727 2232 2752 ,
2257 2683 2328 2739 de
2359 2683 2560 2754 quibus
2590 2683 2706 2754 ple-

172 2773 321 2844 rique
362 2774 703 2843 interpretes
739 2771 1107 2828 consentiunt.
1141 2771 1533 2826 Narrationem
1571 2785 1728 2826 suam
1757 2779 1953 2828 auctor
1989 2771 2184 2842 incipit
2223 2787 2254 2826 a
2285 2770 2708 2842 quadragesimo

173 2859 251 2914 die
278 2869 409 2931 post
436 2860 663 2915 Domini
692 2859 1181 2927 resurrectionem,
1220 2859 1259 2913 i.
1294 2875 1343 2913 e.
1385 2875 1418 2913 a
1445 2874 1626 2914 verno
1654 2867 1906 2929 tempore
1946 2875 1998 2914 a.
2041 2864 2128 2915 29.
2161 2874 2324 2914 aerae
2355 2858 2502 2930 vulg.
2533 2860 2707 2913 Porro

172 2957 403 3004 mortem
439 2946 681 3004 Herodis
713 2947 989 3020 Agrippae
1021 2949 1066 3003 1.
1105 2961 1236 3002 cum
1260 2947 1315 3002 S.
1354 2945 1541 3002 Iacobi
1571 2946 1701 3002 Mai.
1741 2946 2027 3019 martyrio,
2058 2948 2115 3001 S.
2147 2947 2297 3002 Petri
2327 2943 2652 3002 liberatione
2677 2960 2709 3000 e

173 3050 405 3104 carcere,
440 3036 535 3092 SS.
564 3035 723 3091 Pauli
751 3043 809 3088 et
833 3034 1121 3090 Barnabae
1148 3034 1345 3088 itinere
1382 3035 1453 3089 ad
1488 3033 1872 3104 eleemosynas
1896 3035 1956 3088 in
1982 3034 2352 3089 Palaestinam
2379 3031 2708 3088 deserendas

172 3121 241 3176 ita
260 3123 549 3194 coniungit
576 3131 632 3178 et
651 3121 929 3176 connectit
952 3125 1377 3190 (11,29-12,25),
1401 3129 1463 3174 ut
1479 3122 1669 3176 omnia
1691 3121 1838 3177 circa
1861 3119 2012 3176 idem
2035 3131 2254 3193 tempus
2277 3120 2524 3176 evenisse
2542 3135 2707 3192 appa-

171 3219 311 3278 reat3
341 3210 495 3266 aFl.
528 3209 771 3282 loseplzo
801 3216 988 3264 autem
1016 3208 1271 3279 (Antiqu.
1301 3209 1463 3264 XIX.
1496 3213 1622 3278 5,1;
1664 3213 1777 3276 8‚2)
1806 3207 2098 3278 discimus,
2140 3209 2453 3282 Agrippam
2488 3211 2533 3264 1.
2564 3223 2618 3264 a.
2647 3214 2702 3262 4.

171 3297 377 3354 Claudii
414 3297 799 3367 imperatoriS,
832 3295 871 3350 i.
914 3311 964 3351 e.
996 3311 1049 3352 a.
1078 3301 1167 3350 44.
1200 3311 1363 3351 aerae
1393 3297 1564 3367 vulg„
1607 3311 1727 3351 esse
1757 3305 2070 3366 mortuum3
2103 3296 2291 3369 itaque
2316 3295 2530 3364 omnia,
2565 3312 2705 3369 quae

170 3389 299 3440 Act.
348 3390 590 3455 1,1-13,1
640 3391 956 3451 narrantur,
996 3383 1141 3438 intra
1189 3399 1240 3438 a.
1282 3389 1368 3438 29.
1411 3391 1466 3438 et
1514 3399 1566 3438 a.
1610 3389 1697 3438 44.
1731 3393 1884 3454 gesta
1932 3393 2081 3439 sunt.
2125 3387 2320 3439 Annus
2349 3383 2604 3452 demum,
2635 3381 2704 3438 ad

174 3488 332 3542 quem
382 3487 585 3545 usque-
616 3473 797 3526 Lucas
836 3470 1211 3526 narrationem
1252 3469 1532 3540 perducit,
1578 3487 1780 3542 magua
1823 3487 1950 3526 cum
1994 3471 2382 3542 probabilitate
2423 3471 2700 3527 definitur.

172 3561 421 3632 Namque
448 3560 687 3615 Paulum
722 3558 1001 3632 captivum
1026 3560 1267 3615 Romam
1295 3559 1443 3612 misit
1470 3560 1666 3614 Festus
1689 3558 1846 3613 brevi
1880 3569 2172 3630 postquam
2199 3560 2436 3616 Iudaeae
2466 3559 2704 3615 admini-

172 3649 491 3706 strationem
511 3646 751 3716 suscepit
779 3651 921 3715 (25,1
948 3650 1123 3718 sqq.);
1155 3646 1361 3701 iterum
1383 3654 1572 3701 autem
1595 3662 1664 3701 ex
1690 3646 1780 3702 Fl.
1805 3647 2036 3720 Ioseplci
2067 3648 2424 3704 relationibus
2453 3647 2702 3718 (Antiqu.

170 3738 297 3792 XX.
328 3742 453 3806 8‚9;
485 3735 611 3790 Vita
643 3740 695 3789 1.
728 3739 779 3801 3)
810 3734 1149 3805 colligimuS,
1180 3733 1451 3800 Felicem,
1482 3734 1634 3789 Festi
1671 3734 2185 3806 praedecessorem,
2215 3751 2444 3791 munere
2471 3750 2574 3790 suo
2603 3733 2704 3790 dc-

171 3821 417 3876 t'unctum
457 3836 579 3876 esse
617 3837 671 3877 a.
702 3826 791 3877 61.
824 3819 989 3876 Unde
1026 3820 1325 3888 habemus,
1354 3822 1590 3876 Paulum
1621 3822 1974 3894 lerosolymis
1997 3823 2058 3878 in
2090 3823 2304 3878 vincula
2332 3838 2452 3878 esse
2481 3821 2702 3878 coniec-

170 3917 286 3964 tum
310 3909 455 3966 circa
484 3906 687 3964 festum
714 3909 1069 3963 Pentecostes
1098 3913 1300 3977 (20‚16)
1330 3923 1381 3962 a.
1423 3915 1513 3963 59.
1533 3951 1546 3976 ,
1589 3911 1889 3965 Caesareae
1919 3911 1976 3964 in
2005 3926 2228 3966 carcere
2259 3911 2548 3964 detentum
2584 3925 2702 3966 esse

172 4013 267 4066 per
297 3996 583 4052 biennium
614 3997 815 4064 (24,27)
844 4011 1020 4068 usque
1048 3995 1120 4051 ad
1146 4004 1508 4051 auctumnum
1541 4013 1592 4052 a.
1625 4003 1711 4053 61.
1735 4041 1747 4066 ,
1775 4001 2016 4053 Romam
2047 3998 2334 4053 advenisse
2363 4013 2534 4052 verno
2557 4006 2702 4052 tem-

172 4099 297 4152 pore
324 4099 373 4138 a.
416 4090 531 4152 62,
559 4092 725 4154 atque
754 4083 1039 4140 biennium
1074 4083 1403 4154 captivitatis
1432 4099 1696 4140 romanae
1713 4129 1726 4152 ,
1761 4100 1871 4157 quo
1895 4085 2228 4140 terminatur
2252 4087 2494 4140 Actuum
2525 4085 2700 4140 histo-

170 4171 271 4240 ria,
300 4171 608 4228 decurrisse
630 4186 804 4242 usque
829 4169 900 4227 ad
924 4187 1020 4226 ver
1048 4186 1101 4226 a.
1134 4176 1221 4228 64.

248 4339 305 4396 3.
330 4371 407 4382 —
434 4341 515 4401 Ut
540 4339 925 4416 reliquarum
948 4357 1163 4400 rerum
1190 4344 1511 4420 gestarum
1533 4345 1783 4418 tempus
1806 4340 2156 4412 definiatur,
2181 4341 2257 4400 ad
2280 4342 2457 4402 Pauli
2479 4342 2702 4402 itinera

172 4435 507 4510 apostolica
534 4436 783 4496 animus
831 4435 1189 4497 intendatur
1219 4441 1501 4514 oportet,
1534 4438 1766 4515 quippe
1809 4455 1846 4496 a
1887 4437 2117 4513 quibus
2146 4439 2268 4498 alia
2307 4439 2434 4498 fere
2474 4439 2702 4516 depen-

170 4529 373 4590 deant.
402 4532 536 4593 Iam
567 4548 719 4592 vero
748 4532 1025 4610 primum
1056 4533 1177 4592 iter
1206 4532 1608 4610 ΗΒΑ-1435)
1650 4533 1728 4592 ab
1761 4551 1818 4592 a.
1851 4535 1950 4593 46.
1981 4533 2232 4593 circiter
2259 4535 2337 4593 ad
2363 4553 2418 4594 a.
2453 4537 2579 4608 49„
2613 4535 2700 4595 al-

172 4629 369 4686 terum
394 4627 837 4708 (15‚35-18,22)
861 4628 938 4687 ab
968 4646 1024 4687 a.
1059 4631 1155 4688 51.
1184 4628 1261 4687 ad
1292 4647 1349 4687 a.
1379 4631 1501 4700 54„
1537 4629 1794 4690 tertium
1821 4628 2261 4710 (18‚23-21,t5)
2292 4633 2368 4692 ab
2398 4649 2453 4692 a.
2487 4634 2586 4692 55.
2619 4630 2699 4691 ad
