3050 5184
413 248 530 306 544
571 263 646 306 DE
676 251 1013 320 NOVLTEST.
1043 263 1232 308 Limus
1258 261 1617 308 DmAcrchS.
1644 281 1725 290 --
1750 261 1878 308 GAP.
1912 263 1981 306 11.
2021 261 2096 306 DE
2128 261 2307 306 Emsr.
2342 257 2611 304 PAULINIS
2644 253 2913 299 sumnus

1108 514 1142 596 ξ
1169 517 1232 576 6.
1262 549 1351 560 -
1386 513 1481 576 De
1505 510 1787 600 epistola
1812 509 1908 576 ad
1943 509 2247 576 Galatas.

495 733 547 790 1.
576 765 655 774 -
682 733 728 791 I.
762 733 851 790 De
880 733 1189 792 Gaurus
1219 748 1539 792 ecetesus.
1569 730 1845 793 Galatiae
1866 731 2123 790 nomine
2152 745 2473 790 romanam
2494 728 2669 787 illam
2701 725 2925 803 provin·

411 825 570 886 ciam
605 829 682 888 ab
725 828 1023 906 Apostolo
1065 828 1412 905 designari,
1447 845 1611 905 quae
1641 833 1893 905 praeter
1922 851 1953 884 «
1984 826 2313 906 galaticam
2354 825 2683 902 regionem
2717 847 2748 877 n
2794 823 2921 900 (Act.

415 907 577 1003 165)
626 924 820 986 etiam
870 925 1262 1002 Lycaoniam,
1296 924 1725 1002 Pisidiamque
1771 924 2327 1002 complectebatur,
2373 939 2501 981 non
2550 919 2927 980 communior

413 1020 672 1096 quidem
699 1021 808 1081 sed
832 1021 1234 1082 verisimilior
1265 1023 1578 1082 sententia
1606 1026 1722 1082 est.
1760 1043 1791 1076 α
1823 1020 2139 1082 Ecclesiae
2180 1019 2449 1080 Galatiae
2482 1041 2511 1074 η
2552 1017 2775 1095 igitur,
2814 1016 2925 1092 qui-

413 1117 532 1175 bus
564 1117 812 1177 tertiam
842 1133 1016 1177 suam
1047 1117 1378 1195 epistolam
1409 1118 1693 1196 scripsit,
1724 1121 1894 1177 recte
1930 1115 2371 1194 intelliguntur
2398 1114 2565 1183 illae,
2600 1129 2765 1190 quas
2792 1113 2925 1171 Pau·

413 1213 511 1272 lus
556 1230 700 1274 cum
737 1213 1022 1274 Bernaba
1060 1213 1125 1273 in
1153 1214 1360 1292 primo
1399 1231 1512 1275 suo
1552 1215 1778 1274 itinere
1818 1213 2184 1275 Antiochiae
2214 1212 2281 1271 in
2310 1210 2576 1280 Pisidia,
2612 1209 2857 1286 Lystris
2882 1213 2926 1266 el

389 1301 653 1371 'Derbae
686 1311 754 1369 in
779 1310 1092 1388 Lycaonia
1120 1312 1184 1371 et
1210 1317 1242 1363 «'
1270 1327 1384 1388 per
1410 1314 1609 1371 totam
1633 1311 1956 1388 regionem
1985 1309 2051 1369 in
2080 1309 2343 1369 circuitu
2382 1331 2410 1362 »
2438 1305 2745 1367 fundavit.

481 1422 762 1480 Celtarum
790 1423 990 1491 (Κελτοί
1021 1424 1108 1479 vel
1135 1423 1374 1490 Γαλάται)
1405 1423 1582 1479 tribus
1615 1423 1917 1479 nonnullae
1950 1423 2179 1479 ineunte
2206 1437 2348 1478 saec.
2385 1427 2434 1476 3.
2475 1420 2534 1474 in
2570 1419 2769 1474 Asiam
2812 1418 2927 1472 Min.

392 1511 791 1583 .immigrantes
825 1521 1041 1582 partem
1072 1511 1344 1584 Phrygiae
1381 1519 1749 1582 occuparunt,
1788 1527 1933 1582 quae
1968 1510 2038 1566 ab
2079 1511 2158 1566 eis
2192 1525 2397 1564 nomen
2436 1507 2732 1565 Galatiae
2760 1505 2926 1560 traxit.

411 1601 564 1654 Saec.
589 1604 644 1654 2.
675 1598 909 1655 Galatae
935 1602 1317 1656 Romanorum
1347 1599 1482 1654 socii
1511 1598 1642 1654 facti
1670 1607 1827 1666 sunt;
1854 1613 2050 1654 eorum
2078 1597 2333 1669 princeps
2358 1595 2653 1651 Deiotarus
2682 1593 2885 1650 deinde
2906 1609 2928 1646 a

411 1687 675 1756 Pompeio
708 1687 854 1758 regis
881 1686 1044 1742 titulo
1077 1695 1309 1742 ornatus
1337 1687 1605 1758 novisque
1632 1687 1799 1743 terris
1826 1687 2016 1742 vicinis
2046 1684 2284 1741 donatus
2316 1693 2428 1750 est3
2457 1683 2573 1738 eius
2600 1690 2797 1738 autem
2826 1697 2927 1736 suc-

411 1789 596 1830 cessor
622 1777 892 1846 Amyntas
915 1773 983 1829 ab
1011 1777 1260 1846 Augusto
1287 1775 1645 1848 Lycaoniam,
1670 1773 1954 1843 Pisidiam,
1984 1773 2375 1845 Pamphyliam
2399 1770 2664 1837 obtinuit,
2697 1768 2804 1826 sed
2828 1780 2930 1840 post

409 1865 684 1935 Amyntae
719 1869 958 1917 mortem
985 1862 1228 1918 Romani
1263 1871 1446 1918 totum
1483 1861 1601 1918 eius
1630 1878 1862 1934 regnum
1890 1863 1949 1917 in
1975 1861 2211 1918 formam
2254 1859 2569 1932 provinciae
2604 1856 2927 1930 redegerunt

413 1957 483 2017 (a.
515 1956 602 2006 24.
632 1965 682 2006 a.
715 1949 897 2018 Chr.),
927 1965 1068 2021 quae
1099 1965 1307 2006 nomen
1343 1951 1630 2008 Galatiae
1658 1950 1914 2018 retinuit,
1943 1949 2193 2021 quamvis
2228 1949 2383 2021 regio
2416 1963 2447 2002 a
2473 1944 2686 2004 Galatis
2716 1947 2931 2018 proprie

411 2037 572 2094 dictis
595 2047 863 2108 occupata
892 2053 1000 2094 non
1025 2045 1172 2093 esset
1193 2039 1300 2093 nisi
1321 2039 1551 2094 minima
1575 2053 1751 2094 novae
1781 2037 2095 2108 provinciae
2120 2053 2265 2109 pars,
2300 2039 2494 2106 ltaque
2520 2034 2725 2105 duplici
2756 2049 2928 2090 sensu.

414 2126 603 2182 latiore
635 2133 692 2181 et
723 2126 1028 2194 strictiore,
1057 2141 1260 2181 nomen
1291 2126 1543 2182 Galatiae
1570 2125 1873 2198 antiquitus
1902 2125 2270 2197 usurpabatur
2302 2133 2357 2180 et
2394 2122 2643 2195 quaestio
2670 2123 2927 2178 exoritur.

411 2229 520 2286 quo
539 2229 704 2269 sensu
722 2213 779 2268 in
798 2213 1050 2283 Apostoli
1069 2214 1423 2285 inscriptione
1448 2215 1576 2280 (ταῖς
1594 2213 1873 2281 ἐκκλησίαις
1891 2217 1977 2280 τῆς
1988 2213 2250 2282 Γαλατίας)
2274 2219 2605 2282 usurpatum
2630 2210 2717 2265 sit.
2750 2212 2931 2266 Patre.-

411 2310 467 2356 et
493 2300 703 2372 antiqui
731 2301 1058 2372 interpretes
1094 2301 1477 2372 quaestIonem
1516 2302 1661 2358 hanc
1698 2300 1904 2357 diserte
1940 2317 2054 2357 non
2094 2308 2433 2366 tractarunt3
2466 2297 2723 2354 moderni
2772 2300 2929 2354 inter-

377 2397 590 2459 pretes
629 2387 874 2459 plerique
917 2387 1192 2444 Galatiam
1242 2389 1462 2459 proprie
1507 2389 1715 2445 dictam
1754 2389 2094 2462 intelligunt,
2122 2385 2547 2460 praeferendam
2572 2395 2771 2442 tamen
2812 2403 2929 2442 cen-

409 2491 591 2534 semus
625 2491 817 2530 eorum
850 2476 1208 2545 sententiam,
1243 2477 1338 2548 qui
1369 2477 1619 2533 Galatiae
1662 2492 1869 2532 nomen
1910 2476 2106 2533 latiore
2144 2492 2307 2532 sensu
2349 2474 2689 2546 explicantes
2722 2483 2927 2530 tenent.

407 2563 697 2634 epistolam
742 2562 1004 2634 scriptam
1049 2579 1167 2620 esse
1214 2565 1459 2620 ecclesiis
1487 2580 1518 2620 a
1547 2565 1720 2620 Paulo
1766 2573 1822 2620 et
1866 2564 2119 2620 Barnaba
2165 2565 2221 2619 in
2272 2563 2451 2634 primo
2497 2564 2609 2616 iam
2656 2561 2863 2618 itinere
2886 2561 2929 2614 in

407 2651 606 2708 Pisidia
638 2660 694 2708 et
719 2653 996 2721 Lycaonia
1025 2651 1288 2708 fundatis.

375 2779 382 2784 ·
477 2740 629 2809 Quae
665 2740 937 2795 sententia
978 2739 1060 2795 his
1095 2739 1290 2796 nititur
1323 2739 1665 2811 argumentis
1704 2760 1718 2794 :
1760 2741 1842 2808 a.)
1889 2740 2129 2811 Epistola
2164 2739 2432 2809 ostendit,
2473 2758 2500 2789 (t
2524 2739 2789 2794 ecclesias
2828 2740 2927 2795 Ga-

405 2828 569 2885 latiae
611 2848 635 2880 n
683 2826 796 2884 iam
838 2835 967 2883 ante
1017 2827 1322 2883 Concilium
1373 2827 1736 2898 apostolicum
1785 2843 1904 2884 esse
1953 2828 2235 2897 fundatas3
2284 2843 2413 2883 nam
2462 2827 2507 2882 si
2544 2827 2851 2897 Apostolus
2882 2827 2927 2880 in

404 2916 645 2972 Concilio
681 2913 830 2975 salsis
859 2914 1122 2971 fratribus
1155 2931 1226 2970 ne
1261 2913 1332 2970 ad
1362 2915 1561 2971 horam
1598 2914 1823 2987 quidem
1856 2916 2045 2984 cessit,
2080 2936 2103 2966 a
2135 2925 2196 2971 ut
2224 2916 2426 2971 veritas
2465 2913 2748 2986 Evangelii
2792 2915 2927 2986 apud

405 3005 651 3061 Galatas
675 3008 1050 3076 permaneret
1087 3022 1112 3054 »
1151 3001 1304 3069 (Gal.
1349 3008 1484 3070 2,5),
1527 3003 1723 3059 obvius
1762 3001 2059 3060 verborum
2098 3019 2293 3060 sensus
2328 3000 2549 3069 suadet,
2587 3011 2653 3058 ut
2688 3010 2928 3074 tempore

405 3091 637 3148 Concilii
664 3089 802 3147 tides
831 3089 978 3162 apud
1003 3089 1231 3146 Galatas
1255 3091 1369 3145 iam
1395 3099 1698 3163 propagata
1728 3105 1847 3147 esse
1874 3090 2119 3160 dicatur3
2148 3091 2299 3162 atqui
2320 3091 2379 3146 in
2407 3089 2689 3146 Galatiam
2718 3091 2927 3162 proprie

405 3179 611 3235 dictam
647 3176 943 3244 (Γαλατικὴν
971 3180 1162 3248 χώραν)
1188 3179 1396 3233 Paulus
1431 3194 1547 3234 non
1580 3177 1689 3254 nisi
1720 3179 1781 3234 in
1822 3179 2065 3252 secundo
2096 3178 2292 3235 itinere
2308 3184 2441 3251 post
2471 3178 2787 3234 Concilium
2816 3195 2929 3250 per·

405 3267 554 3322 venit
578 3270 732 3330 (Aet.
761 3271 926 3334 165).
959 3265 1035 3331 b.)
1058 3268 1232 3321 Porro
1263 3264 1333 3321 de
1359 3264 1614 3321 Barnaba
1642 3266 1874 3337 epistola
1902 3268 1977 3322 ita
2006 3267 2280 3339 loquitur,
2310 3275 2374 3322 ut
2402 3281 2530 3321 eum
2558 3266 2618 3321 in
2640 3287 2665 3316 ει
2698 3267 2929 3322 ecclesiis

401 3352 650 3409 Galatiae
679 3373 705 3404 n
739 3368 1002 3424 magnam
1029 3353 1420 3410 auctoritatem
1457 3353 1717 3408 habuisse
1754 3354 1981 3410 evidens
2008 3355 2080 3410 sit
2108 3353 2262 3421 (Gal.
2298 3359 2409 3422 2,1.
2445 3359 2502 3410 9.
2534 3357 2653 3422 13);
2684 3355 2843 3426 atqui
2880 3356 2927 3409 in

403 3442 578 3510 prima
608 3439 831 3511 quidem
871 3441 1244 3512 expeditione,
1271 3456 1380 3512 qua
1409 3439 1643 3496 Pisidiae
1672 3449 1729 3496 et
1755 3443 2066 3514 Lycaoniae
2099 3443 2355 3498 ecclesias
2382 3440 2667 3510 fundavit,
2700 3441 2801 3498 sed
2822 3458 2925 3498 non

399 3529 458 3582 in
485 3525 723 3583 secunda
761 3535 860 3581 aut
903 3529 1094 3598 tertia,
1123 3527 1322 3600 quibus
1355 3549 1380 3578 α
1411 3528 1703 3599 galaticam
1732 3529 2015 3601 regionem
2046 3549 2070 3583 ι
2106 3529 2455 3600 pertransiit,
2483 3529 2692 3584 Paulus
2726 3531 2925 3584 Barna-

398 3615 529 3672 bam
565 3615 776 3670 socium
817 3614 1026 3670 habuit.
1055 3619 1128 3683 c.)
1165 3614 1440 3672 Omnibus
1473 3615 1771 3672 fatentibus
1798 3617 2029 3688 epistola
2058 3617 2251 3686 docet,
2282 3616 2516 3693 Paulum
2542 3614 2763 3672 diutino
2791 3625 2924 3672 tem-

401 3719 533 3776 pore
556 3703 613 3760 in
637 3723 662 3753 α
685 3702 928 3758 ecclesiis
958 3702 1210 3759 Galatiae
1237 3723 1262 3754 >³
1296 3718 1415 3759 esse
1445 3714 1747 3772 versatum,
1775 3714 1940 3777 atque
1966 3704 2173 3761 ibidem
2194 3713 2407 3762 tantam
2438 3725 2465 3756 α
2495 3704 2679 3761 carnis
2702 3705 2923 3760 infirmi-

399 3798 572 3847 tatem
603 3811 628 3842 »
655 3805 879 3861 passum
909 3805 1054 3858 esse,
1087 3806 1196 3862 qua
1232 3790 1496 3863 neophyti
1534 3791 1603 3847 ab
1630 3792 1925 3864 Evangelio
1965 3791 2283 3865 recipiendo
2320 3791 2620 3849 absterreri
2652 3795 2921 3864 potuerint

403 3879 557 3944 (Gal.
589 3882 757 3946 4,13).
791 3878 963 3950 Atqui
991 3880 1168 3934 Lucas
1192 3877 1479 3934 dumtaxat
1507 3878 1577 3934 de
1606 3881 1869 3936 transitu
1891 3881 2045 3935 Pauli
2078 3895 2176 3950 per
2207 3905 2233 3929 ι
2267 3881 2559 3954 galaticam
2586 3882 2865 3953 regionem
2898 3905 2917 3926 υ

402 3967 644 4038 loquitur
667 3966 892 4038 eiusque
915 3967 1161 4022 narratio
1191 3966 1498 4038 longiorem
1523 3967 2017 4023 commorationem
2046 3967 2336 4025 excludere
2363 3967 2576 4024 videtur
2602 3968 2749 4040 (Act.
2780 3975 2917 4032 16,6;

409 4059 604 4122 1833),
627 4069 734 4109 nec
783 4053 1086 4127 quidquam
1113 4053 1184 4109 de
1212 4055 1390 4116 carnis
1416 4054 1733 4111 infirmitate
1762 4053 1957 4124 habet,
1986 4071 2155 4128 quam
2182 4055 2257 4111 ibi
2284 4071 2477 4127 passus
2507 4056 2581 4112 sit
2606 4059 2917 4127 Apostolus.

400 4143 522 4198 lam
549 4156 680 4196 vero
701 4141 760 4196 in
779 4140 980 4198 Pisidia
999 4151 1055 4200 et
1077 4142 1350 4215 Lycaonia
1371 4141 1467 4197 diu
1496 4144 1703 4198 Paulus
1729 4159 1857 4198 cum
1876 4143 2131 4200 Barnaba
2148 4153 2526 4200 commoratus
2550 4145 2919 4216 gravissimam

407 4249 432 4278 (ι
453 4229 633 4284 carnis
655 4229 1032 4286 infirmitatem
1053 4250 1079 4281 n
1115 4245 1308 4300 passus
1329 4239 1438 4297 est,
1469 4229 1555 4285 his
1581 4229 1857 4302 lapidatus
1882 4239 1938 4287 et
1965 4232 2137 4288 semel
2166 4248 2267 4304 pro
2295 4239 2517 4288 mortuo
2548 4241 2701 4288 extra
2726 4233 2917 4288 urbem

401 4315 625 4372 relictus
649 4317 799 4388 (Act.
835 4323 980 4387 14,5.
1011 4322 1126 4386 18);
1157 4318 1330 4389 prima
1357 4317 1433 4373 ibi
1460 4318 1674 4389 accepit
1698 4339 1723 4370 α
1744 4319 2003 4391 stigmata
2028 4321 2251 4377 Domini
2274 4323 2400 4378 lesu
2421 4343 2471 4387 n,
2494 4321 2692 4392 quibus
2717 4321 2915 4392 gloria-

402 4413 493 4460 tur
519 4405 674 4470 (Gal.
700 4409 867 4474 6,17).
896 4404 982 4472 d.)
1004 4405 1448 4462 confirmationis
1469 4406 1647 4478 gratia
1676 4406 1815 4462 haec
1842 4405 2004 4464 adde.
2036 4408 2241 4464 Paulus
2268 4424 2503 4464 romano
2530 4407 2783 4480 loquendi
2810 4425 2915 4463 usu

404 4491 663 4562 adoptato
701 4492 1015 4549 nominihus
1038 4492 1231 4558 Asiae,
1263 4494 1535 4560 Achaiae,
1566 4494 1925 4552 Macedoniae
1962 4511 2181 4568 semper
2208 4511 2468 4553 romanas
2502 4497 2796 4568 provincias
2823 4499 2913 4552 sui

405 4578 666 4650 temporis
701 4578 952 4652 designat
991 4580 1062 4637 ad
1090 4580 1456 4653 antiquiorem
1490 4583 1777 4639 nominum
1816 4583 2271 4656 significationem
2308 4601 2421 4642 non
2450 4584 2754 4654 attendens3
2778 4601 2911 4657 ergo
