3050 5184
426 286 559 345 108
670 302 821 347 fllsr.
870 304 1212 352 VERsloNuu
1257 310 1317 353 U.
1364 310 1421 353 T.
1468 311 1721 355 --.CAP.
1769 312 1828 355 V.
1877 314 1952 357 DE
1993 313 2164 357 VERS.
2213 312 2348 355 LAT.
2395 306 2694 352 VULGATA.

502 435 561 492 3.
594 466 673 477 -·-
702 436 873 497 Nova
918 438 981 498 S.
1032 440 1398 519 Hieronymi
1444 444 1678 516 versio,
1722 443 1873 505 licet
1921 446 2061 507 eius
2107 444 2441 507 consilium
2483 440 2563 501 ab
2605 437 2796 498 initio
2845 454 2972 497 non

421 529 719 591 omnibus
752 535 1149 611 probaretur,
1184 530 1347 598 saec.
1382 541 1441 599 5.
1476 542 1542 599 et
1565 541 1624 599 6.
1654 543 1869 601 tamen
1889 541 1969 602 ab
1993 543 2289 603 omnibus
2317 536 2602 601 ecclesiis
2631 532 2972 614 paullatim

420 630 670 704 recepta
697 627 845 690 inde
876 630 954 691 ab
986 631 1244 693 ineunte
1274 651 1438 695 saec.
1472 638 1529 694 ’7.
1563 636 1628 694 in
1651 640 1790 698 toto
1820 637 2164 699 Occidente
2193 638 2452 717 Vulqata
2479 650 2614 695 esse
2643 634 2708 692 et
2741 628 2970 707 appel-

421 720 533 781 lari
564 723 793 802 coepit.

488 850 735 919 Quantas
758 852 1113 914 difficultates
1134 861 1191 915 S.
1224 861 1552 935 Hieronymi
1573 866 1868 921 consilium
1895 864 1963 921 ab
1987 866 2143 921 initio
2167 864 2454 930 invenerit,
2484 861 2688 918 docent
2707 855 2970 953 omnium

420 938 445 991 s
444 954 533 995 ere
577 940 851 997 librorum
892 944 1293 1015 praefationes,
1340 949 1544 1021 quibus
1582 951 1725 1008 illud
1765 951 2068 1010 defendere
2111 951 2329 1021 debuit3
2375 966 2506 1007 cum
2543 949 2600 1004 S.
2645 948 2972 1017 Augustino

416 1026 563 1081 enim
603 1027 875 1085 timebant
902 1033 1090 1101 multi,
1125 1050 1197 1089 ne
1242 1034 1544 1094 Christiani
1571 1038 1745 1095 veteri
1790 1041 2024 1096 versioni
2063 1041 2266 1097 assueti
2302 1055 2448 1095 nova
2478 1034 2970 1110 perturbarentur.

414 1116 492 1168 At
514 1116 569 1171 S.
597 1118 938 1188 Augustinus
960 1118 1075 1190 ipse
1104 1136 1295 1177 versus
1318 1124 1461 1181 vitae
1490 1124 1659 1183 finem
1688 1142 1811 1184 eam
1837 1128 2141 1200 adoptavit,
2169 1136 2336 1201 atque
2363 1126 2576 1183 maiore
2600 1138 2731 1179 cum
2765 1120 2970 1192 plausu

415 1215 536 1256 eam
570 1204 758 1258 statim
786 1214 1074 1278 receperat
1101 1210 1331 1265 ecclesia
1359 1212 1702 1285 pallicana,
1733 1216 1890 1271 cuius
1917 1218 2197 1288 praecipui
2227 1216 2524 1287 scriptores
2552 1226 2697 1267 saec.
2731 1214 2790 1263 5.
2829 1216 2888 1262 et
2915 1212 2966 1261 6.

414 1302 479 1342 ea
506 1287 623 1345 sola
650 1291 763 1347 iam
792 1292 873 1347 usi
901 1303 1049 1351 sunt.
1078 1298 1308 1353 Lentius
1334 1301 1565 1358 ecclesia
1589 1319 1848 1359 romana
1873 1303 2232 1374 procedebat;
2261 1303 2514 1376 plerique
2542 1300 2688 1356 enim
2714 1296 2968 1351 duorum

411 1374 643 1431 istorum
670 1380 1017 1437 saeculorum
1044 1383 1257 1441 Summi
1280 1388 1577 1445 Pontifices
1602 1391 1887 1463 antiquam
1917 1392 2257 1461 retinebant;
2286 1394 2344 1449 S.
2378 1397 2488 1447 Leo
2515 1393 2596 1446 M.
2629 1387 2964 1455 (440.-461.ζ,

411 1470 467 1517 et
491 1463 550 1518 S.
596 1466 851 1523 Hilarus
895 1472 1218 1540 (ML-468.)
1248 1482 1575 1548 utramque,
1601 1480 1851 1535 Ioannes
1879 1480 1962 1535 111
1995 1484 2325 1547 (πα-578.)
2353 1477 2580 1552 eiusque
2607 1486 2966 1531 successores

366 1600 375 1623 ,
409 1551 755 1609 Benedictus
791 1557 835 1610 1.
876 1564 935 1611 et
970 1558 1251 1631 Pelaqius
1276 1562 1351 1617 11.
1384 1563 1562 1619 solam
1583 1581 1787 1622 novam
1812 1566 2177 1637 adhibebant3
2209 1571 2267 1625 S.
2301 1566 2620 1638 Greqorius
2649 1568 2732 1620 M.
2771 1569 2962 1617 autem

407 1638 609 1695 iterum
643 1642 931 1715 utriusque
965 1648 1293 1705 auctoritate
1321 1666 1451 1706 suos
1480 1655 1906 1710 commentarios
1936 1655 2128 1711 fulcire
2153 1657 2354 1725 voluit,
2393 1677 2418 1707 α
2450 1654 2578 1727 quia
2615 1650 2796 1708 Sedes
2823 1664 2962 1719 apo·

406 1727 621 1797 stolica‚
644 1729 841 1801 inquit,
864 1732 953 1786 cui
980 1735 1099 1789 Deo
1124 1744 1349 1793 auctore
1374 1740 1677 1809 praesideo,
1701 1752 1936 1814 utraque
1959 1744 2130 1798 utitur
2150 1765 2175 1794 n
2207 1742 2375 1809 (Prol.
2409 1744 2466 1797 in
2491 1738 2734 1806 Mor-aL).
2773 1737 2867 1792 Ab
2895 1750 2960 1789 eo

404 1822 591 1870 tamen
626 1824 879 1887 tempore
906 1836 1048 1876 nova
1084 1824 1310 1879 omnino
1340 1828 1676 1896 praevaluit3
1708 1831 1766 1886 S.
1797 1830 2064 1886 Isidorus
2092 1834 2262 1904 Hisp.
2295 1834 2354 1900 (ψ
2379 1836 2528 1895 636.)
2558 1844 2680 1885 eam
2716 1848 2744 1877 «ι
2781 1840 2958 1893 gene·
3040 1862 3041 1865 η

403 1900 596 1957 raliter
630 1903 700 1959 ah
730 1904 989 1962 omnibus
1027 1909 1272 1967 eeclesiis
1301 1929 1700 1988 usquequaque
1730 1916 2035 1974 adhibitam
2065 1940 2090 1970 υ
2139 1919 2270 1975 dicit
2298 1918 2388 1985 (de
2415 1918 2526 1975 off.
2571 1917 2615 1972 1.
2647 1920 2769 1984 12),
2807 1916 2954 1992 *Ven-

406 1988 573 2045 Beda
597 1992 660 2059 (1-
688 1997 835 2060 735.)
865 2004 1127 2067 veterem,
1160 2014 1326 2070 quam
1355 2003 1463 2057 iam
1490 2024 1513 2053 α
1548 2004 1787 2074 priscam
1817 2026 1841 2057 υ
1861 2007 2122 2077 appellat,
2148 2008 2426 2077 rarissime
2455 2006 2679 2077 allegat,
2707 2002 2955 2058 Rhaba·
3040 2070 3041 2075 η

402 2092 509 2131 nus
536 2081 792 2135 Maurus
821 2083 884 2151 (†
905 2088 1053 2152 856.)
1084 2087 1279 2142 asserit
1308 2108 1331 2138 c«
1364 2090 1689 2163 Hieronymi
1719 2093 1971 2149 versione
1997 2102 2172 2150 totam
2203 2095 2283 2151 uti
2314 2093 2602 2152 ecclesiam
2626 2106 2950 2152 romanam,

401 2162 499 2219 sed
522 2180 635 2220 non
666 2167 721 2221 in
752 2169 1006 2226 omnibus
1036 2172 1189 2228 libris
1217 2194 1244 2225 n
1281 2177 1438 2242 (lust.
1465 2179 1598 2234 cler.
1630 2180 1703 2235 11.
1732 2186 1851 2249 54);
1885 2182 2093 2239 scilicet
2114 2182 2444 2239 Psalterium
2473 2198 2540 2239 ex
2567 2180 2806 2253 antiqua
2833 2188 2953 2235 erat
3040 2216 3041 2227 ³

400 2260 678 2308 retentum
707 2270 773 2310 ex
812 2245 1120 2331 eademque
1156 2266 1646 2322 transumebantur
1675 2269 1918 2340 quinque
1953 2269 2084 2326 libri
2112 2269 2595 2327 deuterocanonici
2635 2276 2692 2325 et
2718 2270 2952 2325 Novum

397 2339 547 2394 Test.
593 2357 625 2396 a
660 2343 717 2397 S.
749 2346 1090 2419 Hieronymo
1119 2359 1450 2407 correctum.
1481 2355 1776 2411 Praeterea
1821 2356 1986 2413 etiam
2012 2358 2073 2413 in
2107 2348 2311 2431 magna
2336 2358 2596 2431 liturgiae
2635 2364 2800 2428 parte
2831 2358 2950 2423 (ln-

396 2428 579 2496 troit.,
610 2428 781 2486 Grad.
800 2475 814 2499 ‚
846 2432 1043 2489 offert.
1062 2477 1077 2503 ,
1109 2437 1323 2494 Comm.
1344 2483 1358 2509 ,
1388 2442 1654 2512 Antiph.,
1685 2445 1986 2517 ResponS.)
2018 2447 2246 2518 antiqua
2276 2445 2585 2503 dominium
2612 2458 2782 2500 suum
2811 2445 2948 2500 reti-

396 2514 541 2583 nnit,
574 2516 839 2574 lectiones
867 2528 1053 2577 tamen
1082 2524 1319 2582 Missalis
1348 2536 1405 2583 et
1426 2531 1690 2587 Breviarii
1717 2548 1784 2588 ex
1812 2549 1956 2590 nova
1985 2533 2437 2591 desumebantur.

469 2728 503 2808 ἓ
538 2732 641 2791 17.
675 2766 766 2778 -
794 2710 1095 2799 Historia
1127 2746 1346 2803 textus
1400 2740 1449 2805 V
1448 2739 1719 2828 ulqatae
1767 2764 1976 2831 usque
2005 2743 2103 2811 ad
2139 2747 2342 2812 Cone.
2390 2748 2444 2810 T
2439 2743 2883 2813 rz‘dentinum.

468 2947 524 3005 1.
554 2980 633 2989 —
659 2949 967 3019 Quamdiu
998 2970 1118 3014 una
1148 2972 1291 3014 cum
1322 2975 1485 3018 nova
1516 2961 1803 3022 versione
1835 2968 2020 3023 vetus
2057 2965 2122 3024 in
2157 2965 2439 3025 ecclesiis
2475 2964 2936 3037 adhibebatur,

389 3040 709 3117 prohiberi
750 3063 874 3105 non
916 3049 1153 3125 potuit,
1202 3053 1542 3127 quominus
1583 3058 1919 3136 utriusque
1955 3061 2257 3122 lectiones
2301 3063 2838 3139 permiscerentur
2875 3070 2940 3123 et

385 3139 691 3212 genuinus
720 3158 921 3202 novae
954 3148 1161 3205 textus
1181 3148 1397 3208 multis
1419 3153 1667 3213 mendis
1689 3155 2412 3237 interpolationibusque
2433 3161 2930 3238 perverteretur.

386 3231 565 3301 Quod
590 3236 945 3311 periculum
982 3258 1354 3318 praecavere
1386 3247 1644 3323 quidem
1673 3251 2000 3330 maloque,
2034 3254 2203 3332 quod
2232 3256 2360 3315 iam
2389 3255 2758 3334 irrepserat,
2795 3274 2932 3317 me-

386 3327 521 3387 deri
546 3332 750 3392 conati
778 3339 922 3395 sunt
944 3336 1061 3397 viri
1085 3354 1286 3416 aeque
1318 3339 1487 3403 docti
1515 3362 1588 3405 ac
1617 3347 1738 3425 pii,
1766 3349 1932 3409 inter
1956 3368 2114 3428 quos
2137 3352 2502 3412 nominasse
2533 3352 2772 3412 sufficit
2791 3356 2932 3414 Cas·

350 3424 735 3510 *siodorum,
788 3429 1156 3509 Alcuinum,
1208 3435 1315 3497 SS.
1365 3440 1619 3501 Petrum
1682 3446 2084 3521 minianum,
2135 3447 2549 3509 Lanfraneum
2600 3448 2925 3521 Cautum„

383 3519 768 3598 Stephanum
797 3526 1078 3602 Cisterc.,
1109 3532 1220 3593 sed
1246 3550 1465 3595 eorum
1493 3544 1756 3601 conatus
1785 3541 1916 3603 fere
1943 3544 2157 3604 inanes
2183 3544 2454 3606 fuerunt.
2671 3550 2676 3553 ’

446 3652 529 3706 Ne
548 3653 887 3727 negligentes
911 3666 1008 3714 aut
1030 3661 1187 3717 scioli
1203 3662 1410 3720 librarii
1429 3669 1712 3726 versiones
1727 3671 2150 3743 contunderent,
2173 3675 2563 3733 cassiodorus
2581 3676 2672 3733 vix
2693 3685 2924 3733 centum

372 3738 485 3794 iam
528 3741 685 3796 annis
727 3753 851 3813 post
889 3748 947 3803 S.
994 3749 1321 3823 Hieronymi
1360 3764 1634 3825 mortem,
1667 3775 1838 3830 quum
1879 3778 1988 3817 una
2032 3778 2158 3817 cum
2201 3772 2387 3819 vetere
2424 3764 2596 3819 etiam
2634 3766 2924 3836 exemplar

374 3841 549 3883 novae
577 3843 609 3883 a
642 3844 702 3885 se
731 3832 848 3901 ipso
876 3844 1189 3894 correctum
1217 3839 1276 3894 in
1308 3842 1395 3897 sui
1422 3847 1745 3902 monasterii
1771 3846 2104 3906 bibliotheca
2132 3850 2503 3922 deposuisset,
2531 3852 2768 3909 sollicite
2795 3870 2920 3908 mo-

372 3921 587 3982 nuerat,
615 3932 757 3987 quae
784 3919 845 3975 in
864 3920 929 3975 iis
956 3920 1331 3983 describendis
1354 3928 1702 3990 observanda
1730 3945 1825 3991 aut
1851 3936 2096 3993 cavenda
2121 3947 2324 3995 essent.
2355 3943 2430 3995 At
2453 3948 2606 3995 extra
2635 3941 2918 3996 vivarien-

368 4001 444 4055 sis
466 4006 789 4061 monasterii
809 4010 1028 4065 moenia
1052 4011 1190 4069 nihil
1216 4014 1544 4085 prosuerunt
1571 4021 1710 4077 haec
1735 4024 1973 4091 monita,
2001 4025 2207 4082 etenim
2231 4036 2466 4083 exeunte
2489 4043 2640 4083 saec.
2673 4034 2729 4083 8.
2759 4038 2916 4084 tanta

370 4086 473 4143 suit
500 4092 748 4148 omnium
776 4094 1033 4153 codicum
1062 4100 1376 4174 diversitaS,
1410 4114 1472 4161 ut
1498 4107 1793 4165 Aleuz'mcs
1820 4128 1852 4167 a
1881 4113 2082 4169 Carolo
2111 4116 2189 4169 M.
2220 4115 2402 4170 iussus
2431 4116 2703 4188 Vulgatae
2735 4118 2916 4172 corri-

365 4177 579 4241 gendae
607 4196 835 4251 operam
870 4200 1029 4241 suam
1069 4187 1391 4260 impendere
1420 4192 1677 4266 deberet;
1724 4196 1793 4253 ad
1822 4200 2077 4273 antiquos
2104 4200 2270 4274 igitur
2297 4202 2518 4259 codices
2544 4212 2758 4260 textum
2789 4203 2912 4259 dili-

366 4264 680 4333 gentissime
708 4272 1041 4343 emendavit,
1074 4284 1240 4348 atque
1266 4280 1383 4335 eius
1413 4284 1697 4354 exemplar
1725 4288 1912 4343 multis
1937 4289 2173 4345 librariis
2201 4306 2230 4345 a
2261 4299 2313 4346 9.
2341 4307 2517 4362 usque
2545 4291 2619 4348 ad
2643 4298 2736 4348 13.
2763 4308 2906 4348 saec.

364 4365 464 4419 pro
513 4354 814 4430 archetypo
866 4370 1004 4417 erat.
1057 4364 1168 4419 Alii
1212 4372 1403 4423 tamen
1449 4382 1775 4444 corruptum
1832 4383 2043 4432 textum
2089 4375 2466 4435 describentes
2519 4396 2663 4435 nova
2709 4380 2908 4436 menda

360 4436 599 4510 antiquis
626 4442 981 4517 addiderunt,
1010 4459 1072 4507 ut
1101 4452 1240 4509 aliae
1262 4457 1614 4514 recensiones
1641 4476 1860 4532 semper
1881 4464 2078 4521 fierent
2103 4468 2466 4524 necessariae.
2496 4468 2694 4540 Itaque
2721 4472 2778 4525 S.
2807 4474 2906 4525 Pe-

360 4528 489 4581 trus
516 4528 853 4589 Damianus
883 4538 945 4605 (1-
985 4540 1163 4610 1072.)
1194 4556 1387 4598 omnes
1416 4543 1586 4601 libros
1617 4565 1644 4601 t
1675 4550 1878 4609 cursim
1907 4560 1963 4607 et
1989 4568 2088 4623 per
2111 4552 2220 4609 hoc
2257 4570 2370 4610 non
2407 4564 2598 4612 exacte
2627 4576 2654 4608 n
2687 4572 2749 4611 se
2775 4572 2900 4612 cor-

357 4612 561 4669 rexisse
588 4624 822 4675 testatur
850 4624 969 4695 (Op.
1012 4628 1119 4697 14),
1152 4636 1319 4701 atque
1347 4630 1492 4687 circa
1518 4631 1666 4689 idem
1695 4645 1914 4708 tempus
1943 4641 1999 4696 S.
2029 4640 2410 4714 Lanfrancus
2433 4644 2900 4713 (†1089.)eccle-
