3050 5184
819 355 895 398 ne
936 354 1093 399 uam
1135 356 1586 401 Pnovi-:Rmonuu
1623 358 1918 403 nivisxous
1960 360 2032 404 Ετ
2073 360 2235 405 mss.
2677 349 2795 409 329

334 486 793 543 cocunea-ionas
820 488 1303 545 Pnovmtmontm
1330 504 1747 547 ascen-nonus
1777 490 2156 563 (25‚1·31,31).

338 580 388 628 1.
419 574 745 630 Proverbia
776 574 1104 631 Salomonis
1132 590 1175 631 a
1208 596 1234 627 α
1262 576 1411 631 viris
1432 580 1709 633 Ezechiae
1736 598 1762 628 ι
1794 578 2042 634 collecta
2079 579 2444 649 (25‚1-29,27)
2477 580 2624 636 varia
2660 596 2800 637 con-

510 661 691 717 tinent
727 671 1047 805 praegepta,
1074 660 1309 719 disticho
1339 665 1602 736 pleraque
1629 665 1994 721 absolvuntur
2029 675 2086 721 et
2119 666 2192 722 ad
2222 666 2600 737 parabolicum
2627 684 2799 741 genus

510 750 687 822 magis
713 765 844 806 acce
884 758 1005 805 unt.

332 841 385 891 2.
420 839 556 893 Tres
578 838 829 893 minores
853 838 1205 895 collectiones
1223 854 1325 911 pro
1348 838 1651 911 appendice
1671 840 1955 897 adduntur
1973 846 2346 911 (30,i-31‚31),
2365 872 2436 884 —
2459 843 2540 915 a.)
2565 864 2590 895 α
2619 842 2797 899 Verba

512 926 1043 999 Congregantis-filii
1086 928 1375 983 vomentis
1420 948 1445 979 ι»
1488 928 1666 1001 (hebr.
1713 929 1894 986 Verba
1947 932 2123 1002 Agar,
2165 929 2268 985 filii
2311 930 2464 997 lake)
2507 931 2802 986 sententiis

515 1022 796 1081 constant,
830 1027 970 1084 quae
998 1014 1260 1087 pleraque
1287 1030 1650 1071 numerorum
1672 1016 1908 1073 artificio
1931 1025 2228 1073 contextae
2253 1027 2382 1072 sunt
2409 1023 2701 1085 (30,1-³1);
2731 1048 2802 1060 —

517 1100 595 1167 b.)
622 1101 803 1157 Verba
830 1101 1119 1158 Laninelis
1152 1102 1297 1175 regis
1325 1103 1395 1159 de
1432 1102 1578 1175 regis
1614 1102 1812 1160 officiis
1850 1112 2024 1177 agunt
2066 1106 2320 1175 (31,1-9);
2359 1136 2426 1147 -
2468 1109 2544 1171 c.)
2579 1120 2800 1161 carmen

516 1187 923 1259 alphabeticum
952 1190 1021 1246 de
1050 1191 1282 1246 muliere
1310 1190 1439 1247 forti
1466 1196 1762 1262 (ωηο-31)
1787 1206 1927 1264 opus
1953 1192 2235 1248 terminat.

344 1343 407 1400 4.
434 1373 517 1383 —
540 1340 759 1411 Finem
784 1340 995 1417 operis
1023 1344 1241 1401 auctor
1278 1341 1461 1401 titulo
1492 1341 1746 1402 indicat.

336 1457 513 1509 Prov.
552 1458 637 1519 1,Ι
671 1466 791 1524 sqq.
840 1473 866 1504 α
900 1454 1205 1510 Parabolae
1234 1452 1307 1510 ad
1341 1454 1624 1511 sciendam
1651 1456 1978 1526 sapientiam
2003 1464 2059 1512 et
2085 1454 2464 1527 disciplinam,
2493 1455 2565 1512 ad
2599 1455 2800 1511 inteili-

270 1540 451 1612 genda
488 1540 655 1597 verba
682 1539 1037 1611 prudentiae,
1078 1541 1149 1597 ad
1188 1540 1606 1613 adipiscendam
1641 1542 2016 1599 eruditionem
2043 1542 2360 1613 doctrinae,
2393 1543 2658 1598 iustitiam
2676 1586 2689 1611 ,
2715 1543 2801 1597 iu-

267 1627 477 1684 dicium
506 1636 563 1685 et
598 1629 952 1701 aequitatem,
986 1630 1059 1685 ad
1098 1628 1340 1685 dandam
1368 1631 1612 1701 parvulis
1639 1632 1928 1699 astutiam,
1953 1629 2291 1687 adolescenti
2327 1631 2610 1687 scientiam
2635 1638 2689 1687 et
2717 1631 2802 1685 in-

268 1716 555 1773 tellectum
584 1737 633 1772 n.
684 1737 709 1768 α
744 1718 963 1773 Parvuli
996 1738 1020 1768 n
1054 1726 1242 1773 autem
1283 1726 1339 1773 et
1372 1738 1398 1769 α
1441 1717 1822 1775 adolescentes
1869 1740 1930 1790 ι,
1963 1734 2103 1791 quos
2144 1719 2440 1792 genuinam
2478 1718 2802 1789 sapientiam

266 1804 469 1861 docere
500 1803 633 1873 vult,
666 1820 779 1860 non
798 1816 929 1861 sunt
956 1805 1026 1874 ii,
1049 1806 1147 1878 qui
1171 1822 1377 1877 paucos
1398 1798 1698 1863 numerant
1719 1822 1923 1877 amoc,
1955 1805 2054 1861 sed
2073 1807 2141 1875 ii,
2173 1809 2270 1879 qui
2293 1807 2440 1864 viam
2471 1806 2686 1862 virtutis
2715 1806 2802 1861 vix

266 1893 500 1965 ingressi
526 1893 587 1949 in
610 1893 813 1964 pietate
836 1892 1085 1951 nondum
1110 1893 1493 1950 adoleverunt.

514 2095 559 2185 ἓ
598 2104 700 2164 13.
743 2134 834 2148 --
864 2100 959 2163 De
1010 2096 1166 2163 libri
1199 2097 1715 2165 Proverbz'orum
1754 2098 2011 2189 oriqine
2045 2111 2109 2165 ec
2141 2099 2562 2165 auctoritate.

356 2313 408 2369 1.
441 2343 521 2351 —
562 2310 771 2388 Longe
818 2310 1078 2370 maioris
1126 2309 1323 2389 partis
1369 2311 1853 2371 Proverbiorum
1905 2310 2232 2389 (1‚1-9‚18;
2273 2311 2634 2403 iod-2216
2681 2310 2808 2391 [aut

268 2404 607 2485 1‚1-24‚22]
650 2409 713 2466 et
748 2407 1125 2485 25,1-29,27)
1162 2407 1614 2468 salomonicam
1663 2407 1972 2487 originem
2020 2412 2275 2469 tuentur
2320 2408 2799 2485 inscriptioneS,

266 2520 391 2565 nec
421 2502 775 2581 quidquam
805 2502 1134 2581 hucusque
1165 2509 1263 2565 est
1288 2504 1582 2576 allatum,
1617 2521 1742 2580 quo
1767 2521 1984 2565 earum
2009 2505 2344 2566 auctoritas
2372 2504 2747 2565 infirmetur.

340 2620 537 2673 Patres
575 2617 763 2672 omnia
804 2616 1103 2673 Proverbia
1144 2617 1427 2674 Salomoni
1456 2618 1670 2673 auctori
1707 2616 2080 2673 attribuerunt
2109 2617 2284 2689 iisque
2325 2615 2650 2687 adstipulati
2676 2625 2807 2673 sunt

266 2704 489 2761 mediae
517 2704 715 2760 aetatis
735 2705 1092 2775 interpretes;
1124 2720 1304 2776 neque
1332 2704 1389 2760 id
1418 2706 1652 2773 mirum,
1679 2720 1812 2761 nam
1841 2704 2096 2761 Patribus
2121 2705 2241 2761 sola
2270 2704 2495 2776 cognita
2523 2712 2644 2760 erat
2678 2720 2804 2759 ver-

266 2795 355 2851 sio
374 2791 753 2862 alexandrina,
777 2807 918 2864 quae
936 2792 1321 2863 inscriptiones
1342 2799 1461 2861 30,1
1488 2801 1545 2848 et
1563 2800 1685 2859 31‚1
1715 2793 1794 2849 ita
1812 2791 2224 2859 obscuraverat,
2245 2801 2308 2847 ut
2332 2792 2602 2864 genuinus
2620 2807 2812 2847 earum

266 2896 465 2937 sensus
491 2897 607 2937 non
648 2882 1087 2952 perciperetur¹‚
1118 2890 1285 2953 atque
1326 2883 1381 2938 S.
1429 2882 1827 2952 HieronymuS,
1860 2896 2032 2952 quum
2074 2880 2302 2936 nomina
2331 2879 2556 2951 propria
2597 2882 2808 2952 (Aqur,

269 2972 435 3037 lake)
467 2970 617 3025 velut
643 2968 974 3040 appellativa
1004 2970 1286 3036 vertisset,
1320 2984 1495 3025 novae
1537 2969 1976 3041 interpretationi
2007 2984 2200 3024 ansam
2239 2967 2499 3037 dederat,
2537 2982 2680 3038 quae
2706 2969 2810 3024 Sa-

268 3060 559 3115 lomonem
573 3072 693 3113 sese
708 3058 891 3127 ipsum
906 3056 1224 3112 nominibus
1244 3056 1562 3130 symbolicis
1587 3057 1976 3129 (congregans,
1999 3055 2143 3112 iilius
2163 3048 2469 3123 vomentis)
2493 3054 2811 3127 designasse

270 3146 487 3202 statuit.
532 3144 671 3200 Inde
707 3152 896 3200 autem
924 3158 955 3199 a
979 3160 1121 3200 saec.
1154 3150 1261 3214 16.,
1296 3145 1517 3216 quando
1547 3153 1727 3201 textus
1755 3144 2046 3200 hebraicus
2074 3144 2389 3200 accuratius
2421 3141 2660 3199 conferri
2689 3158 2810 3198 coe-

272 3243 405 3305 ptus
436 3241 547 3302 est,
590 3232 753 3288 multi
792 3233 1119 3303 interpretes
1147 3249 1178 3288 a
1206 3232 1405 3289 tradita
1429 3233 1884 3304 interpretatione
1911 3231 2236 3289 recedentes
2275 3232 2544 3287 maiorem
2587 3230 2814 3302 quidem

273 3322 461 3393 operis
488 3330 705 3393 partem
731 3320 1017 3376 Salomoni
1046 3321 1259 3376 auctori
1289 3320 1696 3388 attribuerunt,
1723 3319 1822 3376 sed
1851 3320 2066 3392 aliquas
2095 3320 2394 3391 particulas
2425 3318 2496 3375 ab
2528 3318 2651 3375 aliis
2679 3319 2811 3374 scri-

272 3410 531 3481 ptoribus
564 3407 899 3479 compositas
923 3416 1250 3478 tenuerunt;
1272 3425 1437 3481 quae
1472 3408 1744 3465 sententia
1771 3408 1942 3465 etiam
1977 3406 2261 3464 modernis
2289 3406 2684 3480 interpretibus
2719 3422 2814 3463 ca-

274 3498 501 3555 tholicis
523 3496 809 3569 probatur.
846 3498 1045 3551 Merito
1082 3505 1271 3553 autem
1300 3496 1799 3567 heterodoxorum,
1832 3496 2072 3552 maxime
2099 3495 2600 3563 rationalistarum,
2628 3494 2813 3551 reiici-

276 3596 371 3641 tur
396 3585 669 3641 sententia
690 3628 704 3651 ‚
736 3584 831 3657 qui
856 3585 942 3640 vix
978 3584 1279 3656 quidquam
1304 3585 1630 3641 salomonici
1657 3584 1714 3639 in
1745 3584 1960 3655 integro
1988 3598 2156 3653 opere
2180 3584 2414 3639 inveniri
2445 3582 2814 3639 contendunt.

346 3674 569 3730 Etenim
588 3672 765 3745 prima
787 3672 1075 3744 inscriptio
1093 3687 1223 3728 cum
1242 3672 1469 3728 exordio
1487 3680 1640 3728 arcte
1667 3688 1916 3727 connexa
1942 3675 2016 3740 (1,
2029 3676 2076 3739 1)
2095 3670 2167 3727 ad
2186 3672 2366 3742 prima
2390 3672 2587 3727 saltem
2611 3686 2812 3725 novem

278 3762 489 3835 capita,
517 3776 659 3834 quae
706 3761 1019 3834 argumenti
1047 3776 1267 3833 quoque
1312 3768 1369 3815 et
1408 3759 1537 3832 styli
1586 3758 1944 3817 similitudine
1991 3758 2318 3826 cohaerent,
2369 3774 2488 3815 sese
2531 3757 2812 3823 extendit3

278 3850 445 3907 tertia
478 3852 645 3919 (25,1)
675 3849 921 3921 quinque
956 3848 1135 3920 capita
1174 3846 1491 3903 immediate
1520 3848 1801 3920 sequentia
1835 3846 2237 3919 complectitur.
2269 3845 2522 3903 Secunda
2545 3849 2737 3913 (10‚1)‚
2771 3846 2815 3899 si

282 3936 523 4013 genuina
551 3945 660 4005 est,
691 3936 933 4008 priorem
960 3936 1359 3992 sententiarum
1388 3935 1772 3992 collectionem
1806 3938 2166 4005 (10,1-22,16)
2209 3934 2490 3991 Salomoni
2528 3932 2813 3997 attribuit;

278 4026 367 4083 sin
394 4025 635 4100 genuina
676 4040 788 4080 non
816 4033 899 4081 est
938 4023 1115 4092 (deest
1142 4034 1327 4080 autem
1354 4024 1415 4079 in
1442 4024 1600 4079 Alex.
1629 4031 1686 4079 et
1712 4025 1856 4095 Syr.)
1875 4066 1888 4092 ‚
1917 4023 2094 4095 prima
2121 4020 2406 4093 inscriptio
2436 4019 2506 4075 ad
2542 4020 2814 4093 integram

280 4210 635 4263 collectionem
672 4212 989 4273 (25,1-29,2⁶
1034 4210 1205 4273 ναῖς.)
1241 4212 1395 4274 atque
1431 4222 1562 4273 opus
1595 4209 1837 4257 terminat
1866 4208 2089 4256 carmine
2124 4205 2186 4255 de
2215 4204 2431 4254 muliere
2463 4202 2583 4252 forti
2615 4204 2812 4267 (smo-

281 4300 336 4343 31
384 4291 568 4356 vulg).
600 4291 803 4341 Omittit
828 4302 1033 4353 quoque
1059 4288 1437 4353 inscriptionem
1470 4293 1576 4349 10,1
1602 4291 1653 4338 et
1677 4286 1802 4337 alias
1832 4286 2186 4350 inscriptiones
2214 4286 2286 4334 ita
2310 4283 2529 4333 mutavit
2557 4286 2608 4331 et
2629 4282 2810 4333 obscu-

280 4372 443 4425 ravit.
476 4374 533 4421 ut
560 4383 655 4434 pro
680 4369 849 4419 titulis
872 4370 1093 4433 partium
1119 4367 1334 4433 amplius
1362 4366 1536 4417 haberi
1567 4369 1838 4429 nequeant.
1871 4366 2108 4415 Ceterum
2131 4364 2184 4414 in
2212 4366 2322 4413 toto
2347 4376 2496 4425 opere
2525 4362 2808 4413 sententias

280 4450 560 4501 nonnullas
592 4448 737 4499 addit
763 4448 888 4513 (⁶283
918 4452 1048 4509 9,12.
1084 4453 1167 4510 18;
1205 4452 1327 4509 1⁶‚5.
1372 4452 1445 4497 17.
1480 4450 1578 4497 etc.
1619 4451 1776 4505 25‚10.
1809 4450 1894 4505 203
1935 4448 2078 4504 2220
2113 4446 2252 4508 οἱα),
2289 4442 2415 4491 alias
2462 4445 2628 4491 mutat
2668 4442 2814 4505 (1,11.

282 4534 341 4582 18
369 4529 509 4594 etc.),
538 4528 665 4579 alias
686 4528 879 4578 omittit
907 4526 1063 4592 (Μῦς
1094 4531 1193 4588 4,5.
1227 4532 1281 4587 7;
1313 4530 1441 4584 839.
1474 4526 1570 4589 33).

342 4610 409 4673 (1)
438 4614 545 4670 30,1
574 4610 696 4667 Τοὺς
723 4609 863 4669 ἐμοὺς
920 4608 1114 4669 λόγους,
1144 4606 1235 4665 uti,
1265 4606 1494 4670 φοόήθητι
1533 4606 1614 4654 καὶ
1643 4604 1892 4667 δεξάμινος
1931 4603 2102 4659 αὐτοὺς
2131 4602 2364 4666 μετανὸει.
2393 4626 2454 4637 -
2482 4604 2588 4661 31‚1
2622 4604 2682 4651 01
2711 4601 2817 4664 ἐμοὶ

276 4690 412 4752 λόγοι
436 4690 647 4755 εῐρηνται
670 4689 765 4737 ὕπὸ
794 4690 921 4737 Θεοῦ
950 4685 1199 4751 βασιλέως.
1226 4686 1570 4751 Χρηματισμὸς
1597 4686 1702 4734 κτλ.
