3050 5184
238 316 357 373 330
437 330 513 375 na
558 332 695 375 var.
743 329 997 375 rasum.
1046 327 1239 371 Limus
1282 324 1624 369 DIDACTICIS.
1665 344 1744 353 —
1787 327 1920 373 cap·
1969 331 2056 376 ιν.
2100 318 2159 377 1.
2207 330 2282 375 nn
2325 328 2700 375 Pnovsamis.

239 461 479 531 priorem
508 470 722 533 partem
748 464 1067 530 (1,1-24,22)
1088 456 1421 514 extendatur
1436 472 1664 515 necesse
1684 468 1788 527 est,
1809 459 1978 532 idque
1999 477 2067 517 eo
2089 462 2290 535 magiS,
2311 461 2440 533 quia
2471 459 2794 524 exordium,

239 564 479 619 quocum
520 565 769 606 connexa
796 558 907 613 est,
953 546 1245 603 annuntiet
1274 545 1586 602 Salomonis
1612 546 1941 615 proverbia,
1973 563 2116 621 quae
2151 550 2481 621 sapientiam
2507 564 2624 604 non
2663 556 2795 601 tan·

238 644 359 690 tum
386 639 789 693 commendant
827 642 1131 706 (1‚8-9‚18;
1167 638 1574 703 22,17-24,22),
1601 633 1701 690 sed
1733 636 1901 691 etiam
1937 636 2145 693 docent
2181 640 2570 706 (10,1-22,16).
2609 634 2796 705 Atqui

238 723 624 793 inscriptiones
666 725 818 792 illae,
850 732 1043 795 utpote
1070 721 1487 795 antiquissimae
1533 730 1700 793 atque
1729 721 1797 778 ab
1835 722 1956 794 ipso
1991 732 2218 781 auctore
2246 729 2380 794 (1,1)
2409 724 2498 780 vel
2523 740 2556 781 a
2584 722 2792 778 collec-

238 810 450 867 toribus
486 817 655 879 (25,1)
684 811 837 884 operi
880 811 1181 883 praefixae,
1212 808 1439 882 plenam
1476 818 1760 865 merentur
1805 809 2004 876 fidem,
2033 811 2148 867 nisi
2187 818 2287 869 aut
2329 811 2576 869 externis
2617 808 2792 865 testi-

240 899 439 955 moniis
466 909 565 957 aut
588 900 822 956 internis
850 898 1192 972 argumentis
1220 896 1388 953 certis
1424 910 1692 953 erroneae
1731 896 2202 957 demonstrentur.
2237 901 2478 955 Externa
2505 895 2794 953 eiusmodi

240 987 555 1043 testimonia
584 1003 698 1042 non
740 986 964 1056 haberi,
1006 1001 1199 1043 omnes
1226 983 1570 1051 concedunt3
1597 984 1733 1057 quid
1759 986 1980 1043 interna
2007 992 2334 1059 argumenta
2363 986 2615 1051 valeant,
2645 1000 2790 1040 exa-

240 1075 516 1131 minemus
543 1083 794 1147 oportet3
821 1090 887 1131 ea
916 1082 1107 1131 autem
1132 1073 1275 1129 levia
1304 1087 1453 1141 esse,
1486 1071 1646 1127 facile
1675 1071 2112 1131 demonstratur.

308 1164 521 1219 Novem
544 1163 694 1218 enim
722 1162 909 1234 priora
938 1162 1121 1232 capita
1150 1176 1324 1233 quum
1352 1159 1423 1215 ob
1449 1158 1688 1217 docendi
1715 1161 2207 1233 praecipiendique
2235 1162 2532 1230 rationem,
2555 1170 2678 1217 tum
2707 1159 2790 1215 ob

239 1264 490 1306 severam
523 1249 594 1306 de
620 1250 873 1307 castitate
901 1248 1215 1305 doctrinam
1246 1247 1634 1319 paedagogum
1659 1249 1848 1320 potius
1885 1250 1968 1304 vel
2007 1248 2344 1321 prophetam
2373 1248 2608 1319 prodere
2645 1262 2790 1303 aue-

240 1346 421 1393 torem
447 1347 704 1407 monent,
738 1354 903 1410 quarn
947 1353 1134 1409 regem
1172 1335 1554 1392 libidinosum.
1594 1338 1669 1390 At
1706 1352 1806 1391 cur
1836 1352 2026 1409 regem
2061 1336 2528 1408 sapientissimum
2557 1340 2611 1403 (3
2643 1340 2783 1407 Req.

240 1432 331 1494 3‚5
358 1442 513 1498 sqq.;
544 1433 576 1481 2
602 1430 746 1481 Par.
780 1432 869 1495 1,⁷
902 1430 1051 1497 sqq.)
1081 1422 1395 1481 exhortatio
1420 1421 1490 1477 ad
1518 1423 1850 1495 sapientiam
1883 1424 2026 1479 hanc
2055 1422 2452 1496 acquirendam
2489 1422 2783 1490 dedeceat,

240 1528 405 1569 nemo
431 1512 589 1569 facile
622 1512 853 1583 dixerit;
883 1529 987 1568 nec
1015 1511 1323 1585 quidquam
1355 1509 1616 1583 impedit,
1642 1512 1940 1582 quominus
1973 1512 2358 1581 Salomonem,
2385 1520 2682 1583 antequam
2703 1510 2786 1565 li·-

239 1600 413 1657 bidini
439 1617 497 1657 se
524 1600 876 1670 tradidisset,
902 1616 1155 1656 severam
1182 1598 1327 1655 hanc
1356 1597 1426 1655 de
1454 1599 1708 1654 castitate
1737 1598 2048 1655 doctrinam
2079 1598 2374 1655 tradidisse
2407 1598 2678 1655 dicamus.
2704 1628 2787 1639 —-

238 1690 431 1761 Capita
478 1696 684 1746 25.-29.
728 1705 843 1745 non
886 1704 1007 1745 esse
1052 1687 1281 1744 collecta
1324 1685 1624 1755 obiiciunt,
1661 1687 1770 1743 nisi
1813 1687 1990 1742 tribus
2035 1688 2272 1743 saeculis
2308 1696 2434 1758 post
2468 1686 2785 1743 Salomonis

239 1786 497 1847 mortem,
530 1792 640 1849 quo
668 1785 922 1847 tempore
950 1774 1259 1831 sententiae
1289 1774 1505 1831 alienae
1538 1772 1800 1831 facillime
1825 1776 1876 1830 ei
1905 1774 2132 1831 attribui
2156 1782 2476 1847 potuerunt.
2509 1776 2584 1829 At
2615 1794 2641 1825 α
2669 1773 2784 1829 viri

238 1863 508 1920 Ezechiae
535 1885 561 1916 ιο
579 1904 595 1929 ,
625 1865 841 1935 opinor,
869 1864 1095 1933 meliuS,
1127 1878 1297 1934 quam
1323 1877 1455 1932 noS,
1498 1862 1642 1917 scire
1671 1869 2000 1933 potuerunt,
2039 1878 2182 1933 quae
2223 1862 2528 1918 sententiae
2553 1878 2586 1917 a
2613 1862 2777 1918 Salo-

236 1968 401 2009 mone
449 1951 730 2025 prol'ectae
795 1958 1008 2021 essent,
1062 1950 1392 2023 praesertim
1448 1950 1577 2022 quia
1633 1965 1702 2004 ex
1759 1948 2005 2005 fontibus
2049 1950 2270 2023 scriptis
2323 1965 2417 2005 eas
2471 1948 2782 2005 hauserunt

240 2042 496 2142 (πρηῄὲζ)
544 2050 715 2105 Alex.
757 2048 1081 2120 ἔξεγράψαντο
1116 2049 1226 2121 Aq.
1260 2050 1495 2119 μετῆραν.
1532 2045 1703 2118 Vulq.
1735 2046 2182 2115 transtulerunt).
2213 2077 2282 2086 —
2311 2046 2516 2103 Multas
2549 2054 2779 2101 senten-

236 2156 343 2211 tias
372 2170 437 2209 ex
468 2154 579 2210 vita
622 2155 835 2226 privata
877 2162 933 2209 et
958 2154 1165 2208 rustica
1214 2151 1499 2208 desumtas
1546 2167 1666 2207 esse
1707 2150 1949 2220 addunt,
1983 2167 2124 2223 quae
2166 2152 2450 2208 Salomoni
2494 2151 2778 2222 incognita

238 2250 377 2298 erat.
420 2250 497 2297 At
537 2240 804 2313 legendae
846 2240 1134 2297 dumtaxat
1174 2249 1304 2295 sunt
1344 2239 1654 2295 sententiae
1696 2237 1946 2295 obiectae
1991 2243 2176 2308 (12,1o
2221 2255 2337 2311 sq.;
2386 2244 2576 2309 13,23;
2620 2246 2776 2306 14,4;

237 2336 420 2399 2437.
454 2335 623 2387 30-34
654 2334 812 2397 ete.),
845 2337 910 2384 ut
940 2328 1186 2399 mireris,
1218 2326 1367 2399 quod
1396 2326 1597 2399 aliquis
1627 2324 1994 2396 dubitaverit,
2023 2343 2095 2382 an
2121 2342 2156 2383 a
2181 2328 2475 2383 Salomone
2503 2325 2778 2382 conscribi

237 2418 539 2490 potuerint.
569 2448 638 2457 —
665 2419 929 2490 Magnam
957 2416 1344 2472 difficultatem
1382 2414 1554 2487 aliqui
1593 2414 1879 2470 inveniunt
1921 2414 1982 2470 in
2024 2414 2348 2471 earumdem
2377 2415 2776 2469 sententiarum

236 2505 595 2577 repetitione3
643 2505 850 2561 etenim
890 2504 1089 2561 eadem
1132 2502 1407 2560 sententia
1448 2500 1730 2558 vocabulis
1759 2502 1847 2557 vix
1879 2501 2120 2559 ⁴mutatis
2158 2501 2442 2557 interdum
2477 2501 2536 2557 in
2581 2500 2776 2557 eadem

237 2594 561 2649 collectione
578 2634 593 2662 ,
628 2592 973 2664 frequentius
998 2592 1059 2647 in
1088 2590 1321 2647 diversis
1349 2589 1777 2647 collectionibus
1809 2590 2119 2657 invenitur;
2149 2588 2434 2645 interdum
2469 2606 2635 2645 sensu
2673 2589 2780 2645 ali-

236 2680 565 2752 quantulum
593 2688 808 2736 mutato
838 2680 1111 2736 sententia
1139 2678 1430 2750 repetitur,
1460 2676 1746 2733 interdum
1775 2677 1973 2734 cadem
2001 2678 2275 2733 sententia
2303 2676 2576 2733 similibus
2597 2675 2784 2733 verbis

234 2768 319 2823 bis
344 2768 691 2839 exprimitur,
717 2766 1001 2824 interdum
1025 2782 1171 2822 unus
1194 2766 1405 2822 stichus
1428 2766 1542 2821 alio
1564 2773 1780 2820 mutato
1805 2764 1949 2821 redit
1971 2774 2078 2821 etc.
2108 2763 2218 2821 Sed
2241 2782 2308 2820 ex
2334 2764 2422 2821 his
2444 2764 2786 2835 repetitioni·

236 2854 339 2911 bus
364 2856 503 2910 nihii
544 2863 739 2911 contra
770 2856 1116 2928 singularum
1142 2854 1548 2909 sententiarum
1576 2852 1850 2924 originem
1878 2851 2137 2909 concludi
2176 2868 2368 2924 posse,
2407 2851 2634 2908 evidens
2669 2860 2780 2909 est.

234 2944 511 2999 Eiusdem
540 2944 689 2999 enim
714 2943 1021 2999 sententiae
1046 2940 1333 3013 repetitio,
1366 2941 1480 2995 sive
1514 2940 1578 2995 in
1603 2938 1802 2995 eadem
1841 2939 1954 2995 sive
1989 2940 2050 2995 in
2079 2938 2296 2995 diversa
2331 2940 2660 2996 collectione
2683 2956 2783 2995 re-

236 3031 466 3102 peritur,
494 3039 592 3086 aut
618 3029 902 3086 collectori
930 3037 1029 3085 aut
1054 3026 1297 3085 librariis
1324 3026 1694 3083 adscribenda
1733 3035 1848 3095 est;
1881 3027 2100 3083 similes
2129 3043 2260 3083 vero
2297 3028 2629 3095 sententiae,
2661 3029 2783 3083 sive

234 3118 293 3174 in
322 3117 529 3187 νει-δῖε,
565 3118 679 3173 sive
709 3118 765 3172 in
794 3132 986 3185 sensu,
1012 3116 1128 3171 sive
1150 3116 1211 3172 in
1240 3116 1491 3184 utrisque
1519 3115 1592 3170 sit
1615 3114 1923 3171 similitudo
1944 3158 1959 3184 ,
1991 3114 2177 3171 eidem
2199 3115 2414 3171 auctori
2441 3124 2588 3171 recte
2615 3116 2784 3171 attri-

234 3205 501 3270 buuntur,
532 3206 629 3276 qui
657 3203 805 3261 idem
845 3210 1203 3276 praeceptum
1228 3202 1511 3259 mentibus
1538 3202 1872 3275 profundius
1897 3202 2182 3259 inculcare
2212 3202 2404 3257 voluit.
2427 3232 2500 3243 —
2521 3202 2631 3258 Alii
2659 3212 2786 3259 tan-

234 3301 354 3349 tam
376 3293 749 3348 differentiam
780 3292 931 3348 inter
953 3291 1193 3348 duarum
1226 3290 1620 3347 collectionum
1647 3295 1994 3358 (10,1-2236
2017 3299 2074 3346 et
2097 3295 2445 3360 asa-2937)
2475 3292 2785 3347 sententias

236 3380 521 3435 inveniunt
534 3418 551 3447 ,
575 3388 640 3435 ut
668 3378 850 3435 eidem
878 3379 1095 3436 auctori
1117 3395 1233 3435 non
1259 3380 1475 3450 possint
1501 3377 1760 3447 attribui,
1793 3378 2036 3449 priorem
2057 3378 2208 3433 enim
2237 3378 2371 3433 solis
2397 3377 2510 3434 fere
2537 3378 2776 3451 gnomis,

235 3466 467 3523 alteram
492 3466 773 3539 parabolis
796 3475 854 3523 et
880 3465 1339 3523 similitudinibus
1361 3466 1602 3521 maxime
1625 3474 1884 3522 constare
1905 3474 2154 3521 monent.
2183 3470 2261 3521 At
2285 3482 2354 3521 ex
2381 3465 2488 3521 hae
2515 3464 2782 3521 differen-

236 3556 310 3613 tia
336 3554 393 3611 id
416 3570 591 3611 unum
613 3554 884 3627 sequitur,
906 3556 1149 3627 priorem
1176 3554 1534 3611 collectorem
1559 3550 1871 3624 parabolas,
1895 3552 2022 3625 quia
2041 3568 2135 3611 eas
2162 3552 2304 3609 forte
2331 3552 2428 3609 fini
2455 3568 2558 3609 suo
2578 3569 2784 3625 parum

234 3642 335 3700 ada
343 3652 523 3715 ptatas
546 3644 763 3699 censuit
776 3684 791 3713 ,
813 3643 1277 3715 praetermisisse3
1301 3641 1398 3713 qui
1421 3649 1507 3697 tot
1526 3648 1720 3697 acutas
1742 3642 2048 3697 sententias
2063 3639 2396 3713 composuit,
2417 3641 2464 3696 is
2483 3639 2784 3712 parabola-

234 3747 358 3786 rum
382 3729 896 3803 eomponendarum
922 3746 1039 3787 non
1060 3738 1183 3787 erat
1210 3730 1467 3801 incapax.

312 3876 371 3932 2.
401 3905 480 3916 —
508 3875 595 3933 Ex
626 3873 888 3952 reliquis
927 3874 1215 3950 partibus
1257 3872 1381 3931 duo
1420 3872 1654 3949 capita,
1690 3889 1856 3948 quae
1885 3872 2164 3950 priorem
2205 3869 2644 3931 collectionem
2676 3888 2780 3930 se—

233 3973 515 4047 quuntur
544 3968 1011 4047 &zu-2432),
1047 3970 1237 4030 etiam
1259 3967 1580 4027 Salomoni
1608 3968 1848 4028 auctori
1879 3968 2136 4027 omnino
2169 3970 2317 4028 sunt
2343 3966 2778 4039 attribuenda,

232 4068 436 4142 neq'ue
464 4066 788 4126 sufficiens
810 4067 1061 4127 videtur
1088 4065 1309 4127 adesse
1336 4064 1527 4137 ratio,
1553 4081 1664 4123 cur
1685 4064 2102 4143 appendicula
2129 4064 2256 4124 illis
2280 4064 2519 4124 adnexa
2545 4062 2782 4141 (2423-

231 4162 331 4241 34)
365 4163 422 4221 ei
454 4164 817 4240 denegetur.
848 4163 1065 4223 Trium
1093 4178 1244 4222 vero
1281 4160 1704 4238 appendicum
1730 4160 1888 4221 duae
1929 4162 2174 4238 priores
2210 4161 2444 4221 rectius
2475 4160 2568 4221 eis
2597 4162 2780 4220 attri-

232 4260 537 4329 buuntur,
579 4276 850 4336 quorum
896 4258 1259 4319 nominibus
1306 4258 1758 4327 inscribuntur,
1795 4258 1998 4336 prima
2031 4256 2331 4337 (30,1-33)
2374 4257 2568 4335 Aguri
2613 4258 2778 4317 Mas-

231 4355 472 4426 mensi,
504 4356 696 4414 altera
730 4353 990 4434 (31,1-9)
1021 4354 1301 4414 Lemueli
1336 4354 1704 4427 Massaensi;
1738 4370 1892 4413 num
1937 4370 2192 4414 carmen
2223 4352 2300 4413 de
2327 4353 2594 4413 muliere
2627 4354 2774 4413 sorti

232 4449 565 4528 (31,1οκ31)
596 4451 912 4509 Salomoni
948 4450 1255 4510 debeatur
1277 4466 1505 4521 necne,
1541 4466 1668 4509 non
1698 4449 1921 4527 liquet.

297 4550 506 4621 Quodsi
540 4553 828 4621 inscriptio
864 4559 981 4619 10,1
1014 4570 1125 4607 non
1162 4560 1245 4609 est
1272 4554 1544 4625 genuina,
1571 4552 1683 4608 duo
1711 4553 1893 4625 capita
1933 4558 2365 4623 (22,17-24,20)‚
2393 4553 2477 4609 uti
2502 4551 2770 4622 diximus,

226 4639 405 4709 prima
448 4639 802 4709 inscriptione
846 4647 975 4705 (1,1)
1019 4641 1304 4698 Salomoni
1333 4641 1448 4695 iam
1473 4640 1882 4711 attribuuntur3
1911 4649 2078 4714 atque
2104 4656 2300 4697 revera
2327 4649 2484 4697 tanta
2513 4648 2594 4697 est
2622 4641 2774 4697 inter
