3050 5184
655 359 729 405 DE
763 358 1000 403 cAN‘rlci
1048 356 1315 402 UNITATE
1357 358 1431 403 BT
1471 356 1688 401 INDOLE
1729 356 2118 402 ALLEGOMGA.
2595 338 2710 396 341

248 495 309 553 2.
342 526 423 536 --
452 492 825 568 Priusquam
858 490 1153 551 carminis
1181 494 1622 567 argumentum
1654 490 2010 563 definiatur,
2043 489 2337 567 quaestio
2363 486 2438 547 cle
2464 492 2586 547 eius
2617 492 2712 545 in-

147 593 603 665 ‹erpi-eratione
626 592 742 647 est·
762 586 1240 665 praemittenda.
1279 587 1407 645 Iam
1437 602 1590 645 vero
1624 587 1977 645 communis
2014 585 2297 646 omnium
2331 600 2529 661 paene
2560 584 2710 643 doc-

162 689 387 743 torum
415 690 479 745 et
506 685 875 744 Sanctorum
908 682 1219 743 sententia
1246 688 1371 754 est,
1398 699 1594 759 eaque
1627 682 1690 741 in
1713 683 1910 759 ipsius
1939 683 2177 743 Cantici
2196 680 2406 741 indole
2435 681 2707 751 fundata,

159 780 335 841 illud
358 798 519 840 mere
545 798 665 840 esse
694 779 1080 855 alteyoricum
1110 782 1387 855 omnique
1407 796 1588 837 sensu
1610 784 1854 855 proprio
1892 786 1946 838 et
1975 779 2254 838 historico
2284 794 2514 849 carere,
2551 775 2711 836 sicut

164 876 403 935 eodem
444 880 656 937 carent
701 876 950 937 fabulae
988 875 1482 952 parabolaeque,
1526 891 1686 951 quae
1729 873 2165 953 metaphorico
2205 873 2339 933 solo
2387 889 2572 932 sensu
2612 888 2708 933 ex-

162 973 321 1049 poni
357 972 589 1033 debent
618 990 689 1031 ac
718 976 1007 1051 possunt.

237 1075 377 1131 Tria
405 1077 539 1131 olim
568 1076 791 1132 suerunt
818 1084 873 1131 et
902 1074 1069 1131 hodie
1106 1084 1235 1131 sunt
1270 1074 1652 1145 explicationis
1689 1083 2008 1147 systemata.
2039 1075 2152 1130 Alii
2195 1074 2342 1129 enim
2373 1073 2534 1128 nudis
2563 1070 2709 1128 Can-

160 1164 267 1219 tici
294 1162 479 1219 verbis
499 1163 855 1220 inhaerentes
883 1164 1089 1235 illaque
1116 1163 1343 1234 proprio
1370 1177 1534 1218 sensu
1572 1162 2000 1233 interpretantes
2045 1160 2250 1218 fervida
2288 1168 2504 1216 tantum
2533 1160 2708 1216 collo-

164 1252 303 1323 quia
334 1250 395 1305 in
422 1266 491 1307 eo
518 1249 959 1321 deprehendunt,
993 1250 1195 1322 quibus
1222 1264 1455 1321 sponsus
1484 1249 1742 1321 quidam,
1775 1264 1941 1321 quem
1971 1250 2216 1321 plerique
2242 1249 2593 1305 Salomonem
2621 1249 2708 1303 vel

164 1354 293 1393 oese
322 1338 411 1393 vel
438 1336 575 1411 fingi
603 1338 811 1407 dicunt,
844 1338 1071 1410 eiusque
1093 1354 1293 1409 sponsa
1310 1381 1325 1405 ,
1350 1352 1518 1408 quam
1543 1345 1640 1393 aut
1665 1336 1835 1393 liliam
1863 1336 2169 1393 Pharaonis
2191 1344 2287 1391 aut
2312 1336 2503 1391 Abisai
2527 1338 2707 1393 Suna-

164 1424 431 1481 mitidem
452 1433 549 1481 aut
574 1426 759 1481 nescio
791 1440 958 1498 quam
986 1427 1226 1496 puellam
1254 1441 1375 1482 esse
1404 1432 1657 1491 censent,
1688 1424 2048 1480 tenerrimum
2075 1439 2236 1479 suum
2261 1438 2508 1479 amorem
2531 1424 2708 1495 expri-

164 1522 366 1581 munt;
396 1528 495 1584 pro
524 1528 677 1568 mero
705 1512 871 1585 igitur
899 1514 1145 1570 carmine
1172 1512 1381 1569 erotico
1410 1514 1493 1568 vel
1522 1510 1876 1583 epithalamio
1904 1512 2194 1567 Canticum
2223 1510 2450 1567 habent.
2479 1514 2708 1569 Praeter

166 1602 435 1672 antiquos
454 1600 715 1655 rabbinos
738 1598 1006 1671 quosdam
1028 1599 1170 1665 hanc
1194 1600 1524 1656 sententiam
1548 1600 1728 1655 tenuit
1754 1598 2082 1656 Theodorus
2105 1601 2431 1670 Mopsuest.,
2462 1598 2606 1654 hane
2633 1598 2708 1655 ob

166 1702 401 1743 causam
424 1702 456 1743 a
486 1688 731 1743 Concilio
760 1690 825 1744 V.
858 1689 1061 1753 (Const.
1093 1690 1189 1755 Il.)
1218 1687 1531 1753 damnatus,
1558 1695 1860 1758 tenentque
1883 1686 2136 1743 moderni
2157 1686 2553 1743 rationalistae.
2582 1688 2706 1743 Non

166 1776 309 1830 satis
338 1774 408 1831 ab
433 1790 497 1830 ea
527 1775 783 1830 recedere
813 1776 1068 1831 videntur
1094 1776 1194 1843 illi,
1228 1776 1323 1847 qui
1351 1782 1446 1831 aut
1472 1790 1600 1831 cum
1630 1774 1878 1829 Honorio
1901 1773 2288 1847 Augustodun.
2315 1773 2708 1845 nonnullisque

166 1861 567 1933 interpretibus
592 1862 880 1918 catholicis
902 1864 1193 1931 (Bossuet.‚
1220 1863 1451 1918 Calmet.
1478 1864 1612 1929 etc.)
1636 1862 1860 1933 proprio
1883 1861 2106 1931 quidem
2127 1877 2290 1917 sensu
2311 1860 2380 1917 de
2398 1862 2710 1918 Salomonis

68 1984 73 1987 -
166 1950 431 2021 tiliaeque
458 1949 763 2005 Pharaonis
783 1950 989 2005 mutuis
1016 1950 1320 2019 amoribuS,
1349 1949 1530 2022 typice
1559 1958 1744 2005 autem
1767 1949 1838 2005 de
1863 1948 2066 2005 Christi
2093 1948 2480 2021 Ecclesiaeque
2503 1950 2704 2005 unione

164 2037 265 2109 agi
308 2035 667 2105 arbitrantur,
714 2045 812 2093 aut
854 2053 983 2093 cum
1022 2036 1307 2093 modernis
1348 2036 1632 2092 nonnullis
1671 2037 1928 2103 (maxime
1971 2036 2292 2093 acatholicis
2336 2057 2350 2091 :
2400 2036 2703 2104 Delitzsch,

166 2123 446 2180 Zoeckler
464 2127 595 2191 etc.)
614 2124 953 2180 matrimonii
973 2125 1301 2197 mysterium
1323 2125 1472 2179 velut
1492 2131 1685 2196 typum
1705 2124 2108 2179 coniunctionis
2133 2123 2338 2179 Christi
2357 2132 2413 2179 et
2432 2124 2706 2180 Ecclesiae

114 2224 131 2235 ⁹
162 2210 443 2267 celebrari
472 2218 719 2267 censent.
748 2212 934 2267 Tertia
960 2210 1182 2267 demum
1213 2212 1479 2267 sententia
1510 2227 1733 2267 omnem
1762 2212 2044 2283 proprium
2069 2226 2292 2267 sensmn
2310 2212 2520 2267 Cantici
2544 2212 2704 2283 plane

162 2297 354 2353 reiicit
390 2296 641 2369 illudque
679 2314 891 2353 meram
932 2299 1251 2370 allegoriam
1293 2314 1411 2355 esse
1453 2306 1622 2355 tenet.
1671 2300 1737 2354 ln
1779 2299 1883 2355 hac
1925 2298 2196 2354 sententia
2231 2315 2424 2355 omnes
2450 2300 2706 2371 antiquos

160 2384 435 2441 rabbinos
454 2385 768 2441 consentire
788 2385 982 2442 asserit
998 2386 1157 2442 Aben
1180 2388 1337 2455 Esra,
1368 2396 1535 2458 atque
1557 2385 1616 2441 in
1640 2385 1835 2442 eadem
1858 2396 2256 2442 consenserunt
2281 2402 2471 2442 omnes
2494 2387 2706 2459 antiqui

162 2471 449 2529 Ecclesiae
487 2474 711 2541 PatreS,
756 2470 825 2527 ad
870 2488 1108 2544 quorum
1149 2489 1480 2529 consensum
1517 2473 1636 2529 ‘iam
1679 2474 2000 2543 provocavit
2042 2473 2458 2543 TheodoretuS,
2503 2490 2704 2546 eosque

162 2559 350 2615 secuti
385 2568 513 2615 sunt
548 2568 769 2615 tantum
806 2576 918 2615 non
955 2576 1147 2617 omnes
1182 2559 1425 2617 iuniores
1460 2562 1790 2631 interpretes
1827 2561 2105 2617 catholici.
2147 2564 2339 2632 Neque
2374 2561 2434 2619 id
2470 2562 2700 2627 mirum;

162 2646 379 2703 etenim
404 2645 663 2703 eoncilia·
691 2648 763 2701 V.
792 2651 1003 2703 Patres
1029 2648 1117 2704 his
1142 2648 1322 2703 verbis
1344 2648 1682 2703 damnarunt
1704 2647 1984 2703 Theodori
2014 2650 2316 2719 Mopsuest.
2344 2649 2658 2719 opinionem
2686 2670 2700 2703 :

166 2756 199 2784 a
228 2734 527 2805 Despernit
551 2734 699 2790 idem
727 2732 1054 2791 Theodorus
1080 2736 1369 2791 Canticum
1393 2737 1553 2792 Cant.
1587 2744 1641 2790 et
1664 2736 1806 2790 sicut
1831 2734 1901 2790 ad
1931 2742 2170 2791 amatam
2196 2736 2332 2791 haec
2354 2738 2704 2792 Salomonem

158 2821 453 2892 scripsisse
480 2821 645 2890 dicit,
677 2820 905 2877 infanda
934 2822 1377 2879 Christianorum
1404 2822 1633 2879 auribus
1659 2821 1728 2878 de
1758 2838 1824 2879 eo
1855 2838 2134 2893 exponens
2163 2844 2224 2893 »ς
2257 2839 2398 2895 quae
2436 2823 2600 2879 verba
2627 2824 2703 2879 ita

84 2948 91 2956 ·
158 2917 297 2965 sunt
325 2918 643 2979 comparata
664 2950 680 2977 ,
711 2917 776 2964 ut
802 2910 929 2965 illos
958 2925 1213 2982 quoque,
1245 2912 1340 2982 qui
1366 2924 1496 2965 cum
1522 2908 1749 2981 proprio
1791 2911 2037 2981 typicum
2072 2926 2293 2967 sensum
2332 2910 2700 2981 coniungunt,

158 2996 444 3069 configere
480 2994 801 3065 videantur,
830 3012 957 3053 nam
988 2997 1153 3053 etiam
1178 2997 1259 3053 illi
1285 2998 1642 3053 Salomonem
1670 2996 1808 3053 haec
1833 2996 1904 3053 de
1932 3014 2030 3053 sua
2057 3006 2241 3054 amata
2270 2997 2470 3053 dixisse
2492 3006 2699 3055 tenent.

159 3086 518 3156 Quapropter
544 3084 679 3140 sota
702 3083 1081 3155 metaphorica
1108 3084 1399 3156 explicatio
1428 3084 1702 3141 catholico
1732 3086 2024 3157 interpreti
2051 3102 2171 3142 esse
2198 3086 2349 3142 licita
2378 3084 2614 3142 videtur.

232 3176 317 3227 Ac
344 3170 593 3242 profecto
618 3171 715 3243 qui
742 3171 925 3227 solum
948 3187 1171 3227 sensum
1197 3172 1485 3244 proprium
1514 3171 1838 3241 admittunt,
1871 3188 2176 3244 numquam
2203 3173 2417 3231 Cantici
2443 3174 2705 3246 receptio·

158 3258 369 3315 nemin
387 3273 660 3314 canonem
680 3258 1061 3331 explicabunt;
1091 3260 1371 3331 quomodo
1389 3260 1542 3317 enim
1564 3260 1798 3316 carmini
1823 3261 2054 3332 profano
2081 3269 2136 3317 et
2161 3262 2367 3317 erotico
2391 3262 2545 3317 locus
2563 3262 2708 3317 inter

156 3360 351 3401 sacras
373 3345 689 3416 Scripturas
724 3345 953 3403 attribui
994 3350 1209 3418 potest?
1244 3350 1319 3403 At
1354 3348 1451 3403 alii
1496 3363 1747 3419 quoque,
1796 3348 1892 3419 qui
1935 3348 2158 3419 proprio
2199 3349 2443 3421 typicum
2482 3365 2706 3405 sensum

156 3433 494 3507 adiungunt,
527 3448 697 3505 quam
722 3434 959 3504 plurima
984 3433 1277 3491 admittere
1305 3443 1601 3507 coguntur,
1635 3451 1777 3507 quae
1806 3435 1952 3491 inter
1979 3451 2037 3490 se
2066 3444 2314 3508 pugnant
2341 3444 2398 3491 et
2419 3452 2451 3492 a
2480 3436 2705 3493 ludaeo-

156 3536 289 3575 rum
312 3520 790 3593 Orientaliumque
814 3521 1062 3577 moribus
1085 3521 1404 3578 abhorrent.
1434 3522 1742 3579 Pharaonis
1765 3522 1880 3578 filia
1895 3562 1911 3590 ,
1937 3538 2036 3578 seu
2061 3539 2442 3596 quaecumque
2460 3526 2706 3581 Salomo-

152 3610 243 3663 nis
272 3622 477 3678 sponsa
506 3606 755 3681 iinffl'tun
786 3625 936 3665 nunc
964 3609 1327 3683 ingynecaeo
1356 3609 1508 3682 regio
1538 3625 1598 3665 se
1625 3625 1658 3664 a
1687 3626 1816 3683 rege
1846 3610 2022 3665 amari
2061 3611 2350 3683 gloriatur,
2394 3628 2541 3668 nunc
2577 3628 2704 3667 cum

154 3710 364 3767 sponso
393 3694 449 3749 in
471 3710 607 3767 agro
633 3711 831 3769 greges
858 3697 1035 3767 pascit
1055 3701 1185 3765 (1,3.
1209 3704 1263 3753 6.
1286 3702 1361 3766 7),
1391 3713 1542 3752 nunc
1567 3705 1736 3753 noctu
1760 3697 1912 3752 urbis
1937 3698 2144 3768 plateas
2169 3699 2488 3769 perlustrat,
2515 3709 2703 3755 custo-

154 3783 257 3837 des
278 3782 349 3838 de
374 3780 578 3837 dilecto
607 3783 943 3855 interrogat,
973 3784 1041 3839 ab
1070 3785 1137 3839 iis
1166 3784 1488 3841 verberatur
1515 3790 1622 3853 (3,1
1657 3800 1811 3856 sqq.;
1845 3790 1930 3853 5,1
1963 3790 2110 3857 sqq.)
2139 3793 2242 3842 etc.
2277 3788 2356 3841 Ut
2381 3784 2450 3842 ab
2481 3786 2568 3842 his
2594 3787 2704 3841 dis-

160 3868 501 3926 iicultatibus
528 3884 649 3925 sese
676 3869 1029 3942 expedirent,
1058 3870 1315 3927 moderni
1343 3871 1722 3928 rationalistae
1749 3873 1857 3929 alia
1888 3881 2185 3946 systemata
2223 3873 2672 3945 excogitaverunt
2689 3914 2704 3938 ,

161 3973 305 4027 quae
348 3956 411 4013 in
458 3972 527 4012 eo
572 3956 689 4012 fere
736 3960 1097 4028 conveniunt,
1149 3958 1295 4032 quod
1346 3961 1702 4016 Salomonem
1749 3968 1804 4015 et
1850 3970 2128 4031 pastorem
2175 3961 2419 4031 aliquem
2468 3958 2702 4016 eandem

158 4058 421 4115 sponsam
458 4043 723 4100 adamare
749 4044 963 4115 sibique
992 4054 1247 4117 expetere
1276 4055 1554 4113 statuant,
1585 4047 1644 4102 in
1673 4046 1798 4103 aliis
1835 4047 2094 4103 omnibus
2133 4047 2494 4116 dissentiunt,
2528 4063 2700 4118 quum

157 4146 318 4187 situm
356 4132 591 4204 quisque
619 4131 903 4205 ingenium
932 4142 1151 4189 secutus
1178 4135 1285 4189 alia
1316 4143 1371 4191 et
1398 4135 1505 4189 alia
1537 4143 1880 4206 supponant,
1917 4151 2058 4207 quae
2095 4152 2166 4191 ne
2205 4136 2436 4190 verbulo
2473 4134 2700 4207 quidem

158 4220 213 4275 in
228 4226 391 4274 textu
404 4228 535 4275 sunt
554 4218 821 4287 indicata,
836 4234 1119 4291 novasque
1138 4237 1239 4293 pro
1257 4222 1416 4277 libitu
1434 4220 1656 4277 fabulae
1675 4238 1806 4277 suae
1826 4223 2168 4279 romanensis
2185 4237 2448 4292 personas
2465 4222 2694 4294 fingant.

153 4307 265 4363 Sed
286 4322 361 4363 ne
384 4306 475 4363 his
492 4306 721 4377 quidem
744 4308 1053 4365 arbitrariis
1076 4308 1475 4381 hypothesibus
1498 4325 1692 4365 omnes
1716 4308 2072 4366 difficultates
2094 4310 2382 4382 effugiunt,
2405 4324 2577 4383 quare
2595 4310 2697 4365 ali·

155 4395 247 4465 qui
272 4410 341 4451 eo
366 4402 760 4466 pervenerunt,
785 4402 849 4449 ut
869 4396 1055 4451 omnia
1078 4406 1173 4453 aut
1196 4397 1463 4453 nonnulla
1486 4397 1685 4454 saltem
1706 4397 1766 4452 in
1793 4397 2010 4453 somnio
2036 4398 2125 4469 agi
2149 4404 2204 4452 et
2233 4396 2344 4454 dici
2368 4407 2692 4453 assererent.

156 4483 353 4539 Nescio
368 4498 558 4538 annon
572 4481 643 4537 de
659 4482 915 4538 omnibus
934 4483 1211 4539 modernis
1226 4499 1468 4557 quoque,
1488 4486 1583 4557 qui
1599 4485 1887 4558 proprium
1905 4486 2147 4556 aliquem
2161 4500 2384 4541 sensum
2399 4485 2698 4543 admittunt

154 4580 323 4641 atque
360 4568 652 4626 historiam
680 4584 871 4625 veram
909 4574 1024 4635 (aut
1046 4571 1252 4638 fictam)
1284 4572 1338 4627 in
1367 4574 1594 4628 Cantico
1623 4573 1840 4629 narrari
1880 4581 2103 4640 tenent,
2134 4588 2325 4629 severa
2359 4572 2695 4653 'theodoreti

154 4658 320 4715 verba
362 4656 586 4713 valeant
618 4676 633 4709 ε
672 4676 697 4709 α
723 4657 961 4713 Fabulas
990 4674 1057 4712 nc
1089 4659 1320 4714 aniculis
1355 4659 1582 4730 quidem
1624 4659 1984 4717 delirantibus
2021 4660 2215 4734 dignas
2241 4670 2570 4733 contexunt,
2598 4664 2694 4734 qui
