3050 5184
432 283 548 342 614
590 301 665 342 nn
696 301 839 344 Novi
871 301 1033 344 rnsr.
1066 299 1236 343 mino
1266 297 1663 344 Pnornermo.
1689 315 1770 326 -
1795 299 1870 342 ne
1897 296 2253 343 ApocAerffl
2284 297 2340 340 Β.
2390 293 2640 340 ioAmus
2668 293 2949 338 aros-rom.

502 437 555 485 8.
591 433 815 502 Septem
860 431 1039 502 angeli
1077 435 1295 502 septem
1324 429 1584 502 phiala-s
1630 429 1932 500 accipiunt,
1981 428 2182 500 quibus
2222 429 2277 483 in
2315 435 2524 482 terram
2571 425 2763 482 effusis
2797 439 2954 478 norae

677 519 1000 574 exoriuntur
1028 519 1221 590 plagae
1252 518 1638 586 (15‚1-16‚21).

500 610 554 658 9.
576 607 739 661 Unus
767 614 953 661 autem
980 621 1047 660 ex
1075 605 1195 660 istis
1224 605 1433 677 angelis
1464 603 1735 674 Apostolo
1761 619 2023 675 magnam
2051 603 2402 659 meretricem
2427 601 2770 674 Babylonem
2793 609 2953 654 osten·

674 691 754 747 dit
781 694 885 762 (17,
898 697 1069 764 1-18),
1087 693 1227 748 alter
1250 691 1319 747 dc
1344 691 1501 747 coelo
1532 690 1876 748 descendens
1895 691 2234 764 Babylonem
2257 691 2368 745 iam
2386 689 2658 745 interiisse
2677 688 2952 742 annunmt

674 783 966 847 (ma-20),
996 781 1192 834 tertius
1220 788 1510 834 aeternum
1537 779 1657 834 sore
1685 778 1970 833 interitum
2001 776 2268 848 praedicit
2289 779 2589 846 (itm-10).

500 873 582 924 10.
614 867 875 938 Sequitur
898 867 1089 922 ultima
1122 882 1301 938 pugna
1330 866 1499 922 Verbi
1529 868 1632 922 Dei
1669 882 1798 922 cum
1826 864 2086 921 dracone.
2117 865 2295 921 Bestia
2325 865 2562 920 vincitur
2589 871 2644 918 et
2672 863 2742 918 ab
2771 863 2951 934 angelo

670 955 741 1010 ad
780 955 929 1010 mille
955 970 1130 1009 annos
1164 955 1222 1009 in
1250 953 1510 1026 abyssum
1546 953 1807 1026 mittitur,
1835 961 1962 1023 post
1992 969 2132 1024 quos
2160 951 2424 1008 solvenda
2453 961 2538 1008 est
2568 949 2792 1005 modico
2825 959 2951 1004 tem-

672 1058 805 1112 pore
846 1042 1225 1113 (19‚11-20‚3);
1260 1049 1557 1114 resurgunt
1589 1041 1764 1096 saneti
1801 1049 1857 1096 et
1893 1057 2019 1098 cum
2057 1039 2278 1097 Christo
2317 1039 2464 1095 mille
2501 1038 2660 1093 annis
2697 1047 2948 1110 regnant:

673 1129 873 1200 quibus
902 1129 1099 1202 elapsis
1126 1137 1287 1185 satan
1311 1145 1518 1184 novum
1547 1129 1747 1184 excitat
1769 1127 1980 1184 bellum
1997 1172 2010 1197 ,
2051 1127 2149 1184 sed
2187 1129 2361 1183 victus
2385 1127 2443 1182 in
2471 1125 2750 1182 infernum
2785 1127 2950 1180 intru-

671 1216 1149 1273 dituraeternum
1193 1217 1553 1286 cruciandus;
1592 1232 1720 1272 cum
1758 1232 1824 1271 eo
1863 1216 2170 1288 puniuntur
2202 1215 2272 1284 ii,
2314 1230 2551 1288 quorum
2588 1212 2817 1268 nomina
2855 1229 2949 1268 non

669 1313 798 1360 sunt
822 1305 881 1359 in
908 1305 1050 1361 libro
1080 1307 1220 1360 vitae
1246 1305 1525 1376 (misi-15).

498 1398 581 1448 11.
610 1393 832 1448 Novum
875 1393 1088 1448 exsistit
1123 1393 1340 1448 coelum
1368 1401 1424 1447 et
1460 1407 1605 1448 nova
1646 1401 1824 1460 terra,
1859 1393 1916 1446 in
1957 1407 2126 1464 quam
2162 1389 2232 1445 de
2275 1390 2434 1446 coelo
2471 1403 2618 1445 nova
2657 1389 2948 1444 Ierusalem

668 1479 953 1536 descendit
976 1485 1333 1548 (ala-225).

492 1569 554 1622 In
584 1583 849 1625 EPILOGO
883 1567 1066 1623 omnia
1096 1567 1231 1622 haec
1261 1583 1387 1623 vera
1417 1576 1473 1623 et
1500 1567 1607 1624 cito
1636 1567 1965 1639 complenda
1995 1583 2112 1622 esse
2147 1565 2408 1622 dicuntur
2433 1570 2704 1633 <22‚6-20)
2735 1574 2794 1620 et
2824 1563 2948 1620 liber

420 1655 811 1726 apprecatione
841 1656 1048 1727 gratiae
1076 1656 1406 1710 terminatur
1436 1660 1662 1724 (22221).

501 1805 559 1862 3.
592 1839 670 1846 —
704 1805 833 1862 Iam
858 1821 1008 1864 vero
1038 1803 1416 1882 praeprimis
1452 1804 1799 1864 notandum
1830 1807 1955 1877 est,
1989 1804 2160 1864 iuxta
2185 1803 2681 1882 probabiliorem
2709 1807 2947 1862 senten·

422 1899 573 1958 tiam
598 1901 923 1978 proprium
952 1901 1413 1978 Apocalypseos
1441 1905 1887 1979 argumentum
1913 1917 2037 1960 non
2060 1900 2181 1959 nisi
2211 1917 2247 1958 a
2277 1917 2331 1959 c.
2358 1902 2415 1958 4.
2439 1898 2740 1970 inchoari,
2763 1905 2940 1976 atque

420 1995 689 2055 eundem
719 1996 851 2057 fore
884 1997 1173 2057 ordinem
1205 2003 1579 2076 eventuum,
1614 1997 1721 2075 qui
1759 2001 1854 2057 est
1892 1995 2320 2074 symbolorum
2342 2041 2355 2067 ,
2398 1999 2466 2055 ut
2509 1997 2654 2072 post
2691 1999 2942 2056 eventus

419 2090 592 2164 illm,
624 2092 733 2170 qui
776 2097 1018 2170 septem
1058 2093 1282 2170 sigillis
1318 2093 1768 2170 significantur,
1802 2091 1880 2152 ad
1920 2092 2173 2170 septimi
2219 2091 2406 2169 sigilli
2439 2090 2826 2151 solutionem
2851 2110 2940 2151 se-

419 2193 691 2263 quantur
719 2194 978 2250 eventus
1006 2190 1178 2250 tubis
1207 2190 1584 2260 annuntiati,
1628 2194 1690 2249 et
1717 2189 1796 2249 ad
1832 2189 2136 2266 septimae
2175 2188 2360 2250 tubae
2406 2205 2630 2248 sonum
2669 2187 2800 2257 illi,
2841 2189 2940 2264 qui

418 2300 493 2342 ex
521 2285 741 2345 ordine
772 2286 1230 2346 describuntur.

486 2397 569 2451 Ita
600 2413 789 2452 revera
812 2397 953 2453 liber
979 2413 1098 2454 esse
1122 2407 1410 2454 contextus
1436 2398 1672 2465 videtur,
1693 2408 1776 2468 ut,
1805 2399 1936 2454 licet
1961 2398 2260 2455 nonnullae
2281 2398 2562 2468 prolepses
2581 2401 2766 2466 (11‚15
2787 2415 2934 2470 sqq:

420 2485 627 2552 18,1-3)
657 2484 885 2540 concedi
912 2485 1140 2556 possint,
1168 2487 1353 2541 omnia
1382 2485 1687 2542 secundum
1719 2486 1990 2555 temporis
2012 2485 2261 2542 ordinem
2291 2485 2403 2542 sint
2429 2485 2720 2556 disposita.
2753 2489 2838 2541 At
2862 2486 2934 2540 al-

414 2578 531 2625 tera
558 2571 850 2640 sententia,
882 2587 1023 2641 quae
1052 2571 1275 2628 eosdem
1302 2582 1400 2628 aut
1426 2573 1624 2628 saltem
1649 2573 2009 2628 simultaneos
2041 2582 2268 2628 eventus
2291 2572 2510 2646 sigillis,
2542 2573 2714 2642 tubis,
2745 2572 2938 2643 phialis

415 2658 789 2728 praenuntiari
808 2666 983 2728 tenet,
1009 2658 1080 2715 ob
1106 2661 1332 2715 Pati-um
1360 2661 1766 2724 auctoritatem,
1796 2661 1892 2731 qui
1917 2675 2042 2716 eam
2071 2659 2432 2730 adoptarunt,
2462 2660 2626 2730 plane
2648 2659 2808 2716 reiiei
2831 2677 2932 2714 non

414 2753 609 2814 potest,
642 2745 769 2801 licet
796 2745 854 2800 in
883 2761 941 2802 se
968 2761 1163 2818 parum
1199 2746 1495 2818 probabilis
1522 2763 1641 2802 esse
1675 2747 1946 2804 videatur.
1977 2748 2036 2803 S.
2072 2749 2412 2803 Victori-nus
2434 2752 2639 2802 Petav.
2677 2747 2790 2802 iam
2819 2763 2930 2802 mo-

413 2832 551 2898 nuit,
596 2853 620 2882 α
659 2848 773 2888 non
810 2833 1185 2904 aspiciendum
1212 2849 1333 2889 esse
1359 2834 1612 2890 ordinem
1651 2834 1926 2890 dictorum
1943 2830 2255 2905 ‚quoniam
2279 2849 2442 2904 saepe
2467 2835 2708 2906 Spiritus
2733 2837 2816 2902 8.,
2849 2834 2930 2890 ubi

410 2916 481 2974 ad
507 2919 785 2976 novissimi
821 2923 1085 2992 temporis
1114 2921 1279 2977 linem
1310 2923 1612 2993 percurrit,
1641 2920 1845 2976 iterum
1882 2921 1954 2977 ad
1992 2921 2184 2978 eadem
2212 2929 2461 2992 tempora
2499 2919 2694 2978 redeat
2721 2930 2778 2978 et
2805 2937 2928 2993 sup-

409 3006 559 3075 pleat
582 3022 665 3075 ea,
698 3023 839 3077 quae
861 3007 1046 3062 minus
1071 3008 1282 3064 dixerat
1312 3031 1336 3062 ι»
1370 3009 1442 3080 (in
1471 3012 1650 3080 Apoc.
1669 3009 1895 3080 7,2).1n
1919 3008 2114 3064 eadem
2141 3008 2414 3064 sententia
2436 3009 2658 3080 longius
2678 3025 2928 3081 progres-

408 3108 499 3148 sus
526 3095 585 3150 S.
615 3098 977 3166 Auyustinus
1006 3112 1118 3150 non
1151 3103 1368 3151 tantum
1398 3095 1701 3152 earundem
1736 3112 1922 3152 rerum
1961 3095 2348 3166 repetitionem
2379 3093 2473 3150 sed
2507 3095 2730 3166 plenam
2765 3098 2925 3152 etiam

407 3179 615 3236 ordinis
639 3182 1006 3236 inversionem
1026 3184 1217 3238 statuit
1230 3185 1271 3237 ².
1294 3184 1447 3251 Quae
1475 3185 1748 3240 sententia
1771 3184 1960 3239 multis
1989 3183 2216 3253 placuit,
2239 3191 2296 3238 et
2323 3183 2404 3239 uti
2431 3183 2563 3238 olim
2585 3199 2618 3239 a
2635 3187 2926 3240 Primosic,

410 3267 483 3332 (in
524 3270 697 3339 Apoe.
743 3275 895 3337 3,22;
946 3275 1034 3337 4‚1
1085 3275 1243 3336 etc.)‚
1294 3275 1433 3326 Ven.
1478 3271 1646 3326 Beda
1685 3271 1760 3338 (in
1801 3276 1971 3342 Apoc.
2021 3277 2111 3336 4,1
2157 3271 2281 3340 etc.)
2323 3269 2583 3344 aliisque,
2624 3273 2700 3328 ita
2743 3281 2924 3328 nostra

406 3369 625 3425 quoque
670 3364 849 3411 aetate
884 3373 916 3412 a
958 3357 1243 3413 catholicis
1280 3366 1337 3413 et
1378 3360 1786 3429 protestanticis
1831 3359 2114 3415 nonnullis
2151 3366 2391 3414 tenetur.
2435 3365 2510 3414 At
2554 3359 2664 3414 nisi
2713 3375 2922 3414 summa

402 3440 685 3513 diligentia
732 3452 787 3497 et
836 3445 1017 3499 cautio
1056 3444 1404 3514 adhibeatur,
1446 3445 1553 3502 hac
1599 3447 1870 3502 sententia
1909 3445 2212 3502 arbitr-ariis
2259 3446 2720 3517 explicationibus
2775 3446 2922 3502 latis-

401 3529 604 3585 simum
631 3546 891 3602 campum
915 3533 1116 3602 aperiri
1150 3542 1317 3602 patet.

468 3618 661 3676 Altera
689 3634 909 3690 quoque
938 3621 1208 3689 quaestio,
1243 3637 1379 3676 num
1406 3622 1675 3692 epistolae
1701 3622 1844 3678 libro
1869 3623 2200 3693 praemissae
2229 3620 2301 3678 ad
2327 3622 2512 3693 ipsum
2539 3631 2918 3694 argumentum

398 3706 736 3774 pertineant,
767 3707 825 3760 in
852 3708 1225 3764 controversia
1254 3718 1363 3775 est3
1404 3709 1500 3780 qui
1540 3707 1610 3764 ad
1647 3709 1772 3766 libri
1811 3710 2222 3781 dispositionem
2249 3708 2574 3776 attenderit,
2603 3725 2698 3764 eas
2735 3725 2768 3765 a
2799 3725 2916 3764 eor-

400 3806 530 3861 pore
558 3794 740 3862 operis
768 3794 1051 3862 excludet,
1088 3803 1145 3850 at
1174 3796 1339 3852 multi
1366 3797 1694 3867 interpretes
1737 3797 1951 3870 antiqui
1979 3806 2036 3852 et
2062 3795 2315 3853 moderni
2351 3797 2662 3867 oppositam
2699 3805 2915 3853 senten-

396 3880 529 3934 tiam
555 3889 774 3944 tenent,
803 3881 1022 3952 illique,
1047 3883 1139 3953 qui
1168 3885 1224 3938 S.
1256 3884 1548 3954 Augustini
1574 3884 2044 3955 recapitulationis
2069 3894 2308 3956 systema
2337 3883 2664 3952 admittunt,
2699 3884 2912 3942 eosdem

394 3976 640 4035 eventuS‚
669 3985 807 4040 quos
836 3969 1050 4041 sigilliS,
1086 3971 1259 4036 tubiS,
1294 3971 1518 4043 phialiS‚
1554 3972 1718 4027 etiam
1747 3973 1990 4042 epistolis
2017 3973 2124 4028 iam
2163 3971 2476 4044 praedictos
2501 3971 2712 4028 vident.

452 4135 519 4196 (2)
542 4135 592 4182 S.
618 4137 747 4196 Auq.
769 4137 843 4183 De
868 4135 978 4186 Civ.
1000 4138 1102 4186 XX.
1137 4141 1189 4186 17
1216 4155 1226 4186 :
1257 4153 1283 4184 «
1306 4139 1365 4186 In
1390 4137 1487 4186 boc
1506 4137 1640 4186 libro
1665 4137 1878 4188 obscure
1901 4137 2062 4188 multa
2091 4137 2352 4200 dicuntur,
2381 4143 2438 4189 ut
2456 4143 2676 4189 mentem
2711 4139 2912 4202 legentis

391 4215 718 4264 cxci-ceant...
753 4214 973 4264 maxime
1000 4216 1121 4278 quia
1154 4216 1228 4266 sic
1260 4215 1435 4266 multis
1463 4216 1625 4266 modis
1654 4217 1828 4266 eadem
1857 4219 2058 4280 repetit,
2083 4221 2142 4266 ut
2170 4217 2269 4267 alia
2284 4221 2334 4267 et
2355 4217 2452 4266 alia
2478 4217 2646 4268 dicere
2668 4218 2908 4267 videatur.

390 4305 550 4353 quum
576 4291 723 4340 aliter
748 4295 800 4342 et
826 4293 972 4344 aliter
1010 4293 1131 4343 hacc
1166 4294 1274 4358 ipsa
1300 4294 1468 4345 dicere
1500 4296 1781 4358 vestigetur
1807 4313 1854 4346 ».
1885 4299 1952 4346 Et
1983 4295 2018 4345 1.
2051 4309 2094 4345 c.
2125 4297 2225 4344 XX.
2269 4299 2320 4346 14
2351 4314 2362 4345 ε
2391 4316 2416 4339 ιι
2441 4297 2508 4346 Ut
2539 4301 2712 4346 autem
2743 4299 2900 4344 osten·

389 4368 479 4418 dat
501 4369 801 4435 (propbeta),
824 4373 913 4434 qui
936 4373 1129 4422 mortui
1162 4373 1419 4424 iudicandi
1449 4373 1564 4432 sint,
1593 4374 1768 4438 pusilli
1796 4379 1850 4424 et
1877 4375 2064 4437 magni,
2098 4374 2478 4436 recapitulando
2505 4375 2631 4426 dicit
2655 4379 2908 4437 tamquam

388 4448 453 4497 ad
485 4447 539 4497 id
563 4449 780 4511 rediens,
805 4451 945 4513 quod
972 4453 1300 4514 praeterierat
1322 4453 1559 4516 potiusve
1589 4453 1858 4503 distulerat
1883 4472 1895 4503 ε
1923 4457 1994 4504 Et
2011 4451 2260 4503 exhibuit
2283 4467 2436 4504 mare
2455 4459 2708 4513 mortuos,
2735 4455 2826 4516 qui
2845 4451 2908 4498 iu

386 4539 447 4574 eo
476 4531 646 4577 erant.
681 4531 786 4578 Hoc
818 4530 992 4591 procul
1019 4530 1175 4580 dubio
1207 4532 1352 4594 prius
1384 4533 1573 4581 sactum
1607 4537 1709 4592 est,
1735 4547 1890 4596 quam
1923 4535 2090 4582 essent
2118 4533 2306 4582 mortui
2345 4532 2626 4592 iudicandi,
2660 4536 2706 4581 et
2739 4535 2906 4580 tamen

386 4603 515 4653 illud
544 4606 687 4668 prius
714 4608 905 4658 dictum
938 4612 1015 4658 est
1037 4625 1061 4656 »
1092 4613 1188 4660 etc.
