3050 5184
926 305 999 350 na
1044 305 1325 349 nrisToLA
1368 307 1447 350 An
1486 305 1701 351 τιτσιι.
2459 291 2574 352 577

104 438 188 484 tur.
230 433 463 488 Ceterum
508 435 621 489 suis
666 435 909 505 ipsorum
954 438 1348 492 controversiis
1390 435 1805 506 demonstrant,
1849 437 2140 494 historicas
2180 437 2476 494 allusiones
2521 437 2578 493 in

104 519 266 572 nostris
290 521 521 591 epistolis
555 521 627 578 ad
654 539 847 578 earum
870 521 1139 596 originem
1168 524 1558 596 explicandam
1579 541 1695 582 non
1723 525 1942 594 iuvare3
1972 541 2004 582 a
2031 526 2139 580 tine
2169 525 2318 580 enim
2346 541 2489 582 saec.
2526 532 2576 580 1.

103 621 241 676 usque
264 607 327 662 ad
352 624 400 664 a.
437 616 553 664 170.
586 611 676 665 vix
706 609 941 667 habetur
968 611 1237 682 lustrum,
1271 613 1361 669 cui
1390 613 1590 685 aliquis
1619 629 1686 668 ex
1717 612 2044 669 adversariis
2073 628 2164 668 eas
2193 614 2264 669 ob
2289 611 2580 669 historicas

104 692 296 750 rationes
316 711 423 751 non
452 697 739 754 attribuat.

152 786 209 846 c.)
228 782 673 857 Claeronoloqicae
694 783 1091 860 difficultates
1112 803 1336 860 quoque
1355 788 1613 844 infirmae
1635 797 1783 844 sunt.
1805 789 2024 844 Etenim
2043 803 2106 843 ea
2129 803 2270 860 quae
2289 804 2358 844 ex
2377 788 2581 844 nostris

102 868 300 934 epistolis
336 870 404 926 de
442 873 729 928 itineribus
772 874 931 930 Pauli
976 873 1239 932 discimus
1275 890 1405 930 cum
1444 875 1762 931 narratione
1803 878 2046 932 Actuum
2093 883 2218 946 apte
2269 891 2382 931 non
2423 890 2579 932 com-

102 955 214 1022 poni,
242 959 451 1014 omnino
481 959 867 1030 concedimus;
898 961 997 1018 sed
1025 965 1267 1018 Actuum
1296 963 1543 1019 narratio
1573 979 1700 1018 vere
1724 978 1775 1018 a.
1802 969 1891 1018 64.
1923 961 2271 1031 terminatur,
2301 965 2358 1020 S.
2376 963 2582 1019 Paulus

101 1050 245 1100 autem
270 1061 449 1102 mense
478 1049 637 1102 lunio
665 1064 715 1104 a.
751 1055 820 1105 67
828 1093 840 1103 .
874 1059 1127 1106 mortuus
1156 1059 1268 1118 est3
1304 1049 1442 1106 nihil
1470 1051 1642 1122 igitur
1659 1049 1934 1122 prohibet,
1965 1049 2260 1121 quominus
2277 1051 2474 1106 ultimo
2497 1051 2580 1105 vi-

102 1137 167 1184 tae
188 1133 419 1202 paulinae
447 1135 686 1191 triennio
711 1137 975 1208 epistolas
994 1137 1299 1208 pastorales
1326 1137 1475 1208 ipsas
1502 1147 1560 1193 et
1581 1136 1779 1192 itinera
1806 1137 1950 1193 iniis
1977 1146 2411 1193 commemorata
2433 1137 2582 1192 attri-

102 1215 290 1276 buamus
316 1221 415 1288 (cfr
440 1227 473 1288 §
502 1229 655 1292 15,2;
688 1228 887 1293 §16,2.
914 1229 989 1292 6).

150 1307 417 1377 Epistulam
446 1309 524 1366 ad
548 1312 734 1368 Titum
759 1321 815 1368 et
844 1313 1089 1384 priorem
1108 1313 1179 1369 ad
1208 1313 1566 1370 Timotheum
1586 1315 1729 1369 cirea
1757 1313 1908 1370 idem
1933 1321 2155 1383 tempus
2185 1329 2304 1369 esse
2329 1312 2582 1384 scriptas,

102 1397 359 1454 eommunis
384 1407 469 1454 est
494 1399 765 1456 sententia
782 1443 796 1468 ,
826 1415 969 1471 quae
1004 1401 1061 1456 in
1091 1401 1381 1473 utriusque
1411 1402 1720 1472 scripturae
1744 1410 2072 1472 argumento
2101 1409 2157 1456 et
2188 1401 2331 1472 stylo
2359 1399 2586 1458 firmum

102 1480 231 1538 habet
254 1483 697 1554 fundamentum3
730 1488 912 1558 priore
934 1495 1123 1544 tamen
1150 1489 1207 1544 in
1226 1488 1350 1544 loeo
1378 1487 1449 1544 de
1474 1489 1706 1560 epistola
1732 1486 1801 1544 ad
1831 1488 2018 1544 Titum
2045 1487 2291 1544 dicemus
2308 1529 2324 1552 ‚
2353 1503 2426 1543 ne
2449 1487 2586 1543 duas

102 1567 151 1622 ad
179 1571 515 1630 Timotheum
546 1573 617 1630 ab
646 1574 882 1632 invicem
911 1590 1167 1648 separare
1197 1590 1492 1648 cogamur;
1526 1582 1560 1631 2
1593 1576 1736 1632 Tim.
1761 1576 1911 1632 enim
1936 1583 2021 1632 est
2055 1576 2304 1631 omnium
2333 1575 2585 1646 paulina-

102 1672 193 1712 rum
219 1659 415 1718 ultima.

758 1816 793 1898 ς
828 1820 933 1880 15.
964 1850 1054 1864 -
1082 1817 1177 1880 De
1206 1813 1485 1902 epistola
1512 1812 1610 1879 ad
1637 1813 1878 1879 Titum.

160 1977 204 2034 1.
234 2012 306 2020 -
334 1979 380 2038 1.
416 1981 509 2040 De
552 1997 695 2040 viu
740 1981 800 2040 S.
850 1981 1009 2051 Tm,
1054 1981 1239 2040 unius
1284 1998 1359 2040 ex
1398 1980 1754 2058 praecipuis
1781 1979 1956 2040 Pauli
1995 1979 2213 2053 sociiS‚
2247 1979 2590 2040 admodum

102 2087 257 2145 pauca
281 2081 420 2136 sunt
446 2075 697 2136 tradita.
727 2078 819 2137 Ab
842 2078 1145 2156 Apostolo
1164 2076 1242 2136 ad
1266 2077 1457 2137 fidem
1481 2093 1828 2137 conversus
1857 2093 1998 2136 cum
2028 2093 2103 2136 eo
2132 2075 2211 2136 ad
2242 2075 2590 2136 Concilium

101 2170 473 2242 apostolicum
504 2173 886 2250 lerosolyma
920 2174 1239 2250 profectus
1270 2178 1397 2247 est;
1430 2174 1497 2233 in
1525 2173 1714 2233 tertia
1746 2190 1858 2233 sua
1895 2171 2297 2250 expeditione
2332 2176 2590 2250 aposto-

103 2261 195 2322 lica
217 2267 434 2328 Paulus
459 2285 609 2328 eum
624 2269 721 2330 bis
743 2269 1109 2330 Corinthum
1130 2270 1459 2348 ablegavit,
1489 2273 1634 2347 post
1653 2269 1930 2347 priorem
1953 2286 2134 2330 suam
2167 2267 2592 2347 captivitatem

104 2375 215 2420 eum
247 2364 612 2426 ordinandis
650 2366 937 2427 ecclesiis
969 2367 1359 2428 cretensibus
1396 2365 1702 2444 praefecit
1734 2369 1925 2442 atque
1971 2364 2147 2426 brevi
2186 2369 2408 2443 postea
2447 2381 2592 2425 eum

104 2457 408 2537 Nicopolim
438 2461 518 2522 ad
550 2479 616 2522 se
642 2463 959 2534 invitavit,
994 2468 1065 2524 ut
1093 2480 1241 2524 eum
1270 2463 1335 2522 in
1361 2461 1738 2523 Dalmatiam
1765 2461 2069 2522 mitteret.
2102 2462 2277 2522 quta
2305 2461 2592 2522 traditio-

104 2571 211 2616 nem
235 2555 391 2618 haud
420 2560 609 2638 plane
640 2565 877 2621 certam
911 2560 1207 2638 Apostolo
1240 2565 1486 2620 mortuo
1514 2558 1692 2618 Titus
1718 2558 1782 2617 in
1810 2557 2059 2618 Cretam
2089 2557 2359 2618 insulam
2385 2575 2594 2618 rever-

105 2665 181 2710 sus
206 2653 285 2713 ibi
310 2656 509 2716 vitam
538 2657 723 2717 beata
748 2661 952 2717 morte
979 2657 1359 2717 terminavit.

151 2765 309 2834 Titus,
339 2769 595 2840 quamvis
622 2785 653 2824 a
682 2771 853 2826 Paulo
887 2789 911 2822 ι
943 2768 1181 2826 dilectus
1206 2769 1353 2824 filius
1380 2790 1430 2838 n,
1468 2789 1493 2819 a
1524 2769 1698 2824 frater
1725 2787 1778 2836 n,
1816 2787 1840 2820 ι
1871 2767 2056 2823 socius
2083 2776 2140 2823 et
2175 2767 2400 2823 adiutor
2427 2787 2454 2818 n
2489 2782 2590 2838 ap-

105 2851 298 2917 pelletur
332 2857 657 2930 magnisque
696 2855 949 2913 laudibus
990 2865 1219 2913 ornetur
1248 2857 1386 2924 (Tit.
1426 2863 1546 2926 1,4;
1575 2861 1608 2912 2
1643 2857 1780 2912 Cor.
1809 2861 1968 2924 2,13;
1995 2861 2144 2922 8,17.
2179 2859 2280 2921 233
2315 2860 2506 2922 1218,
2537 2861 2594 2922 7,

102 2945 124 2990 6
147 2947 288 3014 sqq),
317 2942 375 3000 in
424 2944 655 3000 Actibus
700 2960 815 3001 non
860 2945 1199 3000 nominatur.
1230 2949 1377 3000 Ante
1414 2945 1834 3000 conversionem
1861 2941 2116 2998 ethnicus
2161 2941 2265 2998 ruit
2303 2942 2466 3010 (Gal.
2496 2947 2586 3011 2,1

102 3041 232 3098 sqq-j,
261 3047 435 3106 neque
466 3031 829 3103 improbabile
858 3041 941 3088 est
964 3075 981 3100 ,
1012 3047 1139 3088 eum
1180 3047 1381 3104 genere
1406 3029 1818 3086 Antiochenum
1847 3039 1902 3085 et
1922 3030 1982 3086 in
2010 3029 2240 3086 ecclesia
2269 3028 2594 3085 antiochena

102 3119 386 3176 auctoritate
416 3119 730 3190 praeditum
769 3119 935 3176 ruisse
963 3118 1067 3188 (cfr
1100 3119 1237 3176 Gal.
1268 3125 1357 3189 2,1
1392 3126 1450 3174 et
1478 3123 1608 3173 Act.
1646 3123 1826 3187 15‚2);
1859 3133 1988 3174 eum
2013 3133 2046 3174 a
2078 3117 2254 3173 Paulo
2290 3115 2411 3187 ipso
2441 3117 2615 3189 geni··

102 3209 193 3258 tum
217 3219 325 3264 esse
352 3207 595 3274 Christo,
627 3222 693 3264 ex
725 3228 749 3258 «ι
782 3207 881 3263 filii
914 3229 939 3259 υ
968 3206 1338 3280 appellatione
1368 3223 1480 3262 non
1506 3206 1790 3263 immerito
1819 3205 2115 3278 colligitur.
2137 3205 2224 3259 De
2252 3203 2460 3275 duplici
2485 3205 2604 3260 eius

103 3291 323 3352 missione
350 3295 629 3352 corinthia
662 3294 746 3351 el'r
772 3301 807 3351 2
840 3299 973 3352 Cor.
1010 3301 1139 3364 2,13
1175 3303 1231 3350 et
1263 3301 1357 3363 ⁷26
1395 3310 1519 3367 sqq.
1564 3303 1732 3365 atque
1765 3299 1856 3349 &5
1891 3309 2038 3365 sqq.;
2071 3291 2142 3348 de
2185 3293 2302 3348 eius
2343 3291 2603 3348 missione

103 3377 359 3440 dalmatica
399 3382 483 3439 cl'r
520 3389 553 3439 2
592 3384 744 3440 Tim.
782 3389 941 3452 4,10;
983 3382 1053 3439 de
1088 3383 1375 3439 laboribus
1412 3381 1531 3437 eius
1567 3381 1909 3438 cretensibus
1945 3378 2029 3436 cl'r
2065 3383 2182 3437 Tit.
2229 3386 2316 3448 1,5
2353 3395 2475 3452 sqq.
2521 3382 2604 3436 De

104 3465 279 3524 ultimis
305 3471 422 3528 eius
456 3471 615 3526 annis
644 3470 949 3543 loquuntur
970 3471 1259 3526 Eusebius
1285 3470 1373 3542 (H.
1396 3471 1459 3524 Ε.
1490 3471 1596 3525 111.
1628 3473 1706 3536 4),
1741 3469 2131 3524 Tlieodoretus
2159 3467 2236 3534 (in
2265 3474 2288 3523 1
2322 3468 2465 3523 Tim.
2495 3474 2604 3536 3,1)

104 3553 298 3628 aliique,
330 3559 428 3616 sed
460 3575 657 3615 eorum
686 3559 1033 3617 narrationes
1062 3559 1236 3632 magis
1264 3557 1515 3613 minusve
1539 3557 1784 3612 incertae
1812 3564 1960 3613 sunt.

161 3707 408 3770 2.-11.
442 3711 718 3780 TEMPUS,
754 3727 881 3788 quo
917 3709 1181 3788 epistola
1202 3711 1299 3768 est
1332 3707 1593 3785 scripta,
1629 3724 1822 3784 quum
1859 3705 2117 3766 traditio
2149 3705 2267 3764 hac
2311 3705 2390 3764 de
2421 3721 2487 3764 re
2517 3708 2609 3764 ta-

103 3809 241 3876 ceat,
274 3823 347 3866 ex
376 3807 511 3884 ipsa
550 3807 818 3884 epistola
856 3806 1190 3866 definiatur
1225 3808 1493 3883 oportet.
1522 3806 1612 3863 Ex
1650 3821 1775 3881 qua
1815 3819 2038 3880 magna
2077 3818 2223 3863 cum
2255 3800 2610 3862 verisimili-

102 3899 287 3962 tudine
316 3903 653 3981 colligitur,
681 3904 943 3965 Paulum
975 3920 1047 3963 ex
1068 3903 1282 3981 priore
1312 3901 1676 3978 captivitate
1705 3900 2044 3960 liberatum
2073 3915 2220 3960 cum
2245 3898 2384 3957 Tito
2416 3897 2480 3956 in
2511 3899 2624 3956 in-.

102 3995 273 4056 sulam
302 3999 547 4060 Cretam
572 3999 819 4060 venisse
853 4005 1041 4076 atque
1068 3997 1242 4059 brevi
1277 4001 1501 4075 postea
1530 3996 1844 4075 discipulo
1875 3996 1940 4054 in
1970 3995 2174 4056 insula
2199 3992 2424 4054 relicto
2455 3993 2612 4054 hanc

104 4089 541 4156 institutionem
564 4098 948 4174 pastoralem
978 4095 1251 4155 misisse.

156 4205 367 4264 Certum
394 4217 507 4277 est,
534 4211 591 4266 S.
640 4207 881 4265 Paulum
924 4209 1076 4266 haud
1122 4207 1218 4264 diu
1264 4215 1561 4280 postquam
1605 4207 1822 4276 Titum,
1855 4213 1918 4260 ut
1967 4205 2228 4259 institutis
2274 4202 2613 4276 presbyteris

102 4291 423 4354 Christianos
446 4297 505 4352 in
532 4297 709 4353 iustas
738 4297 999 4354 ecelesias
1026 4296 1312 4368 colligeret
1340 4295 1860 4364 haereticorumque
1888 4299 2122 4350 conatus
2149 4293 2531 4363 impugnaret,
2555 4289 2614 4345 in

103 4381 241 4438 Creta
268 4384 589 4457 reliquerat,
618 4384 671 4442 ei
700 4393 951 4442 nostram
983 4383 1274 4456 epistolam
1298 4383 1542 4450 misisse3
1571 4391 1786 4437 certum
1816 4395 2037 4452 quoque
2067 4388 2178 4446 est,
2205 4393 2362 4446 eum,
2390 4375 2614 4449 quando

104 4465 231 4526 illam
255 4472 488 4544 scripsit,
516 4490 630 4528 non
657 4473 826 4530 fuisse
854 4472 1167 4546 captivum,
1200 4473 1275 4528 ita
1299 4481 1363 4527 ut
1391 4470 1461 4527 de
1490 4469 1602 4526 suis
1630 4467 1918 4525 itineribus
1939 4466 2080 4523 liber
2108 4465 2402 4538 disponere
2431 4473 2612 4536 posset

106 4559 268 4624 ’3,12).
300 4561 443 4618 Hine
488 4577 683 4618 eorum
723 4561 911 4634 opinio
940 4560 1275 4626 excluditur,
1301 4559 1397 4631 qui
1443 4557 1512 4614 ab
1559 4557 1826 4629 Apostolo
1857 4559 1989 4626 (1,5)
2017 4554 2152 4611 illud
2198 4553 2304 4610 iter
2349 4553 2614 4608 creticum

104 4649 501 4706 commemorari
528 4659 776 4720 censent,
796 4648 865 4707 de
886 4665 996 4720 quo
1018 4649 1263 4720 loquitur
1284 4648 1339 4701 S.
1365 4647 1542 4701 Lucas
1560 4649 1710 4712 (Ace.
1734 4651 1860 4714 27,7
1883 4647 2028 4716 sqq.)
2044 4665 2060 4710 ;
2079 4641 2174 4698 illo
2196 4642 2346 4698 enim
2363 4649 2613 4711 tempore

835 4745 1089 4795 consen
1125 4743 1397 4792 Goxrnsn.
1430 4743 1654 4790 Izi-raon.
1686 4767 1748 4777 —
1781 4741 1854 4789 87.
