<?xml version="1.0" encoding="UTF-8"?>
<!DOCTYPE html PUBLIC "-//W3C//DTD XHTML 1.0 Transitional//EN"
    "http://www.w3.org/TR/xhtml1/DTD/xhtml1-transitional.dtd">
<html xmlns="http://www.w3.org/1999/xhtml" xml:lang="en" lang="en">
 <head>
  <title>
</title>
<meta http-equiv="Content-Type" content="text/html;charset=utf-8" />
  <meta name='ocr-system' content='tesseract 3.04.00' />
  <meta name='ocr-capabilities' content='ocr_page ocr_carea ocr_par ocr_line ocrx_word'/>
</head>
<body>
  <div class='ocr_page' id='page_1' title='image "./historicaeetcri00corngoog_0497.png"; bbox 0 0 3050 5184; ppageno 0'>
   <div class='ocr_carea' id='block_1_1' title="bbox 411 297 2629 358">
    <p class='ocr_par' dir='ltr' id='par_1_1' title="bbox 411 297 2629 358">
     <span class='ocr_line' id='line_1_1' title="bbox 411 297 2629 358; baseline 0.004 -11"><span class='ocrx_word' id='word_1_1' title='bbox 411 305 488 348; x_wconf 84' lang='lat' dir='ltr'>DE</span> <span class='ocrx_word' id='word_1_2' title='bbox 527 306 846 352; x_wconf 72' lang='lat' dir='ltr'>EVANGELH</span> <span class='ocrx_word' id='word_1_3' title='bbox 891 307 1199 358; x_wconf 75' lang='lat' dir='ltr'>SECUNDUM</span> <span class='ocrx_word' id='word_1_4' title='bbox 1240 306 1434 352; x_wconf 65' lang='lat' dir='ltr'>LUCAH</span> <span class='ocrx_word' id='word_1_5' title='bbox 1473 307 1905 354; x_wconf 69' lang='lat' dir='ltr'>AUcTom‘rATss·</span> <span class='ocrx_word' id='word_1_6' title='bbox 1944 309 2023 352; x_wconf 77' lang='grc' dir='ltr'>ΕΤ</span> <span class='ocrx_word' id='word_1_7' title='bbox 2066 310 2309 356; x_wconf 65' lang='lat' dir='ltr'>onoma.</span> <span class='ocrx_word' id='word_1_8' title='bbox 2518 297 2629 356; x_wconf 61' lang='lat'>487</span> 
     </span>
    </p>
   </div>
   <div class='ocr_carea' id='block_1_2' title="bbox 76 437 2635 1082">
    <p class='ocr_par' dir='ltr' id='par_1_2' title="bbox 76 437 2635 1082">
     <span class='ocr_line' id='line_1_2' title="bbox 161 437 2635 522; baseline 0.004 -28"><span class='ocrx_word' id='word_1_9' title='bbox 161 437 234 494; x_wconf 82' lang='lat' dir='ltr'>ln</span> <span class='ocrx_word' id='word_1_10' title='bbox 263 437 328 497; x_wconf 90' lang='lat' dir='ltr'>S.</span> <span class='ocrx_word' id='word_1_11' title='bbox 362 441 562 500; x_wconf 82' lang='lat' dir='ltr'><strong>Lucae</strong></span> <span class='ocrx_word' id='word_1_12' title='bbox 605 441 942 519; x_wconf 89' lang='lat' dir='ltr'>Evangelio</span> <span class='ocrx_word' id='word_1_13' title='bbox 979 441 1152 502; x_wconf 82' lang='lat' dir='ltr'>iuxta</span> <span class='ocrx_word' id='word_1_14' title='bbox 1189 440 1635 520; x_wconf 81' lang='lat' dir='ltr'>chronologiae</span> <span class='ocrx_word' id='word_1_15' title='bbox 1667 443 1978 503; x_wconf 87' lang='lat' dir='ltr'>rationem</span> <span class='ocrx_word' id='word_1_16' title='bbox 2018 443 2329 522; x_wconf 88' lang='lat' dir='ltr'>disposito</span> <span class='ocrx_word' id='word_1_17' title='bbox 2361 450 2635 521; x_wconf 83' lang='lat' dir='ltr'>quatuor</span> 
     </span>
     <span class='ocr_line' id='line_1_3' title="bbox 77 532 2631 619; baseline 0.005 -32"><span class='ocrx_word' id='word_1_18' title='bbox 77 532 253 591; x_wconf 81' lang='lat' dir='ltr'>vitae</span> <span class='ocrx_word' id='word_1_19' title='bbox 312 533 665 596; x_wconf 82' lang='lat' dir='ltr'>dominicae</span> <span class='ocrx_word' id='word_1_20' title='bbox 716 537 1012 615; x_wconf 82' lang='lat' dir='ltr'>periodos</span> <span class='ocrx_word' id='word_1_21' title='bbox 1063 539 1212 598; x_wconf 85' lang='lat' dir='ltr'>licet</span> <span class='ocrx_word' id='word_1_22' title='bbox 1267 537 1686 614; x_wconf 84' lang='lat' dir='ltr'>distinguere,</span> <span class='ocrx_word' id='word_1_23' title='bbox 1738 555 2005 616; x_wconf 88' lang='lat' dir='ltr'>quarum</span> <span class='ocrx_word' id='word_1_24' title='bbox 2050 541 2255 618; x_wconf 90' lang='lat' dir='ltr'>prima</span> <span class='ocrx_word' id='word_1_25' title='bbox 2304 540 2631 619; x_wconf 76' lang='lat'>(1‚5-4‚13)</span> 
     </span>
     <span class='ocr_line' id='line_1_4' title="bbox 77 630 2632 715; baseline 0.004 -29"><span class='ocrx_word' id='word_1_26' title='bbox 77 645 287 705; x_wconf 89' lang='lat' dir='ltr'>usque</span> <span class='ocrx_word' id='word_1_27' title='bbox 317 630 396 690; x_wconf 85' lang='lat' dir='ltr'>ad</span> <span class='ocrx_word' id='word_1_28' title='bbox 439 632 777 693; x_wconf 87' lang='lat' dir='ltr'>ministerii</span> <span class='ocrx_word' id='word_1_29' title='bbox 818 634 1089 708; x_wconf 78' lang='lat' dir='ltr'>galilaici</span> <span class='ocrx_word' id='word_1_30' title='bbox 1119 633 1370 694; x_wconf 88' lang='lat' dir='ltr'>initium</span> <span class='ocrx_word' id='word_1_31' title='bbox 1402 633 1719 705; x_wconf 83' lang='lat' dir='ltr'>decurrit,</span> <span class='ocrx_word' id='word_1_32' title='bbox 1755 639 1977 713; x_wconf 80' lang='lat' dir='ltr'>quarta</span> <span class='ocrx_word' id='word_1_33' title='bbox 2007 636 2452 715; x_wconf 77' lang='lat'>(19‚29-24‚35)</span> <span class='ocrx_word' id='word_1_34' title='bbox 2495 656 2632 715; x_wconf 86' lang='lat' dir='ltr'>pas-</span> 
     </span>
     <span class='ocr_line' id='line_1_5' title="bbox 76 725 2632 809; baseline 0.004 -28"><span class='ocrx_word' id='word_1_35' title='bbox 76 725 266 784; x_wconf 85' lang='lat' dir='ltr'>sione</span> <span class='ocrx_word' id='word_1_36' title='bbox 299 730 364 786; x_wconf 87' lang='lat' dir='ltr'>et</span> <span class='ocrx_word' id='word_1_37' title='bbox 390 728 846 805; x_wconf 83' lang='lat' dir='ltr'>glorificatione</span> <span class='ocrx_word' id='word_1_38' title='bbox 874 731 1068 791; x_wconf 83' lang='lat' dir='ltr'>vitam</span> <span class='ocrx_word' id='word_1_39' title='bbox 1098 730 1423 809; x_wconf 89' lang='lat' dir='ltr'>publicam</span> <span class='ocrx_word' id='word_1_40' title='bbox 1451 732 1782 805; x_wconf 88' lang='lat' dir='ltr'>terminat;</span> <span class='ocrx_word' id='word_1_41' title='bbox 1814 732 1974 792; x_wconf 86' lang='lat' dir='ltr'>duae</span> <span class='ocrx_word' id='word_1_42' title='bbox 1992 733 2405 794; x_wconf 86' lang='lat' dir='ltr'>intermediae</span> <span class='ocrx_word' id='word_1_43' title='bbox 2435 735 2632 794; x_wconf 82' lang='lat' dir='ltr'>vitam</span> 
     </span>
     <span class='ocr_line' id='line_1_6' title="bbox 77 821 2632 908; baseline 0.003 -26"><span class='ocrx_word' id='word_1_44' title='bbox 77 821 408 898; x_wconf 85' lang='lat' dir='ltr'>publicam</span> <span class='ocrx_word' id='word_1_45' title='bbox 438 826 966 904; x_wconf 88' lang='lat' dir='ltr'>complectuntur,</span> <span class='ocrx_word' id='word_1_46' title='bbox 1000 829 1190 904; x_wconf 85' lang='lat' dir='ltr'>atque</span> <span class='ocrx_word' id='word_1_47' title='bbox 1222 827 1494 887; x_wconf 88' lang='lat' dir='ltr'>secunda</span> <span class='ocrx_word' id='word_1_48' title='bbox 1523 825 1887 908; x_wconf 76' lang='lat'>(4,14-9,50)</span> <span class='ocrx_word' id='word_1_49' title='bbox 1919 829 2177 907; x_wconf 90' lang='lat' dir='ltr'>quidem</span> <span class='ocrx_word' id='word_1_50' title='bbox 2206 830 2632 890; x_wconf 87' lang='lat' dir='ltr'>ministerium</span> 
     </span>
     <span class='ocr_line' id='line_1_7' title="bbox 76 919 2631 1004; baseline 0.004 -28"><span class='ocrx_word' id='word_1_51' title='bbox 76 919 482 995; x_wconf 80' lang='lat' dir='ltr'>galilaicum,</span> <span class='ocrx_word' id='word_1_52' title='bbox 514 923 702 982; x_wconf 82' lang='lat' dir='ltr'>tertia</span> <span class='ocrx_word' id='word_1_53' title='bbox 740 921 1141 1003; x_wconf 78' lang='lat'>(9,51-19,28)</span> <span class='ocrx_word' id='word_1_54' title='bbox 1184 927 1398 984; x_wconf 88' lang='lat' dir='ltr'>autem</span> <span class='ocrx_word' id='word_1_55' title='bbox 1435 925 1607 984; x_wconf 85' lang='lat' dir='ltr'>varia</span> <span class='ocrx_word' id='word_1_56' title='bbox 1646 925 1903 998; x_wconf 85' lang='lat' dir='ltr'>itinera,</span> <span class='ocrx_word' id='word_1_57' title='bbox 1939 944 2099 1004; x_wconf 90' lang='lat' dir='ltr'>quae</span> <span class='ocrx_word' id='word_1_58' title='bbox 2140 926 2495 986; x_wconf 89' lang='lat' dir='ltr'>ministerio</span> <span class='ocrx_word' id='word_1_59' title='bbox 2524 926 2631 986; x_wconf 91' lang='lat' dir='ltr'>illo</span> 
     </span>
     <span class='ocr_line' id='line_1_8' title="bbox 81 1017 1908 1082; baseline 0.005 -10"><span class='ocrx_word' id='word_1_60' title='bbox 81 1017 266 1076; x_wconf 79' lang='lat' dir='ltr'>linito</span> <span class='ocrx_word' id='word_1_61' title='bbox 291 1017 603 1078; x_wconf 88' lang='lat' dir='ltr'>Dominus</span> <span class='ocrx_word' id='word_1_62' title='bbox 629 1020 897 1079; x_wconf 87' lang='lat' dir='ltr'>maxime</span> <span class='ocrx_word' id='word_1_63' title='bbox 922 1021 984 1079; x_wconf 91' lang='lat' dir='ltr'>in</span> <span class='ocrx_word' id='word_1_64' title='bbox 1007 1023 1238 1082; x_wconf 84' lang='lat' dir='ltr'>Peraea</span> <span class='ocrx_word' id='word_1_65' title='bbox 1259 1025 1322 1080; x_wconf 86' lang='lat' dir='ltr'>et</span> <span class='ocrx_word' id='word_1_66' title='bbox 1349 1020 1579 1080; x_wconf 87' lang='lat' dir='ltr'>Iudaea</span> <span class='ocrx_word' id='word_1_67' title='bbox 1608 1022 1908 1082; x_wconf 84' lang='lat' dir='ltr'>instituit.</span> 
     </span>
    </p>
   </div>
   <div class='ocr_carea' id='block_1_3' title="bbox 83 1133 2691 4718">
    <p class='ocr_par' dir='ltr' id='par_1_3' title="bbox 83 1133 2631 1292">
     <span class='ocr_line' id='line_1_9' title="bbox 149 1133 2631 1210; baseline 0.004 -28"><span class='ocrx_word' id='word_1_68' title='bbox 149 1133 681 1200; x_wconf 77' lang='lat' dir='ltr'>Prooemi0(1,1-4)</span> <span class='ocrx_word' id='word_1_69' title='bbox 702 1134 1004 1202; x_wconf 87' lang='lat' dir='ltr'>praemisso</span> <span class='ocrx_word' id='word_1_70' title='bbox 1029 1148 1226 1190; x_wconf 61' lang='lat' dir='ltr'>ruma</span> <span class='ocrx_word' id='word_1_71' title='bbox 1252 1149 1408 1190; x_wconf 61' lang='lat' dir='ltr'>rans</span> <span class='ocrx_word' id='word_1_72' title='bbox 1438 1138 1733 1203; x_wconf 77' lang='lat'>(1,5-4,13)</span> <span class='ocrx_word' id='word_1_73' title='bbox 1759 1136 1835 1190; x_wconf 85' lang='lat' dir='ltr'>de</span> <span class='ocrx_word' id='word_1_74' title='bbox 1861 1137 1941 1192; x_wconf 77' lang='lat' dir='ltr'>iis</span> <span class='ocrx_word' id='word_1_75' title='bbox 1964 1140 2123 1210; x_wconf 74' lang='lat' dir='ltr'>aqit,</span> <span class='ocrx_word' id='word_1_76' title='bbox 2149 1153 2304 1209; x_wconf 79' lang='lat' dir='ltr'>quae</span> <span class='ocrx_word' id='word_1_77' title='bbox 2327 1137 2631 1210; x_wconf 80' lang='lat' dir='ltr'>publicam</span> 
     </span>
     <span class='ocr_line' id='line_1_10' title="bbox 83 1217 1029 1292; baseline 0.006 -22"><span class='ocrx_word' id='word_1_78' title='bbox 83 1217 334 1272; x_wconf 70' lang='lat' dir='ltr'>Domini</span> <span class='ocrx_word' id='word_1_79' title='bbox 359 1220 550 1274; x_wconf 81' lang='lat' dir='ltr'>vitam</span> <span class='ocrx_word' id='word_1_80' title='bbox 572 1228 1029 1292; x_wconf 77' lang='lat' dir='ltr'>praecesserunt.</span> 
     </span>
    </p>

    <p class='ocr_par' dir='ltr' id='par_1_4' title="bbox 153 1303 2635 1540">
     <span class='ocr_line' id='line_1_11' title="bbox 153 1303 2632 1380; baseline 0.002 -20"><span class='ocrx_word' id='word_1_81' title='bbox 153 1313 206 1360; x_wconf 83' lang='lat'>1.</span> <span class='ocrx_word' id='word_1_82' title='bbox 241 1303 520 1362; x_wconf 76' lang='lat' dir='ltr'>Infantiae</span> <span class='ocrx_word' id='word_1_83' title='bbox 543 1309 768 1363; x_wconf 88' lang='lat' dir='ltr'>Domini</span> <span class='ocrx_word' id='word_1_84' title='bbox 799 1308 1024 1364; x_wconf 89' lang='lat' dir='ltr'>historia</span> <span class='ocrx_word' id='word_1_85' title='bbox 1065 1313 1346 1380; x_wconf 77' lang='lat'>(1,5-2,52)</span> <span class='ocrx_word' id='word_1_86' title='bbox 1375 1311 1454 1366; x_wconf 88' lang='lat' dir='ltr'>ita</span> <span class='ocrx_word' id='word_1_87' title='bbox 1480 1319 1760 1380; x_wconf 84' lang='lat' dir='ltr'>narratur,</span> <span class='ocrx_word' id='word_1_88' title='bbox 1787 1318 1849 1365; x_wconf 93' lang='lat' dir='ltr'>ut</span> <span class='ocrx_word' id='word_1_89' title='bbox 1874 1311 1933 1366; x_wconf 79' lang='lat' dir='ltr'>ln</span> <span class='ocrx_word' id='word_1_90' title='bbox 1964 1312 2091 1366; x_wconf 93' lang='lat' dir='ltr'>Iesu</span> <span class='ocrx_word' id='word_1_91' title='bbox 2118 1311 2512 1368; x_wconf 83' lang='lat' dir='ltr'>Nazarethano</span> <span class='ocrx_word' id='word_1_92' title='bbox 2538 1314 2632 1367; x_wconf 91' lang='lat' dir='ltr'>Iu-</span> 
     </span>
     <span class='ocr_line' id='line_1_12' title="bbox 340 1393 2635 1472; baseline 0.003 -24"><span class='ocrx_word' id='word_1_93' title='bbox 340 1393 463 1450; x_wconf 87' lang='lat' dir='ltr'>daei</span> <span class='ocrx_word' id='word_1_94' title='bbox 491 1397 741 1452; x_wconf 89' lang='lat' dir='ltr'>conversi</span> <span class='ocrx_word' id='word_1_95' title='bbox 767 1396 1028 1454; x_wconf 74' lang='lat' dir='ltr'>Messinm</span> <span class='ocrx_word' id='word_1_96' title='bbox 1053 1414 1218 1455; x_wconf 90' lang='lat' dir='ltr'>suum</span> <span class='ocrx_word' id='word_1_97' title='bbox 1233 1441 1246 1464; x_wconf 93' lang='lat'>,</span> <span class='ocrx_word' id='word_1_98' title='bbox 1271 1398 1800 1454; x_wconf 84' lang='lat' dir='ltr'>Etbnicochristiani</span> <span class='ocrx_word' id='word_1_99' title='bbox 1827 1398 2027 1454; x_wconf 87' lang='lat' dir='ltr'>Filium</span> <span class='ocrx_word' id='word_1_100' title='bbox 2058 1400 2164 1453; x_wconf 89' lang='lat' dir='ltr'>Dei</span> <span class='ocrx_word' id='word_1_101' title='bbox 2188 1415 2487 1472; x_wconf 84' lang='lat' dir='ltr'>agnoscere</span> <span class='ocrx_word' id='word_1_102' title='bbox 2514 1416 2635 1471; x_wconf 89' lang='lat' dir='ltr'>pos·</span> 
     </span>
     <span class='ocr_line' id='line_1_13' title="bbox 341 1482 832 1540; baseline 0.006 -3"><span class='ocrx_word' id='word_1_103' title='bbox 341 1482 452 1538; x_wconf 88' lang='lat' dir='ltr'>sint</span> <span class='ocrx_word' id='word_1_104' title='bbox 477 1499 543 1539; x_wconf 89' lang='lat' dir='ltr'>ac</span> <span class='ocrx_word' id='word_1_105' title='bbox 571 1483 832 1540; x_wconf 87' lang='lat' dir='ltr'>debeant.</span> 
     </span>
    </p>

    <p class='ocr_par' dir='ltr' id='par_1_5' title="bbox 145 1570 2635 1822">
     <span class='ocr_line' id='line_1_14' title="bbox 145 1570 2635 1646; baseline 0.002 -22"><span class='ocrx_word' id='word_1_106' title='bbox 145 1575 206 1624; x_wconf 77' lang='lat'>2.</span> <span class='ocrx_word' id='word_1_107' title='bbox 234 1570 564 1627; x_wconf 83' lang='lat' dir='ltr'>Proximam</span> <span class='ocrx_word' id='word_1_108' title='bbox 593 1573 1074 1644; x_wconf 84' lang='lat' dir='ltr'>praeparationem</span> <span class='ocrx_word' id='word_1_109' title='bbox 1104 1573 1328 1630; x_wconf 88' lang='lat' dir='ltr'>Domini</span> <span class='ocrx_word' id='word_1_110' title='bbox 1371 1574 1443 1629; x_wconf 87' lang='lat' dir='ltr'>ad</span> <span class='ocrx_word' id='word_1_111' title='bbox 1478 1574 1761 1646; x_wconf 87' lang='lat' dir='ltr'>publicam</span> <span class='ocrx_word' id='word_1_112' title='bbox 1797 1575 1967 1629; x_wconf 89' lang='lat' dir='ltr'>vitam</span> <span class='ocrx_word' id='word_1_113' title='bbox 2002 1579 2313 1643; x_wconf 80' lang='lat'>(3‚1-4,13)</span> <span class='ocrx_word' id='word_1_114' title='bbox 2344 1575 2463 1631; x_wconf 91' lang='lat' dir='ltr'>eius</span> <span class='ocrx_word' id='word_1_115' title='bbox 2505 1575 2635 1646; x_wconf 89' lang='lat' dir='ltr'>bap-</span> 
     </span>
     <span class='ocr_line' id='line_1_15' title="bbox 339 1657 2634 1734; baseline 0.001 -20"><span class='ocrx_word' id='word_1_116' title='bbox 339 1657 501 1714; x_wconf 87' lang='lat' dir='ltr'>tisma</span> <span class='ocrx_word' id='word_1_117' title='bbox 535 1664 666 1731; x_wconf 90' lang='lat' dir='ltr'>(qua</span> <span class='ocrx_word' id='word_1_118' title='bbox 703 1662 992 1717; x_wconf 83' lang='lat' dir='ltr'>occasione</span> <span class='ocrx_word' id='word_1_119' title='bbox 1026 1663 1144 1717; x_wconf 90' lang='lat' dir='ltr'>eius</span> <span class='ocrx_word' id='word_1_120' title='bbox 1171 1663 1493 1734; x_wconf 82' lang='lat' dir='ltr'>genealogia</span> <span class='ocrx_word' id='word_1_121' title='bbox 1529 1677 1707 1734; x_wconf 89' lang='lat' dir='ltr'>usque</span> <span class='ocrx_word' id='word_1_122' title='bbox 1744 1661 1814 1718; x_wconf 88' lang='lat' dir='ltr'>ad</span> <span class='ocrx_word' id='word_1_123' title='bbox 1853 1663 2033 1718; x_wconf 85' lang='lat' dir='ltr'>Adam</span> <span class='ocrx_word' id='word_1_124' title='bbox 2068 1663 2373 1730; x_wconf 84' lang='lat' dir='ltr'>reducitur)</span> <span class='ocrx_word' id='word_1_125' title='bbox 2409 1663 2634 1734; x_wconf 89' lang='lat' dir='ltr'>eiusque</span> 
     </span>
     <span class='ocr_line' id='line_1_16' title="bbox 339 1744 1995 1822; baseline 0.002 -22"><span class='ocrx_word' id='word_1_126' title='bbox 339 1744 606 1804; x_wconf 89' lang='lat' dir='ltr'>ieiunium</span> <span class='ocrx_word' id='word_1_127' title='bbox 630 1757 698 1804; x_wconf 73' lang='lat' dir='ltr'>et&#39;</span> <span class='ocrx_word' id='word_1_128' title='bbox 715 1749 944 1804; x_wconf 89' lang='lat' dir='ltr'>victoria</span> <span class='ocrx_word' id='word_1_129' title='bbox 972 1749 1042 1805; x_wconf 88' lang='lat' dir='ltr'>de</span> <span class='ocrx_word' id='word_1_130' title='bbox 1067 1748 1288 1806; x_wconf 88' lang='lat' dir='ltr'>diabolo</span> <span class='ocrx_word' id='word_1_131' title='bbox 1319 1758 1601 1822; x_wconf 88' lang='lat' dir='ltr'>reportata</span> <span class='ocrx_word' id='word_1_132' title='bbox 1630 1751 1995 1806; x_wconf 89' lang='lat' dir='ltr'>constituunt.</span> 
     </span>
    </p>

    <p class='ocr_par' dir='ltr' id='par_1_6' title="bbox 149 1838 2469 1910">
     <span class='ocr_line' id='line_1_17' title="bbox 149 1838 2469 1910; baseline 0.003 -22"><span class='ocrx_word' id='word_1_133' title='bbox 149 1841 410 1890; x_wconf 63' lang='lat' dir='ltr'>Arrana</span> <span class='ocrx_word' id='word_1_134' title='bbox 437 1851 592 1892; x_wconf 60' lang='lat' dir='ltr'>rans</span> <span class='ocrx_word' id='word_1_135' title='bbox 617 1840 944 1906; x_wconf 76' lang='lat' dir='ltr'>(4,14-9,5o)</span> <span class='ocrx_word' id='word_1_136' title='bbox 967 1840 1204 1892; x_wconf 78' lang='lat' dir='ltr'>Domini</span> <span class='ocrx_word' id='word_1_137' title='bbox 1229 1839 1635 1894; x_wconf 79' lang='lat' dir='ltr'>ministerium</span> <span class='ocrx_word' id='word_1_138' title='bbox 1661 1838 2025 1910; x_wconf 67' lang='lat' dir='ltr'>palilaicum</span> <span class='ocrx_word' id='word_1_139' title='bbox 2054 1840 2469 1909; x_wconf 75' lang='lat' dir='ltr'>complectitur.</span> 
     </span>
    </p>

    <p class='ocr_par' dir='ltr' id='par_1_7' title="bbox 153 1922 2633 2080">
     <span class='ocr_line' id='line_1_18' title="bbox 153 1922 2633 1998; baseline 0.002 -24"><span class='ocrx_word' id='word_1_140' title='bbox 153 1925 206 1976; x_wconf 80' lang='lat' dir='ltr'>l.</span> <span class='ocrx_word' id='word_1_141' title='bbox 245 1923 316 1976; x_wconf 88' lang='lat' dir='ltr'>ln</span> <span class='ocrx_word' id='word_1_142' title='bbox 350 1922 507 1977; x_wconf 89' lang='lat' dir='ltr'>cuius</span> <span class='ocrx_word' id='word_1_143' title='bbox 532 1923 802 1996; x_wconf 90' lang='lat' dir='ltr'>principio</span> <span class='ocrx_word' id='word_1_144' title='bbox 843 1941 962 1982; x_wconf 85' lang='lat' dir='ltr'>sese</span> <span class='ocrx_word' id='word_1_145' title='bbox 992 1927 1250 1982; x_wconf 89' lang='lat' dir='ltr'>Messiam</span> <span class='ocrx_word' id='word_1_146' title='bbox 1277 1925 1515 1995; x_wconf 88' lang='lat' dir='ltr'>revelat,</span> <span class='ocrx_word' id='word_1_147' title='bbox 1550 1926 1646 1998; x_wconf 88' lang='lat' dir='ltr'>qui</span> <span class='ocrx_word' id='word_1_148' title='bbox 1683 1925 1833 1997; x_wconf 87' lang='lat' dir='ltr'>apud</span> <span class='ocrx_word' id='word_1_149' title='bbox 1864 1925 2117 1982; x_wconf 89' lang='lat' dir='ltr'>ethnicos</span> <span class='ocrx_word' id='word_1_150' title='bbox 2144 1925 2314 1982; x_wconf 85' lang='lat' dir='ltr'>fidem</span> <span class='ocrx_word' id='word_1_151' title='bbox 2342 1928 2414 1983; x_wconf 89' lang='lat' dir='ltr'>sit</span> <span class='ocrx_word' id='word_1_152' title='bbox 2440 1928 2633 1981; x_wconf 90' lang='lat' dir='ltr'>inven-</span> 
     </span>
     <span class='ocr_line' id='line_1_19' title="bbox 341 2015 819 2080; baseline 0.008 -16"><span class='ocrx_word' id='word_1_153' title='bbox 341 2017 500 2065; x_wconf 85' lang='lat' dir='ltr'>turus</span> <span class='ocrx_word' id='word_1_154' title='bbox 531 2015 819 2080; x_wconf 75' lang='lat'><strong>(⁴‚14-30).</strong></span> 
     </span>
    </p>

    <p class='ocr_par' dir='ltr' id='par_1_8' title="bbox 149 2098 2633 2344">
     <span class='ocr_line' id='line_1_20' title="bbox 149 2098 2631 2173; baseline 0.001 -19"><span class='ocrx_word' id='word_1_155' title='bbox 149 2105 206 2154; x_wconf 76' lang='lat'>2.</span> <span class='ocrx_word' id='word_1_156' title='bbox 237 2098 435 2154; x_wconf 78' lang='lat' dir='ltr'>Multis</span> <span class='ocrx_word' id='word_1_157' title='bbox 461 2098 739 2156; x_wconf 86' lang='lat' dir='ltr'>miraculis</span> <span class='ocrx_word' id='word_1_158' title='bbox 769 2101 956 2172; x_wconf 87' lang='lat' dir='ltr'>populi</span> <span class='ocrx_word' id='word_1_159' title='bbox 985 2100 1410 2157; x_wconf 87' lang='lat' dir='ltr'>admirationem</span> <span class='ocrx_word' id='word_1_160' title='bbox 1437 2102 1645 2157; x_wconf 88' lang='lat' dir='ltr'>excitat</span> <span class='ocrx_word' id='word_1_161' title='bbox 1668 2104 2011 2172; x_wconf 79' lang='lat'>(4‚31·5‚26),</span> <span class='ocrx_word' id='word_1_162' title='bbox 2038 2100 2136 2158; x_wconf 89' lang='lat' dir='ltr'>sed</span> <span class='ocrx_word' id='word_1_163' title='bbox 2164 2117 2353 2157; x_wconf 87' lang='lat' dir='ltr'>amore</span> <span class='ocrx_word' id='word_1_164' title='bbox 2381 2117 2481 2156; x_wconf 92' lang='lat' dir='ltr'>suo</span> <span class='ocrx_word' id='word_1_165' title='bbox 2506 2117 2631 2173; x_wconf 82' lang='lat' dir='ltr'>erga</span> 
     </span>
     <span class='ocr_line' id='line_1_21' title="bbox 341 2187 2633 2260; baseline 0 -19"><span class='ocrx_word' id='word_1_166' title='bbox 341 2195 659 2257; x_wconf 87' lang='lat' dir='ltr'>peccatores</span> <span class='ocrx_word' id='word_1_167' title='bbox 686 2197 744 2243; x_wconf 90' lang='lat' dir='ltr'>et</span> <span class='ocrx_word' id='word_1_168' title='bbox 777 2187 1140 2244; x_wconf 86' lang='lat' dir='ltr'>traditionum</span> <span class='ocrx_word' id='word_1_169' title='bbox 1179 2188 1613 2260; x_wconf 86' lang='lat' dir='ltr'>pharisaicarum</span> <span class='ocrx_word' id='word_1_170' title='bbox 1652 2190 1951 2246; x_wconf 88' lang='lat' dir='ltr'>reiectione</span> <span class='ocrx_word' id='word_1_171' title='bbox 1985 2188 2175 2244; x_wconf 90' lang='lat' dir='ltr'>odium</span> <span class='ocrx_word' id='word_1_172' title='bbox 2210 2189 2633 2244; x_wconf 83' lang='lat' dir='ltr'>Pharisaeorum</span> 
     </span>
     <span class='ocr_line' id='line_1_22' title="bbox 341 2273 1131 2344; baseline 0.001 -15"><span class='ocrx_word' id='word_1_173' title='bbox 341 2273 445 2329; x_wconf 89' lang='lat' dir='ltr'>sibi</span> <span class='ocrx_word' id='word_1_174' title='bbox 472 2275 752 2331; x_wconf 89' lang='lat' dir='ltr'>contrahit</span> <span class='ocrx_word' id='word_1_175' title='bbox 779 2281 1131 2344; x_wconf 77' lang='lat'>(5·‚27-6‚11).</span> 
     </span>
    </p>

    <p class='ocr_par' dir='ltr' id='par_1_9' title="bbox 156 2362 2637 2610">
     <span class='ocr_line' id='line_1_23' title="bbox 156 2362 2637 2436; baseline 0.001 -20"><span class='ocrx_word' id='word_1_176' title='bbox 156 2367 209 2416; x_wconf 77' lang='grc'>3.</span> <span class='ocrx_word' id='word_1_177' title='bbox 245 2362 437 2430; x_wconf 81' lang='lat' dir='ltr'>Quum</span> <span class='ocrx_word' id='word_1_178' title='bbox 460 2363 700 2419; x_wconf 87' lang='lat' dir='ltr'>amiciet</span> <span class='ocrx_word' id='word_1_179' title='bbox 727 2363 933 2419; x_wconf 86' lang='lat' dir='ltr'>inimici</span> <span class='ocrx_word' id='word_1_180' title='bbox 957 2365 1190 2420; x_wconf 87' lang='lat' dir='ltr'>Messiae</span> <span class='ocrx_word' id='word_1_181' title='bbox 1217 2365 1292 2420; x_wconf 89' lang='lat' dir='ltr'>ita</span> <span class='ocrx_word' id='word_1_182' title='bbox 1320 2365 1430 2421; x_wconf 88' lang='lat' dir='ltr'>iam</span> <span class='ocrx_word' id='word_1_183' title='bbox 1461 2379 1581 2420; x_wconf 88' lang='lat' dir='ltr'>sese</span> <span class='ocrx_word' id='word_1_184' title='bbox 1609 2380 1867 2436; x_wconf 86' lang='lat' dir='ltr'>separare</span> <span class='ocrx_word' id='word_1_185' title='bbox 1890 2365 2228 2436; x_wconf 87' lang='lat' dir='ltr'>coepissent,</span> <span class='ocrx_word' id='word_1_186' title='bbox 2258 2368 2413 2421; x_wconf 88' lang='lat' dir='ltr'>Iesus</span> <span class='ocrx_word' id='word_1_187' title='bbox 2440 2365 2637 2420; x_wconf 81' lang='lat' dir='ltr'>sunda·</span> 
     </span>
     <span class='ocr_line' id='line_1_24' title="bbox 341 2451 2635 2526; baseline 0.001 -20"><span class='ocrx_word' id='word_1_188' title='bbox 341 2460 528 2506; x_wconf 87' lang='lat' dir='ltr'>menta</span> <span class='ocrx_word' id='word_1_189' title='bbox 547 2453 702 2524; x_wconf 85' lang='lat' dir='ltr'>regni</span> <span class='ocrx_word' id='word_1_190' title='bbox 727 2453 812 2507; x_wconf 90' lang='lat' dir='ltr'>sui</span> <span class='ocrx_word' id='word_1_191' title='bbox 833 2453 987 2524; x_wconf 92' lang='lat' dir='ltr'>ponit</span> <span class='ocrx_word' id='word_1_192' title='bbox 1005 2453 1274 2508; x_wconf 85' lang='lat' dir='ltr'>electione</span> <span class='ocrx_word' id='word_1_193' title='bbox 1301 2454 1695 2524; x_wconf 87' lang='lat' dir='ltr'>Apostolorum</span> <span class='ocrx_word' id='word_1_194' title='bbox 1715 2461 1769 2508; x_wconf 91' lang='lat' dir='ltr'>et</span> <span class='ocrx_word' id='word_1_195' title='bbox 1795 2451 2241 2524; x_wconf 82' lang='lat' dir='ltr'>promulgatione</span> <span class='ocrx_word' id='word_1_196' title='bbox 2265 2453 2453 2526; x_wconf 83' lang='lat' dir='ltr'>legum</span> <span class='ocrx_word' id='word_1_197' title='bbox 2480 2453 2635 2524; x_wconf 84' lang='lat' dir='ltr'>regui</span> 
     </span>
     <span class='ocr_line' id='line_1_25' title="bbox 341 2537 1499 2610; baseline 0 -16"><span class='ocrx_word' id='word_1_198' title='bbox 341 2539 458 2606; x_wconf 80' lang='lat' dir='ltr'>sui,</span> <span class='ocrx_word' id='word_1_199' title='bbox 490 2537 559 2595; x_wconf 88' lang='lat' dir='ltr'>ad</span> <span class='ocrx_word' id='word_1_200' title='bbox 591 2540 741 2610; x_wconf 89' lang='lat' dir='ltr'>quod</span> <span class='ocrx_word' id='word_1_201' title='bbox 769 2555 964 2596; x_wconf 89' lang='lat' dir='ltr'>omnes</span> <span class='ocrx_word' id='word_1_202' title='bbox 988 2540 1184 2596; x_wconf 85' lang='lat' dir='ltr'>invitat</span> <span class='ocrx_word' id='word_1_203' title='bbox 1213 2541 1499 2610; x_wconf 78' lang='lat' dir='ltr'>(6,l2—49).</span> 
     </span>
    </p>

    <p class='ocr_par' dir='ltr' id='par_1_10' title="bbox 153 2625 2635 2784">
     <span class='ocr_line' id='line_1_26' title="bbox 153 2625 2635 2700; baseline 0.001 -19"><span class='ocrx_word' id='word_1_204' title='bbox 153 2633 216 2682; x_wconf 76' lang='lat'>4.</span> <span class='ocrx_word' id='word_1_205' title='bbox 245 2625 630 2682; x_wconf 83' lang='lat' dir='ltr'>Misericordia</span> <span class='ocrx_word' id='word_1_206' title='bbox 659 2627 778 2684; x_wconf 88' lang='lat' dir='ltr'>eius</span> <span class='ocrx_word' id='word_1_207' title='bbox 805 2645 934 2700; x_wconf 86' lang='lat' dir='ltr'>erga</span> <span class='ocrx_word' id='word_1_208' title='bbox 964 2643 1160 2684; x_wconf 89' lang='lat' dir='ltr'>omnes</span> <span class='ocrx_word' id='word_1_209' title='bbox 1197 2627 1487 2684; x_wconf 89' lang='lat' dir='ltr'>hominum</span> <span class='ocrx_word' id='word_1_210' title='bbox 1525 2629 1729 2684; x_wconf 84' lang='lat' dir='ltr'>classes</span> <span class='ocrx_word' id='word_1_211' title='bbox 1760 2629 2038 2684; x_wconf 88' lang='lat' dir='ltr'>neminem</span> <span class='ocrx_word' id='word_1_212' title='bbox 2076 2628 2145 2684; x_wconf 90' lang='lat' dir='ltr'>ab</span> <span class='ocrx_word' id='word_1_213' title='bbox 2188 2629 2293 2684; x_wconf 85' lang='lat' dir='ltr'>hoc</span> <span class='ocrx_word' id='word_1_214' title='bbox 2329 2644 2503 2700; x_wconf 89' lang='lat' dir='ltr'>regno</span> <span class='ocrx_word' id='word_1_215' title='bbox 2544 2645 2635 2683; x_wconf 84' lang='lat' dir='ltr'>ex-</span> 
     </span>
     <span class='ocr_line' id='line_1_27' title="bbox 350 2713 1048 2784; baseline 0.003 -14"><span class='ocrx_word' id='word_1_216' title='bbox 350 2713 499 2771; x_wconf 87' lang='lat' dir='ltr'>cludi</span> <span class='ocrx_word' id='word_1_217' title='bbox 529 2715 771 2776; x_wconf 82' lang='lat' dir='ltr'>ostendit</span> <span class='ocrx_word' id='word_1_218' title='bbox 795 2721 1048 2784; x_wconf 82' lang='lat'>(7‚1-50).</span> 
     </span>
    </p>

    <p class='ocr_par' dir='ltr' id='par_1_11' title="bbox 157 2803 2637 2961">
     <span class='ocr_line' id='line_1_28' title="bbox 157 2803 2637 2877; baseline -0 -19"><span class='ocrx_word' id='word_1_219' title='bbox 157 2809 212 2858; x_wconf 84' lang='lat'>5.</span> <span class='ocrx_word' id='word_1_220' title='bbox 255 2804 400 2858; x_wconf 89' lang='lat' dir='ltr'>Cum</span> <span class='ocrx_word' id='word_1_221' title='bbox 415 2803 698 2874; x_wconf 84' lang='lat' dir='ltr'>Apostolis</span> <span class='ocrx_word' id='word_1_222' title='bbox 711 2803 1019 2860; x_wconf 87' lang='lat' dir='ltr'>Galilaeam</span> <span class='ocrx_word' id='word_1_223' title='bbox 1033 2819 1334 2877; x_wconf 88' lang='lat' dir='ltr'>peragrans</span> <span class='ocrx_word' id='word_1_224' title='bbox 1351 2819 1448 2860; x_wconf 88' lang='lat' dir='ltr'>eos</span> <span class='ocrx_word' id='word_1_225' title='bbox 1463 2803 1536 2859; x_wconf 89' lang='lat' dir='ltr'>ad</span> <span class='ocrx_word' id='word_1_226' title='bbox 1553 2805 1790 2876; x_wconf 88' lang='lat' dir='ltr'>primam</span> <span class='ocrx_word' id='word_1_227' title='bbox 1804 2804 2125 2860; x_wconf 88' lang='lat' dir='ltr'>missionem</span> <span class='ocrx_word' id='word_1_228' title='bbox 2145 2811 2439 2875; x_wconf 86' lang='lat' dir='ltr'>praeparat</span> <span class='ocrx_word' id='word_1_229' title='bbox 2464 2817 2637 2874; x_wconf 87' lang='lat' dir='ltr'>quum</span> 
     </span>
     <span class='ocr_line' id='line_1_29' title="bbox 341 2889 2631 2961; baseline -0 -15"><span class='ocrx_word' id='word_1_230' title='bbox 341 2889 614 2948; x_wconf 88' lang='lat' dir='ltr'>doctrinis</span> <span class='ocrx_word' id='word_1_231' title='bbox 633 2907 728 2947; x_wconf 86' lang='lat' dir='ltr'>eos</span> <span class='ocrx_word' id='word_1_232' title='bbox 746 2891 1004 2948; x_wconf 87' lang='lat' dir='ltr'>erudiens</span> <span class='ocrx_word' id='word_1_233' title='bbox 1019 2896 1247 2961; x_wconf 84' lang='lat'>(8,1-21)</span> <span class='ocrx_word' id='word_1_234' title='bbox 1263 2901 1386 2948; x_wconf 90' lang='lat' dir='ltr'>tum</span> <span class='ocrx_word' id='word_1_235' title='bbox 1399 2892 1677 2948; x_wconf 88' lang='lat' dir='ltr'>miraculis</span> <span class='ocrx_word' id='word_1_236' title='bbox 1698 2907 1893 2948; x_wconf 89' lang='lat' dir='ltr'>eorum</span> <span class='ocrx_word' id='word_1_237' title='bbox 1904 2891 2073 2947; x_wconf 84' lang='lat' dir='ltr'>fldem</span> <span class='ocrx_word' id='word_1_238' title='bbox 2091 2891 2333 2946; x_wconf 86' lang='lat' dir='ltr'>excitans</span> <span class='ocrx_word' id='word_1_239' title='bbox 2346 2895 2631 2958; x_wconf 79' lang='lat'>(8,22-56).</span> 
     </span>
    </p>

    <p class='ocr_par' dir='ltr' id='par_1_12' title="bbox 160 2977 2634 3139">
     <span class='ocr_line' id='line_1_30' title="bbox 160 2977 2634 3050; baseline 0 -18"><span class='ocrx_word' id='word_1_240' title='bbox 160 2984 214 3032; x_wconf 80' lang='grc'>6.</span> <span class='ocrx_word' id='word_1_241' title='bbox 247 2979 332 3033; x_wconf 84' lang='lat' dir='ltr'>Ex</span> <span class='ocrx_word' id='word_1_242' title='bbox 355 2979 535 3050; x_wconf 88' lang='lat' dir='ltr'>prima</span> <span class='ocrx_word' id='word_1_243' title='bbox 559 2979 822 3035; x_wconf 88' lang='lat' dir='ltr'>missione</span> <span class='ocrx_word' id='word_1_244' title='bbox 849 2979 1083 3036; x_wconf 86' lang='lat' dir='ltr'>reduces</span> <span class='ocrx_word' id='word_1_245' title='bbox 1109 2981 1270 3036; x_wconf 90' lang='lat' dir='ltr'>novis</span> <span class='ocrx_word' id='word_1_246' title='bbox 1296 2979 1581 3036; x_wconf 86' lang='lat' dir='ltr'>miraculis</span> <span class='ocrx_word' id='word_1_247' title='bbox 1599 2979 1656 3036; x_wconf 93' lang='lat' dir='ltr'>in</span> <span class='ocrx_word' id='word_1_248' title='bbox 1682 2979 1792 3036; x_wconf 77' lang='lat' dir='ltr'>lide</span> <span class='ocrx_word' id='word_1_249' title='bbox 1820 2979 2115 3036; x_wconf 82' lang='lat' dir='ltr'>confirmat</span> <span class='ocrx_word' id='word_1_250' title='bbox 2143 2988 2198 3034; x_wconf 88' lang='lat' dir='ltr'>et</span> <span class='ocrx_word' id='word_1_251' title='bbox 2227 2977 2299 3034; x_wconf 90' lang='lat' dir='ltr'>ad</span> <span class='ocrx_word' id='word_1_252' title='bbox 2326 2979 2634 3048; x_wconf 85' lang='lat' dir='ltr'>passionem</span> 
     </span>
     <span class='ocr_line' id='line_1_31' title="bbox 341 3067 1361 3139; baseline 0.001 -18"><span class='ocrx_word' id='word_1_253' title='bbox 341 3081 502 3122; x_wconf 89' lang='lat' dir='ltr'>suam</span> <span class='ocrx_word' id='word_1_254' title='bbox 531 3081 860 3138; x_wconf 87' lang='lat' dir='ltr'>praeparare</span> <span class='ocrx_word' id='word_1_255' title='bbox 885 3067 1077 3138; x_wconf 89' lang='lat' dir='ltr'>incipit</span> <span class='ocrx_word' id='word_1_256' title='bbox 1105 3067 1361 3139; x_wconf 82' lang='lat' dir='ltr'>(9‚1-5o).</span> 
     </span>
    </p>

    <p class='ocr_par' dir='ltr' id='par_1_13' title="bbox 161 3153 2639 3225">
     <span class='ocr_line' id='line_1_32' title="bbox 161 3153 2639 3225; baseline 0 -17"><span class='ocrx_word' id='word_1_257' title='bbox 161 3156 402 3210; x_wconf 70' lang='lat' dir='ltr'>TssnnA</span> <span class='ocrx_word' id='word_1_258' title='bbox 429 3169 584 3212; x_wconf 68' lang='lat' dir='ltr'>muts</span> <span class='ocrx_word' id='word_1_259' title='bbox 612 3159 970 3224; x_wconf 79' lang='lat'>(9,51-19,27)</span> <span class='ocrx_word' id='word_1_260' title='bbox 995 3171 1070 3212; x_wconf 84' lang='lat' dir='ltr'>ea</span> <span class='ocrx_word' id='word_1_261' title='bbox 1097 3154 1320 3222; x_wconf 79' lang='lat' dir='ltr'>tradit,</span> <span class='ocrx_word' id='word_1_262' title='bbox 1349 3171 1494 3225; x_wconf 79' lang='lat' dir='ltr'>quae</span> <span class='ocrx_word' id='word_1_263' title='bbox 1519 3157 1803 3210; x_wconf 74' lang='lat' dir='ltr'>Dominus</span> <span class='ocrx_word' id='word_1_264' title='bbox 1830 3157 1893 3209; x_wconf 75' lang='lat' dir='ltr'>in</span> <span class='ocrx_word' id='word_1_265' title='bbox 1924 3153 2155 3210; x_wconf 78' lang='lat' dir='ltr'>ultimis</span> <span class='ocrx_word' id='word_1_266' title='bbox 2184 3155 2303 3210; x_wconf 80' lang='lat' dir='ltr'>suis</span> <span class='ocrx_word' id='word_1_267' title='bbox 2330 3154 2639 3209; x_wconf 74' lang='lat' dir='ltr'>itineribus</span> 
     </span>
    </p>

    <p class='ocr_par' dir='ltr' id='par_1_14' title="bbox 97 3241 1390 3314">
     <span class='ocr_line' id='line_1_33' title="bbox 97 3241 1390 3314; baseline 0.003 -19"><span class='ocrx_word' id='word_1_268' title='bbox 97 3243 370 3297; x_wconf 77' lang='lat' dir='ltr'>maxime</span> <span class='ocrx_word' id='word_1_269' title='bbox 395 3243 710 3314; x_wconf 79' lang='lat' dir='ltr'>Apostolos</span> <span class='ocrx_word' id='word_1_270' title='bbox 737 3248 794 3298; x_wconf 86' lang='lat' dir='ltr'>et</span> <span class='ocrx_word' id='word_1_271' title='bbox 822 3241 1142 3314; x_wconf 80' lang='lat' dir='ltr'>discipulos</span> <span class='ocrx_word' id='word_1_272' title='bbox 1168 3243 1390 3299; x_wconf 70' lang='lat' dir='ltr'>docuit.</span> 
     </span>
    </p>

    <p class='ocr_par' dir='ltr' id='par_1_15' title="bbox 165 3329 2641 3651">
     <span class='ocr_line' id='line_1_34' title="bbox 165 3329 2639 3401; baseline 0.001 -18"><span class='ocrx_word' id='word_1_273' title='bbox 165 3333 216 3383; x_wconf 79' lang='lat'>1.</span> <span class='ocrx_word' id='word_1_274' title='bbox 251 3331 316 3385; x_wconf 87' lang='lat' dir='ltr'>ln</span> <span class='ocrx_word' id='word_1_275' title='bbox 343 3329 546 3385; x_wconf 87' lang='lat' dir='ltr'>itinere</span> <span class='ocrx_word' id='word_1_276' title='bbox 569 3329 639 3386; x_wconf 90' lang='lat' dir='ltr'>ad</span> <span class='ocrx_word' id='word_1_277' title='bbox 672 3331 870 3386; x_wconf 77' lang='lat' dir='ltr'>festum</span> <span class='ocrx_word' id='word_1_278' title='bbox 897 3329 1384 3387; x_wconf 85' lang='lat' dir='ltr'>tabernaculorum</span> <span class='ocrx_word' id='word_1_279' title='bbox 1408 3335 1775 3399; x_wconf 84' lang='lat'>(9,51-11,51)</span> <span class='ocrx_word' id='word_1_280' title='bbox 1803 3329 2098 3401; x_wconf 88' lang='lat' dir='ltr'>discipulos</span> <span class='ocrx_word' id='word_1_281' title='bbox 2125 3329 2197 3386; x_wconf 89' lang='lat' dir='ltr'>ad</span> <span class='ocrx_word' id='word_1_282' title='bbox 2226 3331 2397 3386; x_wconf 87' lang='lat' dir='ltr'>vitam</span> <span class='ocrx_word' id='word_1_283' title='bbox 2421 3330 2639 3401; x_wconf 90' lang='lat' dir='ltr'>perl&#39;ec-</span> 
     </span>
     <span class='ocr_line' id='line_1_35' title="bbox 340 3416 2641 3490; baseline -0 -17"><span class='ocrx_word' id='word_1_284' title='bbox 340 3419 546 3474; x_wconf 86' lang='lat' dir='ltr'>tiorem</span> <span class='ocrx_word' id='word_1_285' title='bbox 573 3418 864 3474; x_wconf 86' lang='lat' dir='ltr'>instituere</span> <span class='ocrx_word' id='word_1_286' title='bbox 899 3419 1112 3489; x_wconf 87' lang='lat' dir='ltr'>incipit,</span> <span class='ocrx_word' id='word_1_287' title='bbox 1139 3419 1389 3490; x_wconf 86' lang='lat' dir='ltr'>exemplo</span> <span class='ocrx_word' id='word_1_288' title='bbox 1424 3426 1480 3475; x_wconf 91' lang='lat' dir='ltr'>et</span> <span class='ocrx_word' id='word_1_289' title='bbox 1506 3418 1691 3474; x_wconf 88' lang='lat' dir='ltr'>verbis</span> <span class='ocrx_word' id='word_1_290' title='bbox 1719 3416 1927 3474; x_wconf 88' lang='lat' dir='ltr'>docens</span> <span class='ocrx_word' id='word_1_291' title='bbox 1959 3417 2474 3486; x_wconf 84' lang='lat' dir='ltr'>mansuetudinem,</span> <span class='ocrx_word' id='word_1_292' title='bbox 2502 3435 2641 3489; x_wconf 88' lang='lat' dir='ltr'>pau-</span> 
     </span>
     <span class='ocr_line' id='line_1_36' title="bbox 341 3504 2631 3578; baseline 0 -17"><span class='ocrx_word' id='word_1_293' title='bbox 341 3513 644 3578; x_wconf 87' lang='lat' dir='ltr'>pertatem,</span> <span class='ocrx_word' id='word_1_294' title='bbox 703 3507 990 3562; x_wconf 88' lang='lat' dir='ltr'>occasione</span> <span class='ocrx_word' id='word_1_295' title='bbox 1041 3507 1324 3564; x_wconf 87' lang='lat' dir='ltr'>missionis</span> <span class='ocrx_word' id='word_1_296' title='bbox 1377 3505 1727 3578; x_wconf 85' lang='lat' dir='ltr'>septuaginta</span> <span class='ocrx_word' id='word_1_297' title='bbox 1780 3504 2181 3576; x_wconf 86' lang='lat' dir='ltr'>discipulorum</span> <span class='ocrx_word' id='word_1_298' title='bbox 2236 3505 2631 3574; x_wconf 85' lang='lat' dir='ltr'>humilitatem,</span> 
     </span>
     <span class='ocr_line' id='line_1_37' title="bbox 343 3593 1132 3651; baseline -0.001 0"><span class='ocrx_word' id='word_1_299' title='bbox 343 3608 596 3651; x_wconf 88' lang='lat' dir='ltr'>amorem</span> <span class='ocrx_word' id='word_1_300' title='bbox 621 3593 998 3650; x_wconf 86' lang='lat' dir='ltr'>universalem</span> <span class='ocrx_word' id='word_1_301' title='bbox 1025 3604 1132 3650; x_wconf 90' lang='lat' dir='ltr'>etc.</span> 
     </span>
    </p>

    <p class='ocr_par' dir='ltr' id='par_1_16' title="bbox 171 3680 2638 3843">
     <span class='ocr_line' id='line_1_38' title="bbox 171 3680 2638 3754; baseline -0.002 -16"><span class='ocrx_word' id='word_1_302' title='bbox 171 3689 224 3738; x_wconf 81' lang='lat'>2.</span> <span class='ocrx_word' id='word_1_303' title='bbox 248 3684 430 3752; x_wconf 84' lang='lat' dir='ltr'>Quam</span> <span class='ocrx_word' id='word_1_304' title='bbox 459 3682 870 3738; x_wconf 87' lang='lat' dir='ltr'>institutionem</span> <span class='ocrx_word' id='word_1_305' title='bbox 909 3683 1200 3740; x_wconf 88' lang='lat' dir='ltr'>continuat</span> <span class='ocrx_word' id='word_1_306' title='bbox 1237 3683 1296 3739; x_wconf 88' lang='lat' dir='ltr'>in</span> <span class='ocrx_word' id='word_1_307' title='bbox 1335 3681 1631 3738; x_wconf 84' lang='lat' dir='ltr'>itineribus</span> <span class='ocrx_word' id='word_1_308' title='bbox 1654 3698 1687 3738; x_wconf 93' lang='lat' dir='ltr'>a</span> <span class='ocrx_word' id='word_1_309' title='bbox 1710 3681 2037 3754; x_wconf 83' lang='lat' dir='ltr'>scenopegia</span> <span class='ocrx_word' id='word_1_310' title='bbox 2064 3697 2243 3754; x_wconf 89' lang='lat' dir='ltr'>usque</span> <span class='ocrx_word' id='word_1_311' title='bbox 2278 3680 2351 3737; x_wconf 89' lang='lat' dir='ltr'>ad</span> <span class='ocrx_word' id='word_1_312' title='bbox 2378 3680 2638 3737; x_wconf 85' lang='lat' dir='ltr'>encaenia</span> 
     </span>
     <span class='ocr_line' id='line_1_39' title="bbox 345 3770 998 3843; baseline 0.002 -18"><span class='ocrx_word' id='word_1_313' title='bbox 345 3770 616 3841; x_wconf 85' lang='lat' dir='ltr'>susceptis</span> <span class='ocrx_word' id='word_1_314' title='bbox 644 3771 998 3843; x_wconf 82' lang='lat'>(12,1-13,9).</span> 
     </span>
    </p>

    <p class='ocr_par' dir='ltr' id='par_1_17' title="bbox 173 3855 2691 4277">
     <span class='ocr_line' id='line_1_40' title="bbox 173 3855 2691 3931; baseline -0.001 -19"><span class='ocrx_word' id='word_1_315' title='bbox 173 3859 329 3914; x_wconf 76' lang='lat' dir='ltr'>3..1n</span> <span class='ocrx_word' id='word_1_316' title='bbox 372 3858 912 3930; x_wconf 86' lang='lat' dir='ltr'>peregrinationibus</span> <span class='ocrx_word' id='word_1_317' title='bbox 956 3866 1084 3931; x_wconf 87' lang='lat' dir='ltr'>post</span> <span class='ocrx_word' id='word_1_318' title='bbox 1131 3857 1391 3914; x_wconf 88' lang='lat' dir='ltr'>encaenia</span> <span class='ocrx_word' id='word_1_319' title='bbox 1437 3873 1536 3930; x_wconf 89' lang='lat' dir='ltr'>per</span> <span class='ocrx_word' id='word_1_320' title='bbox 1573 3861 1840 3914; x_wconf 86' lang='lat' dir='ltr'>Peraeam</span> <span class='ocrx_word' id='word_1_321' title='bbox 1882 3857 2043 3913; x_wconf 77' lang='lat' dir='ltr'>factis</span> <span class='ocrx_word' id='word_1_322' title='bbox 2082 3866 2273 3913; x_wconf 85' lang='lat' dir='ltr'>contra</span> <span class='ocrx_word' id='word_1_323' title='bbox 2317 3855 2641 3911; x_wconf 85' lang='lat' dir='ltr'>Pharisaeos</span> <span class='ocrx_word' id='word_1_324' title='bbox 2679 3861 2691 3880; x_wconf 81' lang='lat'>⁸</span> 
     </span>
     <span class='ocr_line' id='line_1_41' title="bbox 347 3943 2641 4018; baseline -0.003 -16"><span class='ocrx_word' id='word_1_325' title='bbox 347 3948 674 4018; x_wconf 85' lang='lat' dir='ltr'>plerumque</span> <span class='ocrx_word' id='word_1_326' title='bbox 715 3945 1004 4018; x_wconf 88' lang='lat' dir='ltr'>disputans</span> <span class='ocrx_word' id='word_1_327' title='bbox 1049 3962 1245 4002; x_wconf 90' lang='lat' dir='ltr'>eorum</span> <span class='ocrx_word' id='word_1_328' title='bbox 1293 3946 1653 4002; x_wconf 85' lang='lat' dir='ltr'>reiectionem</span> <span class='ocrx_word' id='word_1_329' title='bbox 1685 3953 1742 4000; x_wconf 91' lang='lat' dir='ltr'>et</span> <span class='ocrx_word' id='word_1_330' title='bbox 1770 3947 2022 4018; x_wconf 89' lang='lat' dir='ltr'>gentium</span> <span class='ocrx_word' id='word_1_331' title='bbox 2062 3944 2409 4000; x_wconf 88' lang='lat' dir='ltr'>vocationem</span> <span class='ocrx_word' id='word_1_332' title='bbox 2436 3943 2641 3999; x_wconf 87' lang='lat' dir='ltr'>elarius</span> 
     </span>
     <span class='ocr_line' id='line_1_42' title="bbox 347 4031 2639 4106; baseline -0.002 -16"><span class='ocrx_word' id='word_1_333' title='bbox 347 4035 666 4102; x_wconf 84' lang='lat' dir='ltr'>annuntiat3</span> <span class='ocrx_word' id='word_1_334' title='bbox 696 4033 767 4090; x_wconf 88' lang='lat' dir='ltr'>de</span> <span class='ocrx_word' id='word_1_335' title='bbox 788 4034 982 4090; x_wconf 88' lang='lat' dir='ltr'>eadem</span> <span class='ocrx_word' id='word_1_336' title='bbox 1009 4034 1300 4090; x_wconf 85' lang='lat' dir='ltr'>vocatione</span> <span class='ocrx_word' id='word_1_337' title='bbox 1329 4034 1496 4090; x_wconf 89' lang='lat' dir='ltr'>etiam</span> <span class='ocrx_word' id='word_1_338' title='bbox 1521 4035 1820 4106; x_wconf 85' lang='lat' dir='ltr'>pleraeque</span> <span class='ocrx_word' id='word_1_339' title='bbox 1844 4031 2145 4105; x_wconf 88' lang='lat' dir='ltr'>parabolae</span> <span class='ocrx_word' id='word_1_340' title='bbox 2171 4039 2341 4102; x_wconf 87' lang='lat' dir='ltr'>agunt</span> <span class='ocrx_word' id='word_1_341' title='bbox 2370 4032 2475 4084; x_wconf 88' lang='lat' dir='ltr'>isto</span> <span class='ocrx_word' id='word_1_342' title='bbox 2502 4039 2639 4086; x_wconf 89' lang='lat' dir='ltr'>tem-</span> 
     </span>
     <span class='ocr_line' id='line_1_43' title="bbox 348 4121 2639 4194; baseline -0.003 -16"><span class='ocrx_word' id='word_1_343' title='bbox 348 4137 481 4194; x_wconf 89' lang='lat' dir='ltr'>pore</span> <span class='ocrx_word' id='word_1_344' title='bbox 511 4123 824 4194; x_wconf 90' lang='lat' dir='ltr'>propositae</span> <span class='ocrx_word' id='word_1_345' title='bbox 853 4122 923 4177; x_wconf 90' lang='lat' dir='ltr'>de</span> <span class='ocrx_word' id='word_1_346' title='bbox 952 4137 1124 4194; x_wconf 89' lang='lat' dir='ltr'>grano</span> <span class='ocrx_word' id='word_1_347' title='bbox 1154 4121 1389 4193; x_wconf 76' lang='lat' dir='ltr'>sinapiS,</span> <span class='ocrx_word' id='word_1_348' title='bbox 1417 4121 1486 4177; x_wconf 90' lang='lat' dir='ltr'>de</span> <span class='ocrx_word' id='word_1_349' title='bbox 1515 4122 1771 4193; x_wconf 87' lang='lat' dir='ltr'>ingressu</span> <span class='ocrx_word' id='word_1_350' title='bbox 1810 4135 1909 4190; x_wconf 87' lang='lat' dir='ltr'>per</span> <span class='ocrx_word' id='word_1_351' title='bbox 1937 4126 2234 4190; x_wconf 87' lang='lat' dir='ltr'>angustam</span> <span class='ocrx_word' id='word_1_352' title='bbox 2274 4127 2493 4188; x_wconf 86' lang='lat' dir='ltr'>portam</span> <span class='ocrx_word' id='word_1_353' title='bbox 2533 4127 2639 4172; x_wconf 88' lang='lat' dir='ltr'>etc.</span> 
     </span>
     <span class='ocr_line' id='line_1_44' title="bbox 353 4214 778 4277; baseline 0 -13"><span class='ocrx_word' id='word_1_354' title='bbox 353 4214 778 4277; x_wconf 57' lang='grc' dir='ltr'>(ωηο-ΠΛΟ).</span> 
     </span>
    </p>

    <p class='ocr_par' dir='ltr' id='par_1_18' title="bbox 179 4291 2645 4718">
     <span class='ocr_line' id='line_1_45' title="bbox 179 4291 2641 4371; baseline -0 -23"><span class='ocrx_word' id='word_1_355' title='bbox 179 4302 238 4348; x_wconf 85' lang='grc'>4.</span> <span class='ocrx_word' id='word_1_356' title='bbox 274 4297 332 4352; x_wconf 89' lang='lat' dir='ltr'>ln</span> <span class='ocrx_word' id='word_1_357' title='bbox 355 4297 551 4354; x_wconf 89' lang='lat' dir='ltr'>ultimo</span> <span class='ocrx_word' id='word_1_358' title='bbox 584 4313 686 4354; x_wconf 89' lang='lat' dir='ltr'>suo</span> <span class='ocrx_word' id='word_1_359' title='bbox 723 4298 922 4353; x_wconf 89' lang='lat' dir='ltr'>itinere</span> <span class='ocrx_word' id='word_1_360' title='bbox 949 4297 1404 4371; x_wconf 84' lang='lat' dir='ltr'>ierosolymitano</span> <span class='ocrx_word' id='word_1_361' title='bbox 1434 4297 1605 4353; x_wconf 87' lang='lat' dir='ltr'>etiam</span> <span class='ocrx_word' id='word_1_362' title='bbox 1629 4295 1881 4369; x_wconf 86' lang='lat' dir='ltr'>gentium</span> <span class='ocrx_word' id='word_1_363' title='bbox 1910 4291 2260 4348; x_wconf 88' lang='lat' dir='ltr'>vocationem</span> <span class='ocrx_word' id='word_1_364' title='bbox 2290 4291 2515 4363; x_wconf 88' lang='lat' dir='ltr'>quidem</span> <span class='ocrx_word' id='word_1_365' title='bbox 2538 4291 2641 4347; x_wconf 89' lang='lat' dir='ltr'>do-</span> 
     </span>
     <span class='ocr_line' id='line_1_46' title="bbox 353 4379 2639 4457; baseline -0.003 -17"><span class='ocrx_word' id='word_1_366' title='bbox 353 4394 462 4454; x_wconf 84' lang='lat' dir='ltr'>cet,</span> <span class='ocrx_word' id='word_1_367' title='bbox 489 4385 587 4442; x_wconf 88' lang='lat' dir='ltr'>sed</span> <span class='ocrx_word' id='word_1_368' title='bbox 619 4384 914 4457; x_wconf 89' lang='lat' dir='ltr'>praecipue</span> <span class='ocrx_word' id='word_1_369' title='bbox 947 4384 1252 4456; x_wconf 88' lang='lat' dir='ltr'>discipulos</span> <span class='ocrx_word' id='word_1_370' title='bbox 1285 4379 1413 4440; x_wconf 87' lang='lat' dir='ltr'>suos</span> <span class='ocrx_word' id='word_1_371' title='bbox 1447 4385 1516 4440; x_wconf 90' lang='lat' dir='ltr'>ad</span> <span class='ocrx_word' id='word_1_372' title='bbox 1554 4383 1923 4456; x_wconf 86' lang='lat' dir='ltr'>vigilantiam,</span> <span class='ocrx_word' id='word_1_373' title='bbox 1948 4379 2273 4435; x_wconf 86' lang='lat' dir='ltr'>continuam</span> <span class='ocrx_word' id='word_1_374' title='bbox 2305 4380 2639 4446; x_wconf 88' lang='lat' dir='ltr'>orationem,</span> 
     </span>
     <span class='ocr_line' id='line_1_47' title="bbox 357 4465 2643 4544; baseline -0.003 -16"><span class='ocrx_word' id='word_1_375' title='bbox 357 4472 742 4543; x_wconf 88' lang='lat' dir='ltr'>humilitatem,</span> <span class='ocrx_word' id='word_1_376' title='bbox 763 4473 1132 4529; x_wconf 88' lang='lat' dir='ltr'>voluntariam</span> <span class='ocrx_word' id='word_1_377' title='bbox 1153 4481 1538 4544; x_wconf 88' lang='lat' dir='ltr'>paupertatem</span> <span class='ocrx_word' id='word_1_378' title='bbox 1561 4472 1907 4537; x_wconf 79' lang='lat' dir='ltr'>exhortatur,</span> <span class='ocrx_word' id='word_1_379' title='bbox 1927 4476 2094 4538; x_wconf 89' lang='lat' dir='ltr'>atque</span> <span class='ocrx_word' id='word_1_380' title='bbox 2110 4465 2337 4522; x_wconf 89' lang='lat' dir='ltr'>demum</span> <span class='ocrx_word' id='word_1_381' title='bbox 2356 4468 2643 4522; x_wconf 86' lang='lat' dir='ltr'>sanatione</span> 
     </span>
     <span class='ocr_line' id='line_1_48' title="bbox 355 4553 2645 4626; baseline -0.004 -9"><span class='ocrx_word' id='word_1_382' title='bbox 355 4563 500 4618; x_wconf 89' lang='lat' dir='ltr'>caeci</span> <span class='ocrx_word' id='word_1_383' title='bbox 523 4577 652 4617; x_wconf 90' lang='lat' dir='ltr'>eum</span> <span class='ocrx_word' id='word_1_384' title='bbox 677 4563 828 4617; x_wconf 87' lang='lat' dir='ltr'>velut</span> <span class='ocrx_word' id='word_1_385' title='bbox 857 4561 1114 4617; x_wconf 87' lang='lat' dir='ltr'>Messiam</span> <span class='ocrx_word' id='word_1_386' title='bbox 1152 4561 1462 4616; x_wconf 88' lang='lat' dir='ltr'>invocantis</span> <span class='ocrx_word' id='word_1_387' title='bbox 1502 4569 1559 4616; x_wconf 93' lang='lat' dir='ltr'>et</span> <span class='ocrx_word' id='word_1_388' title='bbox 1596 4559 1956 4616; x_wconf 89' lang='lat' dir='ltr'>conversione</span> <span class='ocrx_word' id='word_1_389' title='bbox 2002 4554 2237 4611; x_wconf 88' lang='lat' dir='ltr'>Zachaei</span> <span class='ocrx_word' id='word_1_390' title='bbox 2280 4553 2557 4626; x_wconf 87' lang='lat' dir='ltr'>publicani</span> <span class='ocrx_word' id='word_1_391' title='bbox 2586 4569 2645 4609; x_wconf 87' lang='lat' dir='ltr'>se</span> 
     </span>
     <span class='ocr_line' id='line_1_49' title="bbox 357 4647 1924 4718; baseline -0.003 -14"><span class='ocrx_word' id='word_1_392' title='bbox 357 4648 424 4704; x_wconf 88' lang='lat' dir='ltr'>ad</span> <span class='ocrx_word' id='word_1_393' title='bbox 452 4665 646 4706; x_wconf 87' lang='lat' dir='ltr'>omnes</span> <span class='ocrx_word' id='word_1_394' title='bbox 671 4647 967 4704; x_wconf 88' lang='lat' dir='ltr'>salvandos</span> <span class='ocrx_word' id='word_1_395' title='bbox 995 4648 1210 4704; x_wconf 88' lang='lat' dir='ltr'>venisse</span> <span class='ocrx_word' id='word_1_396' title='bbox 1240 4649 1484 4704; x_wconf 89' lang='lat' dir='ltr'>ostendit</span> <span class='ocrx_word' id='word_1_397' title='bbox 1509 4647 1924 4718; x_wconf 56' lang='lat' dir='ltr'>(nni-1937).</span> 
     </span>
    </p>
   </div>
  </div>
 </body>
</html>
