3050 5184
402 330 485 391 88
566 342 720 388 ms'r.
758 342 1095 388 VERSIONUM
1123 341 1183 385 U.
1216 342 1275 384 ‘1⁸.
1308 356 1387 365 --
1414 338 1548 382 CAP.
1579 337 1676 381 111.
1711 336 1786 381 DE
1816 334 2064 380 GRAECIS
2091 334 2229 379 VET.
2265 331 2435 376 TEsT.
2469 321 2874 372 VERSIONIBUS.

405 475 551 530 inter
596 474 696 531 lias
743 473 1055 544 provinciae
1094 470 1471 543 palaestinos
1513 467 1734 525 codices
1777 468 2056 539 legerent,
2101 480 2242 537 quos
2271 463 2340 520 ab
2383 458 2607 532 Origine
2651 454 2950 513 elaboratos

406 561 673 618 Eusebius
701 570 758 616 et
782 560 1102 631 Pamphilus
1132 558 1519 629 vulgaverant,
1547 564 1810 627 totusque
1839 554 1990 610 orbis
2023 554 2290 625 (graecus)
2321 552 2426 605 hac
2469 548 2617 603 iuter
2655 558 2718 599 se
2754 540 2950 597 trifaria

408 652 673 708 varietate
698 655 1103 721 compugnaret
1133 667 1157 699 ι
1191 650 1267 714 (S.
1298 646 1468 703 Hier.
1500 642 1686 702 Praei.
1734 652 1784 702 1.
1825 642 1885 699 in
1911 641 2140 711 Paral.).
2177 638 2456 711 Quoniam
2485 636 2553 695 ab
2591 650 2664 694 eo
2706 644 2946 705 tempore

407 740 608 797 Graeci
633 745 851 794 textum
876 751 1041 793 suum
1068 735 1227 791 novis
1255 734 1463 791 criticis
1492 734 1638 791 curis
1661 748 1776 787 non
1802 737 2207 793 retractarunt,
2241 744 2272 784 a
2300 726 2478 783 tribus
2501 726 2586 781 his
2617 721 2946 781 recensioni·
3012 744 3013 747 ¹

408 829 513 886 bus
537 823 856 898 dependent
894 839 1089 879 omnes
1120 824 1337 879 codices
1374 820 1728 893 superstites,
1769 820 1898 875 licet
1936 817 2124 875 nullus
2151 832 2322 873 unam
2359 830 2426 871 ex
2466 814 2544 871 eis
2578 827 2789 885 puram
2819 825 2945 865 con-

406 930 652 973 servasse
686 912 956 969 videatur.
996 942 1068 952 —
1098 909 1501 982 Quadringenti
1531 908 1754 965 circiter
1794 906 2012 963 codices
2049 904 2216 963 hodie
2253 902 2461 975 cogniti
2503 909 2671 967 sunt,
2721 897 2826 955 sed
2864 896 2946 951 vix

410 1004 605 1061 decem
646 1010 829 1057 totum
882 1000 1055 1055 Vetus
1104 1002 1254 1055 Test.
1305 999 1620 1065 continent3
1672 996 2072 1068 quinquaginta
2120 992 2366 1049 unciales
2413 990 2640 1046 saeculo
2695 994 2784 1044 10.
2835 994 2950 1041 sunt

411 1090 780 1162 antiquioreS‚
836 1089 979 1143 inter
1030 1102 1171 1159 quos
1214 1086 1382 1143 iidem
1428 1086 1509 1141 illi
1537 1092 1778 1157 quatuor
1827 1082 2101 1149 eminent,
2157 1081 2252 1152 qui
2303 1076 2584 1150 praecipui
2633 1084 2771 1131 sunt
2823 1072 2950 1129 Novi

408 1182 558 1235 Test.
606 1186 773 1234 testes
814 1176 861 1251 (5
902 1184 955 1233 6.
1005 1180 1089 1244 4);
1140 1175 1469 1247 antiquitate
1513 1182 1705 1229 tamen
1748 1187 1845 1228 eos
1889 1178 2114 1242 superat
2163 1169 2536 1241 fragmentum
2589 1176 2950 1237 papyraceum
3012 1202 3013 1207 1

410 1268 624 1339 aliquos
650 1266 899 1322 Psalmos
924 1264 1242 1333 continens,
1276 1261 1429 1335 quod
1454 1261 1599 1319 forte
1625 1261 1747 1332 ipso
1776 1275 1921 1317 saec.
1957 1266 2010 1315 3.
2042 1266 2127 1313 est
2155 1256 2462 1328 antiquius.

488 1434 547 1491 4.
580 1466 658 1476 —-
693 1432 865 1494 Saec.
914 1434 1010 1494 16.
1051 1433 1222 1511 typis
1262 1430 1537 1493 describi
1581 1436 1806 1510 coepta
1852 1435 1949 1492 est
1987 1432 2226 1505 versi0‚
2259 1435 2446 1508 atque
2492 1432 2776 1506 quatuor
2819 1426 2948 1483 sunt

409 1527 720 1589 editiones
739 1530 1114 1608 praecipuae
1132 1575 1145 1601 ‚
1170 1547 1206 1588 a
1226 1529 1453 1606 quibus
1484 1528 1827 1589 modernae
1857 1545 2078 1589 omnes
2099 1528 2482 1598 derivantur,
2507 1524 2944 1601 complutensis,

406 1624 655 1698 aldina,
677 1626 912 1687 sixtina
932 1644 981 1685 S.
1006 1625 1307 1699 vaticana,
1333 1625 1654 1702 qrabiana.

476 1748 777 1817 Postquam
800 1762 947 1803 saec.
976 1752 1061 1802 15.
1089 1747 1419 1802 Psalterium
1449 1762 1712 1819 graecum
1735 1748 1850 1803 iam
1871 1756 1958 1802 ter
1983 1745 2302 1813 (Mediolani
2342 1752 2498 1802 1481.
2531 1748 2666 1812 etc.)
2695 1742 2840 1817 typis
2866 1738 2944 1794 de·

406 1834 671 1905 scriptum
702 1844 839 1901 erat,
867 1835 1030 1890 Card.
1058 1835 1329 1890 Ximenez
1350 1835 1564 1906 primus
1583 1834 1859 1906 integram
1883 1835 2192 1891 versionem
2221 1850 2274 1890 a.
2306 1839 2462 1890 1517.
2495 1831 2674 1888 edidit
2703 1831 2765 1886 in
2787 1832 2944 1886 Com-

404 1921 776 1992 plutensibus
815 1922 1139 1994 Polyglottis
1178 1938 1245 1978 ex
1287 1921 1505 1981 duobus
1547 1921 1831 1978 codicibus
1869 1922 2197 1979 minusculis
2244 1922 2463 1989 (Holm.
2515 1926 2638 1977 108.
2669 1920 2827 1985 248),’
2863 1912 2944 1985 qui

408 2017 621 2064 textum
653 2008 911 2065 hebraico
942 2007 1102 2065 valde
1140 2009 1382 2065 vicinum
1411 2008 1814 2077 exhibuerunt;
1849 2010 2115 2081 repetitus
2143 2018 2225 2065 est
2257 2008 2406 2065 idem
2438 2017 2624 2065 textus
2651 2008 2716 2063 in
2743 2001 2943 2075 Polygl.

407 2104 676 2167 antwerp.
699 2105 755 2152 et
779 2096 1063 2167 parisiens,
1088 2096 1224 2152 etin
1250 2098 1532 2153 nonnullis
1556 2096 1890 2153 editionibus
1915 2097 2130 2168 hispan.
2161 2112 2304 2153 saec.
2340 2102 2424 2152 16.
2457 2105 2514 2152 et
2538 2094 2786 2151 ineuntis
2812 2102 2940 2147 saec·

408 2190 497 2240 17.
523 2214 595 2225 —
616 2183 916 2240 Aldinum
936 2193 1151 2240 textum
1176 2185 1440 2250 (venetiis
1472 2189 1654 2252 1518.)
1677 2185 1842 2254 priori
1871 2184 2018 2239 haud
2041 2186 2278 2240 multum
2297 2183 2621 2240 dissimilem
2647 2200 2718 2239 ex
2741 2178 2944 2237 duobus

406 2272 729 2327 minusculis
767 2272 977 2328 venetis
1006 2271 1221 2338 (Holm.
1262 2277 1349 2327 29.
1390 2278 1533 2339 122.)
1574 2272 1834 2328 haustum
1870 2280 2316 2328 transumserunt
2350 2274 2650 2344 pleraeque
2691 2268 2944 2327 editiones

405 2360 757 2430 germanicae
794 2375 938 2417 saec.
976 2366 1061 2416 16.
1102 2368 1159 2415 ct
1200 2366 1283 2416 17.
1316 2392 1385 2399 —
1412 2364 1486 2415 At
1522 2376 1574 2416 a.
1621 2366 1776 2415 1587.
1811 2359 2016 2431 prodiit
2042 2360 2136 2415 illa
2167 2359 2354 2429 editio,
2387 2375 2529 2431 quae
2568 2358 2740 2415 hodie
2777 2353 2942 2411 adhue.

403 2446 704 2517 primatum
743 2455 919 2516 tenet3
955 2448 1205 2503 Siaetz'na
1239 2456 1484 2513 vocatur,
1518 2448 1649 2519 quia
1677 2448 1814 2503 Sixti
1849 2448 1916 2503 V.
1953 2448 2282 2503 auctoritate
2309 2447 2367 2502 in
2395 2447 2576 2503 lucem
2607 2456 2696 2503 est
2724 2445 2937 2501 emissa.

394 2535 714 2600 vaticana,
748 2535 877 2605 quia
905 2544 1159 2591 accurate
1182 2535 1431 2606 sequitur
1453 2535 1879 2592 celeberrimum
1905 2534 2153 2591 codicem
2184 2535 2496 2590 vaticanum
2521 2534 2633 2606 (B.)
2663 2547 2840 2603 eoque
2861 2528 2938 2583 de·
3012 2596 3013 2601 η

405 2621 625 2677 ficiente
654 2622 887 2678 alterum
913 2623 1191 2679 uncialem
1224 2623 1455 2679 minoris
1492 2622 1717 2694 quidem
1740 2622 2103 2678 auctoritatis
2129 2620 2228 2677 sed
2255 2623 2390 2678 satis
2419 2622 2652 2677 bonum.
2683 2620 2937 2679 Sixtinum

406 2718 619 2765 textum
660 2720 987 2783 receperunt
1030 2711 1327 2783 pleraeque
1373 2710 1647 2767 editiones
1693 2711 2026 2766 recentiores
2066 2719 2122 2765 et
2165 2710 2578 2765 recentissimae
2607 2712 2779 2777 (inter
2819 2718 2936 2777 quas

404 2799 471 2851 L.
502 2813 607 2853 van
632 2799 733 2853 Ess
760 2798 975 2870 Lipsiae
1004 2806 1159 2859 1834.
1185 2807 1241 2855 et
1268 2804 1403 2855 1887
1412 2842 1451 2865 .,
1475 2802 1519 2854 Ι.
1545 2801 1614 2855 Ν.
1640 2801 1800 2870 lager
1829 2798 2048 2855 Parisiis
2072 2803 2251 2865 1839„
2282 2798 2616 2853 oxoniensis
2646 2802 2830 2857 1848„
2857 2790 2936 2845 Τῖ-

404 2884 709 2941 scheudorl'
728 2886 949 2958 Lipsiae
980 2892 1134 2943 1850.
1169 2884 1271 2960 Ed.
1304 2893 1359 2942 6.
1395 2893 1551 2943 1880.
1573 2928 1586 2951 ,
1622 2886 1740 2941 Val.
1774 2885 1928 2940 Loeli
1959 2885 2296 2941 Ratisbonae
2329 2892 2482 2941 1860.
2519 2891 2680 2942 1887.
2712 2888 2936 2949 etc.).—-

404 2973 505 3028 Uti
527 2975 839 3029 vaticanum
862 2974 1047 3030 Sixtus
1069 2975 1162 3041 V.‚
1184 2975 1259 3029 ita
1282 2978 1331 3029 I.
1360 2977 1425 3031 Ε.
1454 2975 1658 3029 Grabe
1678 2974 2144 3030 alexandrinum
2169 2976 2280 3040 (A.)
2299 2972 2548 3029 codicem
2576 2971 2818 3029 reddidit
2839 2980 2936 3023 non

403 3060 591 3131 paucis
617 3061 739 3116 aliis
766 3061 1093 3117 lectionibus
1122 3061 1414 3117 arbitrario
1439 3062 1682 3133 quodam
1709 3060 1875 3117 modo
1899 3061 2122 3116 insertis
2145 3060 2366 3128 (oxonii
2397 3066 2606 3129 1707.);
2637 3074 2810 3133 quare
2835 3068 2932 3110 non

404 3148 565 3204 multi
591 3147 741 3204 hunc
768 3157 981 3204 textum
1010 3150 1377 3219 repetierunt,
1404 3148 1551 3204 inter
1580 3148 1986 3206 recentissimos
2013 3150 2104 3204 Fr.
2137 3146 2294 3204 Field
2317 3146 2539 3215 (Oxonii
2570 3152 2776 3215 1859.).

480 3326 539 3382 5.
574 3325 847 3383 —Inter
876 3323 1188 3384 editiones
1232 3325 1460 3385 sixtina
1499 3325 1760 3402 quidem
1802 3326 2074 3397 eminet,
2111 3325 2221 3385 sed
2253 3342 2330 3385 ex
2367 3342 2492 3385 uno
2533 3326 2666 3385 sere
2695 3321 2928 3385 codice,

402 3420 550 3478 licet
577 3419 819 3496 optimo
842 3466 855 3493 ‚
886 3420 1107 3480 hausta
1136 3422 1483 3497 genuinum
1514 3426 1756 3481 textum
1785 3424 2078 3480 accurate
2110 3421 2405 3481 exhibere
2437 3438 2562 3481 non
2592 3420 2819 3499 potuit.
2853 3410 2931 3473 Ad

402 3531 593 3592 quem
638 3516 1099 3577 restituendum
1140 3534 1175 3576 a
1222 3518 1412 3576 variis
1460 3524 1788 3595 apparatus
1829 3522 2077 3576 criticus
2120 3535 2197 3577 ex
2234 3516 2588 3591 codicibuS,
2641 3508 2930 3578 versioni-

399 3610 551 3684 buS‚
588 3612 841 3671 Patrum
880 3612 1363 3689 allegationibus
1406 3614 1618 3691 colligi
1649 3618 1908 3691 coeptus
1947 3618 2074 3687 est;
2108 3618 2297 3691 atque
2338 3630 2413 3673 eo
2453 3613 2728 3673 tendunt
2765 3604 2932 3671 hodie

398 3704 677 3766 virorum
718 3708 1085 3767 criticorum
1132 3708 1408 3781 laboreS‚
1446 3714 1511 3769 ut
1556 3712 1683 3769 tres
1729 3710 2016 3785 antiquas
2064 3710 2462 3769 recensiones
2493 3708 2928 3788 (hexaplarem.

402 3803 790 3875 lucianeam‚
841 3803 1309 3883 hesychianam)
1358 3809 1576 3866 exacte
1626 3805 2048 3883 distinguant;
2098 3806 2329 3883 quibus
2378 3806 2650 3883 cognitis
2701 3812 2930 3883 sperare

406 3899 557 3958 licet
594 3900 757 3972 fore,
796 3904 866 3960 ut
894 3901 973 3960 ad
1014 3901 1187 3961 illam
1233 3904 1658 3980 perveniatur,
1702 3920 1862 3980 quae
1901 3902 2162 3979 Aquilae
2201 3902 2491 3962 versione
2530 3900 2841 3980 antiquior
2865 3888 2930 3950 ad

406 3999 649 4056 textum
675 3997 753 4056 ab
784 3997 1103 4075 Apostolis
1133 3998 1494 4060 adhibitum
1521 3999 1804 4075 proxime
1835 3998 2096 4058 accedit.

476 4116 576 4172 Uti
602 4116 843 4173 Sixtinae
874 4125 929 4172 et
951 4118 1280 4183 Grabianae,
1312 4118 1388 4174 ita
1418 4119 1697 4190 plerisque
1732 4118 2036 4174 iunioribus
2063 4116 2396 4175 editionibus
2424 4120 2656 4176 varietas
2680 4110 2926 4193 quaedam

406 4202 703 4260 lectionum
730 4203 917 4261 addita
954 4214 1064 4274 est3
1097 4206 1313 4277 plenior
1340 4215 1526 4261 autem
1571 4215 1870 4277 apparatus
1905 4206 2130 4261 criticus
2159 4216 2392 4263 exeunte
2422 4223 2567 4263 saec.
2603 4212 2687 4263 18.
2721 4210 2926 4267 compa·

406 4300 556 4347 ratus
585 4301 669 4347 est
695 4310 725 4348 a
756 4296 818 4349 R.
853 4293 1090 4349 Holmes
1120 4303 1176 4348 et
1204 4297 1253 4349 I.
1284 4298 1548 4350 Parsons
1572 4296 1658 4361 (V.
1677 4296 1741 4348 T.
1764 4308 1960 4366 graece
1989 4309 2116 4349 cum
2149 4294 2310 4349 variis
2339 4295 2464 4349 lect.
2499 4294 2588 4351 ed.
2629 4292 2770 4351 Rob.
2803 4280 2924 4342 Hol-

404 4394 541 4434 mes.
570 4381 615 4435 Ι.
642 4380 843 4436 Oxonii
874 4388 1252 4447 1798.-1806.;
1284 4383 1455 4437 11.·V.
1482 4382 1571 4437 ed.
1608 4381 1651 4437 Ι.
1682 4384 1935 4436 ParsonS.
1977 4382 2374 4451 1810.-1827.),
2409 4382 2503 4453 qui
2531 4390 2800 4438 trecentos
2827 4372 2923 4428 sere

403 4465 639 4536 codices,
665 4468 809 4523 inter
834 4484 974 4540 quos
1000 4470 1317 4541 quindecim
1345 4470 1608 4535 uncialeS,
1644 4468 1794 4525 hunc
1822 4468 1880 4524 in
1908 4468 2076 4524 finem
2098 4472 2528 4540 perlustrarunt.
2552 4468 2660 4526 Sed
2681 4460 2916 4541 quoniam

404 4553 628 4609 collatio
655 4556 1155 4627 manuscriptorum
1185 4572 1379 4627 parum
1404 4554 1701 4629 diligenter
1728 4566 1811 4612 est
1839 4555 2085 4611 instituta
2104 4599 2116 4619 ,
2147 4572 2346 4627 magna
2378 4556 2470 4611 illa
2502 4556 2794 4613 lectionum
2821 4544 2918 4601 far-

402 4656 536 4713 rago
572 4657 769 4713 parum
798 4651 881 4699 est
908 4644 1084 4707 utilis;
1120 4644 1213 4715 qui
1252 4659 1383 4699 vero
1414 4660 1481 4699 ex
1516 4644 1611 4699 illa
1651 4644 1908 4699 sixtinam
1950 4644 2252 4699 editionem
2293 4644 2592 4700 emendare
2630 4636 2912 4699 voluerunt·
