3050 5184
658 366 734 410 ΒΕ
770 367 1058 412 Errsrous
1096 368 1175 411 An
1218 367 1421 412 naues.
1466 367 1542 412 nr
1587 365 1996 412 cotossausus
2477 348 2592 409 565

114 491 292 559 Quibus
323 494 715 564 respondemus
742 502 831 566 a.)
866 499 1283 555 similitudinem
1316 498 1386 555 ab
1416 496 1746 556 adversariis
1781 498 2130 570 exaggerari3
2161 513 2294 554 nam
2322 511 2435 552 non
2467 504 2594 550 tan-

114 586 211 634 tum
252 592 564 653 argumento
610 584 921 657 dogmatico
967 586 1065 642 sed
1106 587 1275 642 etiam
1320 585 1745 659 argumentandi
1787 586 2006 640 ratione
2057 600 2280 653 prorsus
2312 582 2596 640 ‚differunt

114 668 293 736 priores
314 671 664 742 epistolarum
686 682 871 744 partes
906 684 1073 746 atque
1102 675 1218 730 sola
1242 674 1633 732 vocabulorum
1660 673 2056 729 nonnullorum
2086 672 2413 744 repetitione
2449 670 2594 724 simi-

113 753 260 810 litudo
294 757 561 828 quaedam
596 759 851 818 efficitur.
893 762 970 830 b.)
1011 762 1191 818 Maior
1223 760 1445 833 quidem
1492 770 1576 818 est
1615 761 1676 816 in
1723 761 1949 816 monitis
1995 759 2234 816 affinitas
2275 756 2597 831 praesertim

113 840 171 896 ad
192 843 460 916 coniuges,
492 856 751 918 parentes
781 849 1065 921 filiosque,
1102 865 1294 906 servos
1326 858 1383 904 et
1407 849 1700 916 dominon
1731 847 1828 904 sed
1867 848 2000 904 satis
2028 862 2230 919 magna
2268 859 2488 918 quoque
2513 852 2598 899 est

112 928 413 1002 differentia,
460 949 565 989 nee
607 936 899 1008 quisquam
939 936 1181 1007 prudens
1230 953 1317 992 ex.
1357 951 1438 1008 gr.
1492 935 1786 992 duodecim
1833 951 2024 991 versus
2065 942 2288 990 nostrae
2334 932 2598 1004 epistolae

113 1015 339 1087 (5‚22-33)
365 1018 655 1078 verbosam
682 1024 1290 1094 repetitionemmoniti
1317 1041 1403 1096 ep.
1431 1013 1503 1079 ad
1529 1025 1736 1079 ColosS.
1763 1029 1908 1090 3,18.
1939 1027 2024 1078 19.
2055 1020 2410 1092 nuncupabit.
2442 1018 2598 1076 Simi-

112 1103 367 1162 litudinem
399 1109 567 1181 igitur
604 1111 845 1181 aliquam
886 1111 1078 1168 adesse
1117 1112 1386 1181 fatemur,
1424 1109 1523 1167 sed
1559 1127 1683 1167 eam
1729 1110 1950 1166 abunde
1993 1109 2253 1181 explicari
2309 1105 2599 1164 contendi-

112 1207 227 1260 mus,
252 1196 295 1250 si
321 1196 579 1266 epistolae
598 1196 678 1264 (id
700 1197 850 1270 quod
866 1199 1090 1256 aliunde
1114 1205 1353 1266 constat)
1368 1197 1567 1254 iisdem
1593 1198 1707 1254 l'ere
1725 1197 1922 1254 diebus
1939 1199 2174 1269 scriptae
2197 1195 2596 1252 conceduntur.

164 1281 413 1353 Reliquae
454 1283 789 1342 obiectiones
824 1302 938 1342 non
964 1288 1152 1360 magni
1188 1295 1318 1342 sunt
1354 1287 1638 1342 momenti.
1682 1285 1868 1358 Stylus
1899 1287 2031 1341 satis
2064 1285 2376 1355 implicatus
2413 1292 2469 1338 et
2505 1297 2602 1336 ru-

112 1364 227 1436 dior,
252 1370 327 1424 uti
354 1386 518 1443 supra
545 1373 657 1428 iam
685 1373 1019 1443 monuimus,
1055 1374 1407 1443 festinationi,
1440 1390 1548 1446 qua
1580 1373 1810 1444 epistola
1838 1380 2026 1429 nostra
2051 1373 2256 1443 scripta
2283 1379 2386 1439 est,
2415 1367 2603 1425 deberi

110 1453 323 1527 videtur3
355 1457 481 1520 ἅπαξ
504 1459 757 1530 λεγόμενα
787 1462 845 1516 in
880 1461 1137 1517 omnibus
1162 1462 1408 1534 epistolis
1434 1461 1570 1517 satis
1595 1469 1724 1516 sunt
1750 1458 2084 1532 frequentia.
2113 1462 2192 1516 Ea
2213 1467 2428 1525 autem,
2462 1471 2604 1528 quae

110 1539 164 1596 ab
188 1546 425 1612 Apostoli
447 1546 698 1604 doctrina
727 1557 781 1604 et
808 1549 1041 1604 docendi
1071 1549 1239 1605 modo
1268 1549 1569 1606 abhorrere
1595 1549 1872 1616 dicuntur,
1898 1547 2181 1619 interpreti
2207 1545 2598 1617 relinquimuS,

110 1629 145 1683 si
163 1631 225 1686 ad
253 1632 522 1690 eiusmodi
546 1634 979 1693 obieetiunoulas
1004 1635 1291 1694 attendere
1320 1637 1582 1693 voluerit.
1612 1637 1758 1692 Num
1785 1637 1958 1691 Paulo
1991 1651 2104 1690 non
2129 1633 2282 1689 licuit
2309 1631 2382 1689 ad
2415 1651 2444 1684 α
2471 1647 2602 1702 pru·

111 1716 327 1775 dentiam
351 1737 511 1778 suam
534 1743 587 1790 ι,
614 1724 653 1778 i.
684 1739 734 1778 e.
764 1722 834 1780 ad
852 1725 1179 1795 sapientiam
1203 1739 1357 1780 suam
1381 1740 1449 1781 ex
1473 1723 1804 1780 revelatione
1829 1731 2076 1779 exortam
2103 1736 2422 1792 provocare,
2448 1723 2602 1786 (ΒΑ),

110 1805 145 1858 si
162 1806 222 1861 ad
242 1809 606 1866 revelationes
629 1810 731 1866 sibi
758 1810 925 1867 saetas
949 1827 1249 1884 provocare
1271 1813 1449 1885 potuit
1472 1815 1527 1878 (2
1554 1813 1690 1868 Cor.
1722 1813 1840 1876 121
1873 1813 2056 1881 sqq.)?
2081 1811 2228 1864 Num
2255 1828 2280 1860 ι
2312 1807 2610 1880 Apostolos

112 1900 155 1945 et
185 1895 481 1966 Prophetas
520 1918 546 1948 ιο
594 1898 927 1972 coniungere
962 1901 1196 1971 illosque
1239 1920 1266 1952 α
1309 1909 1530 1956 sanctos
1571 1920 1596 1949 n
1643 1899 1922 1971 appellare
1963 1903 2139 1966 (2:20,
2173 1901 2285 1963 3‚5)
2316 1896 2367 1952 ei
2401 1911 2515 1950 non
2543 1893 2608 1949 li-

56 1995 63 2002 ·
112 1981 245 2037 cuit?
272 1993 377 2040 etc.

698 2137 733 2221 ἓ
771 2143 875 2202 11.
907 2175 995 2186 -
1016 2139 1113 2202 De
1136 2135 1419 2225 epistola
1444 2135 1541 2202 ad
1568 2135 1996 2203 ColossenseS.

178 2319 229 2376 1.
258 2353 332 2363 —-
358 2321 405 2379 Ι.
434 2321 723 2381 Eccmsm
752 2338 1121 2383 cotossENffls
1150 2322 1374 2382 eodem
1408 2322 1535 2404 fere
1565 2325 1849 2398 tempore
1867 2363 1881 2388 ,
1917 2337 2040 2396 quo
2066 2318 2354 2396 ephesia,
2384 2333 2512 2377 non
2534 2315 2613 2375 ab

116 2413 229 2488 ipso
267 2417 600 2493 Apost010,
638 2417 749 2478 sed
783 2419 861 2478 ab
891 2419 1207 2496 Epaphra,
1240 2423 1311 2479 ut
1336 2418 1608 2490 videtur,
1642 2433 1766 2476 uno
1806 2433 1882 2476 ex
1919 2416 2054 2476 eius
2093 2413 2455 2492 discipuliS,
2484 2413 2616 2472 fun-

116 2507 234 2569 data
260 2518 371 2572 est.
409 2515 631 2573 Paucis
670 2516 848 2576 annis
892 2517 993 2575 vix
1037 2515 1265 2594 elapsis
1305 2517 1371 2574 in
1401 2531 1538 2574 eam
1569 2515 1693 2574 iam
1727 2513 2116 2590 irrepserunt
2145 2508 2614 2590 pseudapostoli

117 2603 502 2681 iudaizantes,
546 2611 656 2686 qui
685 2628 811 2671 non
841 2615 1085 2673 tantum
1110 2611 1465 2689 neophytos
1488 2611 1567 2670 ad
1592 2610 1938 2670 mosaicam
1965 2610 2200 2686 Legem
2235 2606 2486 2684 adigere
2517 2621 2616 2666 co-

116 2703 423 2777 nabantur,
450 2706 560 2766 sed
578 2707 765 2767 simul
784 2709 1194 2784 gnosticisme
1209 2707 1653 2787 praeludentes
1673 2722 1900 2766 novam
1917 2703 2255 2782 quamdam
2270 2702 2618 2762 doctrinam

116 2797 179 2858 de
200 2802 436 2879 angelis
466 2802 709 2864 christo
737 2805 1101 2881 aequalibus
1140 2805 1585 2883 propagabant.
1633 2802 1991 2863 Periculum
2025 2803 2268 2874 autem,
2307 2797 2476 2874 quod
2513 2813 2618 2857 ec-

116 2895 319 2958 clesiae
346 2899 447 2964 illi
469 2900 875 2972 imminebat,
910 2917 1153 2963 occesro
1178 2901 1299 2960 fuit
1322 2899 1652 2977 ApostolO,
1678 2915 1800 2976 qua
1825 2898 1903 2958 ad
1928 2897 2090 2958 hanc
2113 2895 2448 2973 epistolam
2475 2893 2622 2954 scri-

116 2989 365 3055 bendam
388 2995 697 3058 adductus
722 3001 839 3058 est.

178 3090 443 3146 Colossae
483 3090 634 3147 haud
676 3092 923 3165 ignobile
964 3091 1063 3149 sed
1108 3093 1241 3149 satis
1289 3091 1548 3163 exiguum
1595 3089 1700 3146 suit
1745 3089 2016 3164 Phrygiae
2053 3087 2187 3144 Mai.
2241 3085 2508 3159 oppidum
2551 3083 2624 3140 ad

116 3173 302 3245 Lycum
330 3178 389 3234 ss.
417 3178 567 3235 haud
609 3180 775 3252 longe
806 3179 877 3236 ab
917 3180 1202 3253 Hierapoli
1240 3189 1295 3235 et
1330 3177 1605 3235 Laodicea
1643 3178 1842 3244 situm;
1887 3177 2215 3247 Apostolus,
2257 3173 2508 3246 quamvis
2541 3172 2626 3230 bis

120 3261 392 3337 Phrygiam
433 3268 775 3340 peragravit,
815 3268 1055 3324 Colossis
1092 3275 1468 3324 commoratus
1505 3282 1621 3323 non
1653 3273 1764 3332 est,
1801 3280 1928 3320 nam
1956 3264 2308 3320 colossenses
2339 3270 2397 3318 et
2421 3259 2626 3318 Laodi-

117 3363 285 3408 censes
314 3354 383 3410 iis
420 3353 776 3423 adnumerat,
828 3376 853 3408 α
890 3357 985 3426 qui
1021 3373 1135 3412 non
1174 3355 1423 3412 viderant
1454 3353 1658 3411 faeiem
1688 3353 1806 3409 eius
1841 3353 1901 3408 in
1937 3367 2101 3407 carne
2135 3373 2162 3404 ι»
2195 3349 2346 3418 (Col.
2383 3354 2517 3419 2,1).
2543 3351 2629 3404 Eo

119 3447 284 3496 antem
318 3451 605 3514 tempore,
644 3460 755 3514 quo
791 3443 997 3516 Ephesi
1035 3443 1501 3516 praedicationem
1537 3456 1698 3498 suam
1723 3440 1894 3496 tantis
1926 3439 2214 3496 miraculis
2251 3437 2626 3501 confirmavit,

122 3545 143 3575 a
167 3537 224 3583 ut
248 3545 443 3587 omnes
470 3530 565 3602 qui
601 3530 925 3588 habitabant
964 3533 1023 3588 in
1058 3533 1220 3599 Asia,
1260 3529 1517 3587 audirent
1553 3527 1786 3585 verbum
1823 3527 1932 3584 Dei
1961 3549 1988 3580 ι
2026 3531 2181 3596 (Act.
2229 3532 2434 3596 limo),
2464 3525 2633 3580 etiam

119 3614 267 3686 aliqui
294 3619 649 3675 colossenses
685 3617 943 3675 videntur
976 3619 1143 3675 fidem
1179 3620 1483 3689 recepisse,
1520 3618 1666 3673 inter
1694 3631 1834 3687 quos
1861 3615 2158 3672 Philemon
2196 3613 2298 3682 (cfr
2338 3613 2463 3669 Col.
2504 3616 2628 3680 4,9;

116 3703 338 3760 Philem.
371 3713 439 3763 10
462 3721 548 3778 sq.
583 3711 668 3774 19)
693 3716 859 3779 atque
884 3707 1188 3778 Epaphras,
1212 3707 1305 3777 qui
1334 3707 1391 3761 in
1420 3695 1658 3776 patriam
1687 3718 1940 3759 reversus
1968 3702 2183 3758 civibus
2210 3701 2324 3756 suis
2352 3701 2528 3754 sactus
2551 3706 2636 3752 est

122 3809 143 3838 κ
176 3790 351 3850 fidelis
386 3793 645 3850 minister
681 3797 807 3851 Iesu
842 3795 1045 3851 Christi
1074 3815 1101 3846 ι
1135 3793 1286 3861 (Col.
1330 3800 1449 3862 1:13
1486 3797 1638 3859 4‚12.
1679 3797 1788 3857 13).
1819 3792 2124 3861 Plerosque
2150 3787 2460 3860 neophytos
2486 3785 2635 3840 illius

118 3880 365 3937 eeclesiae
384 3897 453 3938 ex
468 3882 701 3938 ethnicis
715 3882 945 3950 venisse,
964 3883 1197 3954 epistola
1212 3888 1400 3936 nostra
1414 3897 1517 3936 nos
1535 3878 1698 3940 docet
1718 3883 1766 3946 (1
1779 3883 1886 3944 ,25.
1907 3885 2008 3944 273
2028 3877 2199 3947 2,13);
2221 3877 2435 3946 aliquos
2447 3881 2636 3928 autem

120 3967 643 4025 Iudaeoehristianos
672 3969 864 4038 fuisse,
895 3970 1123 4026 omnino
1151 3967 1367 4024 videtur
1399 3966 1835 4036 admittendum,
1869 3965 1998 4039 quia
2035 3979 2196 4020 secus
2225 3977 2335 4017 non
2365 3959 2650 4032 intelligi-l

120 4061 217 4126 tur,
240 4055 521 4128 quomodo
545 4057 890 4112 iudaizantes
908 4057 984 4112 ihi
1004 4071 1219 4113 errores
1244 4071 1374 4112 suos
1400 4071 1663 4128 spargere
1691 4053 1990 4126 potuerint.
2020 4049 2426 4108 colossensium
2443 4057 2632 4104 tamen

120 4144 425 4202 seductores
446 4145 647 4201 diversi
670 4145 893 4201 fuerunt
915 4144 987 4200 ab
1014 4145 1124 4200 illis
1146 4143 1606 4216 pseudapostolis‚
1635 4144 1730 4213 qui
1758 4142 1896 4197 alias
1913 4139 2174 4196 eeclesias
2204 4135 2627 4207 perturbabant,

121 4229 489 4306 philosophiae
528 4234 677 4289 enim
720 4248 925 4290 nomen
967 4232 1393 4305 praetendentes
1430 4231 1753 4302 religionem
1789 4228 2114 4300 angelorum
2151 4223 2450 4290 docebant,
2494 4235 2634 4293 quos

120 4319 323 4378 Christo
364 4335 525 4392 pares
560 4320 841 4381 habebant
874 4329 933 4378 et
958 4335 1059 4392 per
1096 4336 1237 4391 quos
1270 4319 1344 4376 ad
1373 4333 1564 4373 verum
1591 4318 1800 4382 Deum,
1851 4315 1942 4384 qui
1979 4329 2084 4370 nee
2121 4312 2275 4369 cerni
2310 4325 2414 4366 nec
2441 4307 2635 4380 attingi

122 4422 213 4464 nec
232 4407 634 4480 comprehendi
662 4408 851 4479 possit,
882 4408 1194 4481 pertingere
1219 4408 1513 4462 voluerunt
1534 4409 1662 4472 (2,8.
1703 4409 1795 4469 183
1829 4408 1952 4470 1,16
1980 4404 2132 4466 ete).
2163 4403 2246 4455 Ex
2267 4398 2473 4471 paucis,
2493 4411 2635 4468 quae

122 4495 169 4549 in
194 4505 385 4554 nostra
414 4495 644 4570 epistola
674 4495 1053 4563 inveniuntur,
1090 4503 1275 4551 totum
1312 4510 1508 4550 eorum
1541 4500 1780 4563 systema
1809 4504 1922 4544 non
1954 4488 2334 4559 cognoscitur;
2367 4485 2426 4542 id
2453 4493 2640 4540 autem

123 4593 325 4640 eertum
354 4593 456 4653 est,
484 4600 581 4641 eos
597 4584 891 4656 neophytis
912 4583 1074 4640 simul
1098 4584 1264 4639 etiam
1290 4582 1435 4638 ritus
1451 4579 1726 4636 mosaicos
1751 4577 2030 4634 inculcare
2065 4575 2302 4632 voluisse
2327 4577 2503 4641 .(2,11.
2551 4577 2634 4628 14.

127 4677 201 4727 16.
232 4679 301 4740 2ο
337 4676 488 4744 etc).
527 4676 637 4729 Per
678 4671 1027 4744 Epaphram,
1072 4671 1167 4742 qui
1202 4673 1443 4725 Romam
1473 4675 1728 4734 venerat,
1761 4665 1868 4722 hoc
1893 4663 2204 4737 periculum
2231 4661 2448 4718 videtur
2475 4660 2641 4718 resci-
